4860 6180
439 265 516 344 418

439 468 590 539 condecet
603 475 638 537 et
654 469 785 554 alicam
807 476 841 540 ot
855 469 925 540 idoc
939 469 1057 540 dictam
1072 468 1199 537 domurn
1213 473 1247 538 et
1261 468 1376 538 iratres
1390 468 1424 536 in
1439 472 1580 537 ιιοιιιιιιιι
1595 470 1839 551 nostrorumque
1852 462 1992 532 omnium
2108 486 2113 569 ξ

438 587 654 639 successorum
677 574 844 660 recipimus
866 593 975 642 curam
996 579 1030 639 ct
1052 573 1220 640 tuicionem
1242 574 1419 658 specialem,
1447 591 1542 661 quarn
1571 572 1710 652 domum,
1741 567 1937 654 prepositum
1959 573 1993 635 et
2109 578 2112 595 ¹

437 670 554 741 meras
575 672 700 759 ibidem,
728 677 898 760 violenciis,
917 675 1070 744 molestiis
1091 694 1148 742 scu
1177 677 1266 761 ponis
1286 676 1431 762 nolumus
1459 673 1678 759 quoquomodo
1702 672 1873 740 subissem.
1918 670 1994 738 Pre-
2110 676 2115 765 ξ

439 780 537 858 torua
559 796 599 844 cx
621 778 816 863 plenitudino
836 781 941 865 gracie
963 786 1081 862 nostre,
1103 779 1144 846 ob
1158 798 1297 847 amorem
1318 780 1378 848 Iloi
1400 784 1434 846 ct
1455 777 1643 846 Sanctorum
1664 777 1743 858 eius,
1765 775 1806 843 ob
1820 772 1994 842 remelium

438 878 538 947 eciam
565 880 671 949 enimc
700 889 818 965 nostre,
848 889 1089 967 nostrorumque
1110 883 1249 949 omnium
1275 882 1531 967 predecessorum
1552 884 1586 946 et
1607 896 1822 946 successorum
1844 875 1885 943 ob
1909 874 1994 942 salu·

438 988 514 1064 tem,
537 982 577 1050 ob
598 985 714 1052 monta
735 986 835 1053 eciam
857 992 891 1053 ct
910 1005 1020 1070 preces
1041 985 1156 1071 prolati
1170 987 1229 1052 viri
1244 985 1362 1052 domiui
1384 982 1516 1050 ltlartiui
1530 980 1657 1049 abbatis
1670 980 1869 1065 fratrumque
1883 968 2002 1063 ipsius,

439 1084 614 1171 predictam
635 1084 763 1155 domum
786 1094 820 1155 et
840 1089 950 1156 villam
972 1090 1005 1157 in
1027 1089 1140 1157 Yeron
1162 1096 1196 1156 et
1215 1089 1295 1156 uliae
1316 1087 1408 1153 villos
1434 1086 1578 1170 superius
1606 1087 1785 1153 nominatos
1807 1090 1841 1152 ct
1861 1081 1995 1149 villanos

437 1185 580 1272 ipsarum
601 1186 794 1256 absolvimus
815 1190 993 1259 omnimode
1014 1191 1054 1258 ab
1074 1189 1219 1258 omnibus
1248 1187 1470 1255 universaliter
1498 1186 1710 1255 solucionibue
1737 1187 1877 1254 omnium
1903 1202 1995 1252 erac·

440 1289 582 1372 cicnum,
614 1287 656 1357 ab
686 1308 779 1374 equo,
811 1309 907 1360 vacca
942 1293 1089 1361 videlicet
1120 1310 1216 1376 porco
1250 1295 1284 1359 et
1317 1289 1418 1358 ariete
1453 1288 1539 1373 quod
1567 1289 1741 1375 vulgariter
1772 1305 1886 1356 narem
1918 1287 1996 1355 dici·

438 1395 543 1474 tur,a
567 1391 723 1459 citacionc
749 1393 857 1476 astri,
882 1414 904 1463 e
929 1413 993 1463 non
1019 1395 1247 1480 composicione
1268 1391 1354 1478 quod
1383 1398 1532 1475 ammae,
1554 1411 1576 1460 e
1602 1392 1698 1460 curiis
1725 1390 1811 1475 quod
1832 1389 1995 1475 podvoro-

440 1510 506 1576 ne,
527 1511 550 1561 e
575 1491 784 1579 diminucione
810 1496 893 1579 quod
921 1499 1078 1583 podimae,
1101 1499 1143 1567 eb
1170 1516 1271 1564 avena
1297 1494 1383 1580 quod
1405 1496 1568 1579 porsiczue
1590 1502 1731 1577 nooetur,
1760 1512 1781 1561 e
1809 1492 1995 1574 custoribus,

318 1615 322 1624 ·
437 1613 459 1664 a
489 1595 646 1664 conductu
687 1597 856 1666 cuiuslibet
887 1601 933 1667 rei
964 1601 1050 1686 quod
1080 1598 1221 1686 prsenod
1257 1603 1470 1682 nuncupetur,
1503 1616 1524 1665 a
1555 1596 1685 1664 strozba
1721 1594 1882 1682 cmmdief,
1919 1612 1995 1662 eron

438 1697 563 1783 pruina,
583 1697 685 1783 pobor
704 1699 835 1783 solucio,
857 1720 878 1769 e
899 1699 1072 1770 falconibus
1091 1707 1125 1769 et
1145 1720 1166 1767 a
1183 1700 1324 1785 psarske,
1351 1698 1437 1783 quod
1466 1698 1659 1783 peramplius
1685 1717 1750 1766 nou
1780 1698 1996 1782 suscipiantur

440 1817 500 1868 nee
520 1807 703 1886 pascemur,
732 1820 835 1887 neque
859 1803 1014 1887 falcones3
1046 1804 1087 1872 ab
1114 1803 1251 1889 eugenie
1276 1803 1382 1875 ,eciam
1409 1803 1604 1888 prcengariie
1633 1807 1668 1869 ot
1694 1799 1955 1870 nmedcnibus
1946 1817 1995 1867 ru·

342 1956 346 1963 .
438 1903 485 1972 rie
505 1902 705 1989 Polouicelis,
732 1914 983 1993 procuratorum,
1014 1907 1249 1990 bonoratorum,
1276 1907 1497 1988 officiatorum,
1526 1909 1723 1989 venetorum,
1749 1905 1995 1973 subvenetorum

436 2011 472 2075 et
498 2025 607 2075 eorum
635 2009 797 2092 pedaneis,
829 2009 1011 2079 officialium
1039 2017 1219 2078 nummorum
1240 2016 1275 2078 et
1308 2017 1486 2078 ceterorum
1516 2007 1784 2088 ministerialium
1815 2026 1836 2075 e
1863 2005 1996 2074 ἁιιίοιιιι

438 2110 538 2178 edam
556 2112 770 2196 quarumlibet
787 2112 996 2181 festivitatum
1017 2114 1195 2198 ubicunque
1223 2111 1309 2198 quod
1332 2111 1437 2197 godae
1464 2109 1591 2194 dicitur,
1620 2115 1653 2177 et
1680 2109 1723 2178 eb
1748 2109 1821 2177 eliis
1851 2107 1996 2176 omnibus

439 2229 627 2298 quoeunque
648 2217 775 2284 nomine
796 2214 1006 2284 comebantur
1027 2234 1156 2301 prorsus
1174 2220 1364 2283 exementas.
1408 2213 1570 2280 Monetam
1590 2230 1665 2280 vero
1683 2231 1746 2297 que
1759 2210 1854 2278 obras
1868 2210 1995 2293 dicitur,

437 2319 473 2383 et
491 2333 650 2384 annonem
672 2335 735 2402 que
756 2335 813 2402 sep
834 2324 975 2401 vocetur,
997 2324 1031 2385 et
1052 2335 1248 2385 communem
1269 2322 1355 2383 terre
1375 2315 1568 2383 solucionem
1590 2333 1654 2399 que
1667 2313 1819 2399 poradlne
1833 2331 1995 2398 nuncupe-

436 2421 501 2500 tur,
523 2416 565 2485 ed
583 2418 774 2487 instanciam
795 2419 871 2489 dicti
892 2419 1018 2488 abbatis
1039 2421 1199 2505 preposito
1219 2421 1260 2486 de
1277 2418 1391 2486 Yceov
1411 2424 1447 2486 et
1467 2417 1620 2486 iratribus
1640 2416 1758 2485 ibidem
1779 2416 1888 2485 docem
1902 2416 1994 2483 anub

437 2517 584 2588 dedimus
613 2521 776 2608 percipere
806 2522 998 2607 inconvulse,
1032 2523 1147 2609 quibua
1176 2523 1290 2590 evulsis
1316 2521 1358 2589 ad
1385 2526 1512 2588 nostroe
1541 2521 1668 2589 demam
1694 2537 1772 2587 aeus
1793 2519 1994 2604 sperabam

437 2619 502 2690 Sed
523 2624 698 2692 stacionem
719 2624 753 2692 in
776 2624 889 2693 Yeeon
910 2624 1047 2710 emplius
1067 2626 1184 2695 habere
1204 2624 1388 2694 monetariis
1409 2624 1476 2691 siro
1496 2623 1615 2691 nostris
1636 2621 1761 2690 nunciis
1782 2620 1995 2706 prohibemus,

436 2740 501 2809 qm
517 2732 647 2811 recepte
666 2745 741 2796 mox
761 2728 842 2796 aliae
863 2728 1071 2797 divertuntur.
1115 2728 1315 2796 absolvimus
1333 2728 1434 2794 mam
1454 2725 1573 2794 dotem
1593 2725 1722 2792 domum
1743 2730 1778 2792 ct
1801 2723 1893 2791 villas
1910 2725 1996 2810 ipsa·

435 2845 570 2913 rumque
590 2829 711 2899 incolas
731 2831 916 2899 eternaliter
936 2831 977 2899 eb
998 2831 1198 2900 elibmcione
1218 2829 1432 2915 quorumlibet
1449 2833 1626 2897 castrorum
1648 2832 1682 2896 et
1702 2826 1745 2896 eb
1766 2826 1912 2917 cmmbvrs
1925 2827 1996 2912 qui·

437 2927 576 2998 bmlibet
597 2930 759 3001 laboribus
780 2934 1018 3017 universalium
1039 2953 1060 3000 e
1078 2934 1231 3002 citacioue
1252 2950 1378 3019 quoque
1398 2938 1435 3001 et
1450 2951 1472 3000 e
1485 2930 1611 2999 iudiciis
1626 2931 1839 3016 palannmum
1854 2930 1996 2998 omnium

436 3036 472 3100 et
488 3032 742 3118 castedanorum,
764 3036 903 3104 iudicum
926 3042 1107 3103 nostrorum
1126 3043 1160 3105 et
1182 3036 1390 3104 officiatorum
1416 3052 1685 3120 quorumcunque,
1712 3039 1749 3099 ut
1771 3052 1829 3118 per
1852 3051 1906 3101 eos
1928 3052 1996 3101 am·

371 3138 375 3147 '
435 3134 520 3220 plius
540 3137 765 3205 mactentur
786 3138 1062 3220 ueciudiceutur3
1094 3139 1155 3205 nisi
1177 3157 1282 3206 coram
1304 3138 1466 3223 preposito
1488 3138 1555 3204 sive
1585 3137 1684 3221 ipsius
1714 3136 1817 3203 iudice
1843 3134 1997 3204 astabunt

436 3236 678 3322 querulantibue
699 3241 891 3326 responsuri.
936 3241 981 3308 Et
999 3241 1148 3326 precipue
1169 3241 1357 3326 prepositus,
1380 3259 1453 3308 cum
1473 3241 1519 3307 sit
1538 3240 1724 3326 spiritualis,
1747 3258 1805 3324 per
1823 3257 1917 3306 evum
1931 3256 1996 3306 non

435 3337 594 3406 indicetur
613 3360 635 3409 e
655 3361 843 3428 quocunque
863 3343 966 3411 iudice
987 3350 1106 3425 nostro,
1129 3363 1187 3412 nec
1207 3345 1357 3428 palatina
1385 3343 1570 3426 castellano,
1595 3342 1751 3410 honorato
1780 3361 1837 3409 seu
1857 3340 1996 3410 officieto

359 3443 375 3451 ''
435 3440 577 3540 inomni
598 3462 706 3527 cauea,
728 3464 787 3513 nec
808 3447 934 3529 citetur,
956 3451 990 3512 et
1010 3446 1127 3513 citatru
1149 3465 1212 3513 nou
1233 3453 1424 3531 compareat,
1446 3446 1583 3514 maxime
1603 3447 1671 3513 suis
1688 3445 1800 3512 incolis
1814 3444 1857 3512 ad
1871 3444 1996 3513 obiecta

306 3551 309 3556 ’
375 3638 379 3646 .
438 3533 656 3629 reponsurus,
680 3566 763 3631 pene
784 3548 928 3615 totaliter
949 3548 1058 3632 procul
1079 3555 1180 3631 mota;
1208 3550 1269 3616 uisi
1292 3568 1351 3634 pro
1378 3549 1513 3635 gadibus
1540 3548 1768 3617 hereditatum.
1791 3554 1868 3614 tuuc
1889 3565 1996 3615 coram

433 3646 524 3714 nobis
545 3649 751 3739 comparebit,
773 3650 883 3717 littera
904 3656 1011 3718 manen
1032 3651 1093 3719 sub
1115 3654 1234 3721 annulo
1255 3659 1364 3721 nostro
1385 3653 1428 3721 ed
1449 3659 1593 3721 noscam
1618 3652 1813 3738 presenciam
1835 3657 1994 3719 evocatus

435 3745 636 3816 contulimus
656 3750 765 3818 domui
786 3751 928 3835 predicte
949 3753 1048 3819 eciem
1070 3753 1112 3822 ob
1131 3774 1220 3839 spem
1234 3756 1348 3823 salutis
1363 3763 1483 3839 eterne,
1506 3755 1652 3841 precibus
1666 3752 1873 3822 reverendi
1843 3773 1903 3820 vm
1894 3753 1995 3822 dicti

433 3849 558 3919 abbatis
580 3851 734 3935 inclinati,
757 3860 795 3921 ut
816 3855 1067 3939 quociescunque
1088 3863 1147 3923 eut
1169 3876 1356 3942 quocunque
1377 3858 1472 3926 modo
1493 3857 1638 3925 homines
1656 3858 1769 3924 domus
1785 3857 1870 3924 dicte
1884 3874 1923 3923 ec
1937 3855 1995 3922 vil·

433 3951 538 4021 lerum
558 3955 773 4040 praeliatorum
795 3976 830 4025 se
851 3964 961 4024 mutuo
988 3959 1171 4041 occiderint,
1198 3961 1411 4046 cuiuscunque
1438 3960 1630 4029 condicionis
1658 3966 1716 4027 aut
1742 3977 1835 4027 sexus
1864 3956 1994 4041 fuerint,

435 4061 492 4123 eut
512 4056 594 4125 liber
615 4061 839 4144 ascripticium,
864 4066 921 4125 aut
951 4060 1149 4143 ascripticiue
1171 4062 1313 4146 liberum,
1340 4070 1398 4130 eut
1427 4063 1508 4130 liber
1536 4063 1682 4143 liberum,
1709 4068 1767 4129 eut
1794 4061 1995 4146 ascripticiue

434 4159 649 4246 aecnpticium
671 4163 758 4228 intra
777 4163 928 4229 tennims
949 4162 1101 4229 bonorum
1123 4165 1253 4231 ecclesie
1274 4183 1330 4232 seu
1350 4166 1439 4247 alibi,
1461 4166 1641 4250 prepositus
1655 4165 1733 4232 dicti
1748 4165 1809 4231 loci
1825 4169 1925 4231 totam
1940 4181 1995 4247 pe

347 4305 350 4311 -
435 4278 509 4328 nam
531 4261 692 4330 homicidii
715 4264 807 4331 tollet
828 4265 862 4330 iu
884 4263 1011 4331 eisdem.
1057 4264 1090 4331 Si
1110 4272 1216 4332 eutem
1236 4266 1328 4333 bomo
1350 4268 1504 4351 prepositi
1528 4274 1724 4348 extraneum,
1746 4272 1804 4333 aut
1824 4273 1994 4334 extremm

433 4365 587 4448 prepositi
608 4366 768 4448 occiderit,
792 4367 1004 4448 cuiuscunque
1023 4367 1216 4435 condicionis
1237 4375 1294 4435 aut
1314 4387 1408 4436 sexus
1429 4375 1467 4436 ut
1488 4368 1646 4454 prefertur
1671 4370 1824 4450 exdmrit,
1854 4370 1995 4453 preposi-

434 4471 488 4533 tus
508 4467 644 4534 merliam
666 4476 791 4552 partem
813 4469 973 4536 homicidii
996 4468 1133 4536 babebit
1165 4471 1199 4536 Si
1222 4476 1328 4537 autom
1350 4471 1444 4538 horno
1466 4473 1589 4539 occisus
1603 4474 1652 4539 vel
1667 4472 1878 4556 qualicunque
1892 4477 1995 4538 morte

433 4575 671 4654 preoccupatus,
696 4572 762 4637 sive
784 4572 900 4655 plures,
925 4573 1008 4637 inter
1031 4574 1183 4639 tcnninos
1207 4574 1356 4641 bonorum
1377 4575 1490 4641 domus
1512 4575 1597 4643 dicte
1626 4576 1773 4644 inventus
1801 4574 1909 4656 fuerit,
1940 4592 1994 4641 cu·

433 4670 606 4756 iuscunquc
621 4674 822 4755 condicionis,
846 4675 952 4755 certis,
976 4677 1218 4758 preeminencie,
1240 4678 1365 4759 malus,
1388 4684 1493 4745 status
1506 4677 1835 4758 auteerusertitcrit,
1856 4694 1895 4744 eo
1909 4676 1995 4761 quod

432 4774 620 4841 venerabilis
642 4777 690 4842 vir
710 4776 857 4843 dontinus
879 4778 1037 4843 Martinus
1064 4797 1139 4861 scpc
1170 4779 1274 4845 dictus
1295 4779 1425 4846 claustri
1456 4780 1622 4847 memorati
1648 4798 1706 4847 nos
1728 4786 1762 4846 et
1784 4780 1917 4847 beronae
1939 4798 1995 4847 no·

432 4882 516 4942 etros
536 4883 570 4943 et
592 4896 687 4961 quam
710 4879 864 4962 plurimos¹
886 4901 906 4946 s
925 4881 1035 4947 nerontis
1058 4882 1199 4964 periculo
1222 4882 1334 4949 rvltimo
1358 4883 1505 4949 liberavit
1523 4901 1595 4949 curn
1617 4883 1703 4949 eirca
1724 4881 1832 4950 Crivin
1854 4889 1994 4949 castrum

431 4993 528 5062 supra
546 4981 742 5048 nominatum
766 4983 798 5047 in
820 4983 950 5048 Palania
977 4985 1152 5066 lenissumus,
1185 4985 1275 5051 villers
1304 4987 1481 5069 sepedictus·
1504 4993 1537 5053 ct
1566 4987 1685 5054 incolas
1712 4987 1852 5070 ipserum
1882 4986 1993 5053 domus

344 5170 347 5176 .
430 5077 554 5149 dictca
576 5103 657 5167 pena
678 5086 856 5152 buiuanrodi
882 5087 1049 5170 lrornicidii,
1072 5090 1140 5155 sive
1160 5089 1295 5157 «luccam
1322 5091 1423 5156 rrosmi
1453 5090 1520 5157 sive
1550 5090 1764 5174 cuiuscunque
1791 5089 1938 5156 honorati
1960 5094 1995 5156 ot

430 5183 579 5267 precipue
600 5188 764 5255 castellani
786 5189 884 5256 castri
903 5189 942 5257 dc
965 5191 1052 5273 terto,
1075 5198 1109 5258 ct
1127 5192 1168 5258 ab
1192 5211 1272 5259 urna
1287 5193 1388 5260 mellis
1406 5193 1563 5276 capitalis,
1587 5200 1651 5261 tarn
1666 5193 1698 5259 in
1714 5192 1773 5259 lrac
1788 5211 1883 5259 cauea
1897 5210 1993 5278 quam

2072 1934 2294 2587 ι

2129 2710 2213 3336 i

2264 457 2294 2042 ----..-...-·—-2-e==.223·=·52
