4476 6180
360 330 436 408 344

357 531 488 601 ierimus
508 538 542 601 ct
569 535 797 623 conducemus,
823 539 894 623 sibi,
923 537 1053 609 ecclesie
1086 539 1264 608 (iuceneusi
1295 539 1425 625 suisque
1453 536 1685 607 suecessoribus
1714 534 1903 614 hereditario
2027 570 2034 625 2

299 631 303 641 '
357 634 426 702 turc
444 635 572 720 pacifice
590 658 627 707 ac
648 643 753 726 quiete
774 643 807 710 iu
829 649 1016 728 perpetuum
1038 642 1267 727 possidendum,
1289 661 1384 727 qumur
1406 641 1506 710 mitem
1527 641 1569 709 ud
1590 640 1739 708 maiorem
1764 643 1810 708 rei
1839 649 1901 715 evi·
2028 644 2031 651 '

357 735 499 806 densum
520 741 651 823 guribus
672 743 801 814 fecimus
822 747 984 814 eomuuiri.
1029 746 1073 813 Et
1093 747 1169 830 quia
1182 744 1412 831 probacieuum
1430 744 1523 828 cepio
1540 744 1646 828 sepius
1660 742 1858 813 subtrahitur
1871 759 1904 819 ct
2028 738 2034 781 ³

358 838 475 906 ueritus
493 840 689 927 obscuratur,
712 853 889 931 presentem
907 848 1049 916 litterum
1071 848 1104 914 in
1127 847 1221 914 huius
1242 851 1288 916 rei
1311 852 1495 933 perpetuum
1523 847 1708 915 memorium
1736 846 1831 931 sigilli
1849 868 1904 918 ne·
2030 867 2034 874 ’

358 941 417 1008 stri
439 951 599 1012 caractere
620 945 749 1015 summus
767 949 918 1019 robemri.
962 951 1081 1018 Dutum
1101 951 1135 1016 in
1156 949 1305 1017 LancIciu
1325 951 1359 1016 in
1380 948 1432 1016 die
1453 948 1649 1016 Inveocionis
1668 949 1770 1015 sancti
1784 948 1902 1020 Sthaui
2029 989 2034 1000 ·

357 1047 600 1130 protomartiris,
622 1067 704 1117 aune
726 1051 822 1120 Verbi
843 1053 999 1123 incarnati
1020 1051 1131 1122 Iicc.
1159 1052 1362 1138 sexagesimo,
1390 1049 1565 1119 indictione
1594 1051 1703 1134 tercia,
1725 1050 1773 1118 III
1793 1050 1901 1122 Nonas
2028 1070 2035 1103 τ

358 1147 504 1233 Augusti.

461 1318 593 1388 I’luvius
610 1321 701 1391 iuxtc
721 1323 843 1410 Uneor,
865 1337 888 1396 t.
904 1333 932 1408 j.
960 1332 1068 1394 Warto
1087 1349 1134 1395 n.
1177 1325 1299 1409 Uueou,
1327 1327 1465 1406 Ueiejom

1026 1556 1101 1643 Νι.
1132 1552 1234 1642 389.

464 1724 682 1813 Bolasisrus
700 1732 778 1815 dux
794 1734 943 1819 Peioris
969 1730 1475 1834 1260Ior.1d,1to11s;
1502 1747 1611 1816 venuit
1646 1747 1768 1816 numu
1796 1747 1903 1817 sarm
2029 1808 2034 1819 .

356 1859 475 1928 putus
495 1845 664 1918 Meeuede

356 1950 421 2115 ἐκ
461 1952 600 2031 Paruum.
629 1959 758 2034 orppiou,
778 1975 799 2019 u
819 1955 943 2037 ktdrepe
971 1977 1069 2040 prm
1092 1961 1161 2022 duo
1185 1960 1309 2044 amoc
1327 1972 1519 2038 popum
1540 1934 1647 2034 W
1666 1957 1730 2019 Μ
1749 1955 1900 2032 stamin-
2027 1914 2035 2037 ἒ

421 2100 430 2118 .
449 2059 684 2132 prunonem.

460 2158 575 2224 Raida.
618 2161 707 2224 Aret
728 2162 884 2248 Rzpdone.
928 2166 1111 2246 diplomata.

459 2321 498 2391 In
518 2327 644 2396 nemine
664 2329 790 2398 Domini
810 2351 913 2401 amem
957 2333 1049 2403 Licet
1068 2340 1142 2403 ectu
1163 2334 1326 2402 homiuum
1343 2331 1483 2401 evidem
1498 2330 1617 2398 noticia
1635 2327 1818 2398 subieeesut
1839 2328 1904 2396 siu·

354 2422 511 2509 morum,
534 2438 761 2502 consueverunt
780 2441 886 2503 umen
907 2455 1055 2520 processu
1077 2437 1239 2521 temporis,
1257 2454 1329 2503 eum
1348 2440 1447 2503 toetoe
1465 2431 1632 2515 denum
1653 2431 1833 2515 eninmpnis
1847 2449 1903 2498 no·

355 2527 492 2609 'wit
511 2528 644 2615 ideoque
664 2552 791 2602 necesse
806 2542 866 2619 est,
885 2538 1029 2606 acciones
1050 2539 1222 2624 legittimus
1241 2557 1300 2623 per
1323 2536 1435 2621 scripti
1460 2535 1689 2603 continenciam
1713 2539 1750 2600 et
1773 2533 1902 2600 testium

356 2627 615 2701 mbnotedouem
644 2638 819 2705 transmitti
846 2640 881 2705 iu
908 2642 1058 2708 noticiam
1080 2647 1287 2725 posterorum
1330 2637 1451 2706 Notum
1471 2638 1571 2722 igitur
1595 2635 1728 2704 tacimus
1751 2635 1905 2703 uniuersis

354 2732 556 2815 presentibus
576 2742 611 2803 et
630 2735 745 2805 tuturis
765 2740 807 2807 ud
827 2758 907 2824 quos
928 2743 1106 2826 pervenerit
1125 2759 1256 2828 presens
1276 2731 1441 2826 seriptum
1460 2740 1545 2825 quod
1568 2756 1628 2806 nos
1646 2737 1829 2805 ΒοΙιιΙιιιιι
1843 2737 1902 2805 Dei
1922 2768 1923 2771 ι

353 2834 463 2916 grstia
482 2835 546 2904 dux
567 2838 706 2924 Polouie,
722 2841 764 2908 ud
786 2861 981 2912 communem
1003 2845 1141 2912 civitstis
1161 2849 1271 2912 nosne
1299 2842 1391 2910 listis
1420 2843 1597 2925 cistumque
1623 2842 1762 2908 omnium
1788 2838 1905 2907 ibidem

353 2934 537 3022 utilitatem
558 2959 617 3026 pro
638 2946 762 3028 puscuis
779 2946 887 3014 dmem
909 2965 1044 3029 mensos,
1067 2947 1146 3014 sitos
1167 2948 1252 3013 inter
1272 2946 1357 3013 rium
1374 2944 1610 3012 I'horunensem
1630 2947 1665 3010 et
1682 2961 1752 3010 eam
1769 2959 1832 3029 que
1845 2942 1904 3008 du·

355 3035 401 3104 eit
420 3037 455 3105 In
473 3038 633 3111 domnine
653 3051 880 3133 protensosque
905 3067 1007 3133 usque
1034 3050 1076 3117 nd
1103 3049 1221 3117 limitoe
1247 3048 1289 3117 de
1317 3047 1457 3117 θοιιιιίι
1477 3051 1513 3114 at
1531 3046 1673 3129 Boreum,
1698 3063 1756 3130 pro
1782 3043 1906 3112 Xllcim

353 3141 469 3209 weit
489 3146 614 3228 urgenti
634 3147 841 3232 vendidimus,
863 3149 904 3218 sb
924 3152 972 3219 eis
989 3150 1027 3220 ‘et
1047 3151 1089 3219 eb
1108 3151 1195 3219 omni
1216 3151 1404 3235 posteritate
1424 3148 1596 3218 eorundmr
1616 3149 1685 3216 iure
1712 3147 1904 3216 hereditario

352 3238 452 3311 libere
471 3244 506 3312 in
527 3254 714 3333 perpetuum
736 3253 953 3335 possidendos:
975 3255 1098 3339 vulgari
1118 3259 1226 3322 eutem
1246 3254 1374 3321 nomine
1394 3253 1505 3321 eudem
1518 3270 1638 3337 pascus
1649 3250 1808 3321 Maenade
1821 3268 1903 3316 nun·

353 3351 519 3428 cupantnr.
570 3349 606 3417 Si
631 3351 706 3435 quid
732 3372 857 3438 qnoque
883 3357 991 3424 decem
1020 3375 1186 3425 numerum
1212 3375 1394 3424 mansorum
1418 3354 1572 3424 excedens
1605 3352 1766 3422 residuum
1795 3351 1903 3434 inerit,

352 3444 432 3514 iliud
453 3449 606 3519 redimere
628 3455 828 3524 tenebuntur.
873 3456 920 3525 Ut
938 3458 1000 3526 irec
1019 3459 1118 3544 igitur
1134 3459 1278 3527 vendicio
1300 3458 1447 3527 edecmm
1460 3463 1649 3543 perpetuum
1663 3457 1824 3537 ceritatem,
1846 3473 1904 3522 nec

353 3547 489 3617 euobis
511 3555 690 3638 nostrisque
712 3560 945 3628 successoribus
968 3561 1169 3646 uliquatenus
1190 3560 1390 3645 mningotm,
1416 3560 1499 3628 hene
1517 3559 1658 3628 litterum
1679 3559 1780 3626 nostri
1808 3556 1904 3642 sigilii

351 3652 524 3720 munimine
544 3653 674 3725 fecimus
696 3663 889 3730 communiri.
934 3664 1052 3731 Datum
1072 3663 1164 3730 Kalis
1184 3682 1268 3730 anno
1289 3664 1418 3732 Domini
1438 3661 1628 3747 mccmx,
1650 3660 1759 3730 XVIII
1779 3660 1899 3730 dueu-

352 3750 410 3820 dss
431 3752 625 3842 Deoenrbds,
647 3759 773 3830 domiuo
794 3763 920 3832 Matium
940 3771 1050 3833 uostm
1070 3766 1197 3834 nerano
1218 3766 1386 3835 existente.

456 3940 606 4029 mmm
626 3950 777 4014 dodanim
820 3950 961 4036 Boreum,
984 3953 1121 4021 Boritdm.

1030 4180 1105 4268 Νι.
1137 4178 1238 4269 390.

456 4352 654 4459 Boiysiuua
681 4355 757 4438 dux
782 4356 932 4443 Poienic
959 4359 1112 4445 iiuioris
1139 4366 1262 4445 1261
1290 4385 1319 4446 a
1346 4363 1397 4465 d,
1424 4362 1622 4465 Pomauia;
1651 4376 1772 4448 mntem
1795 4397 1902 4448 nom-

351 4473 450 4541 sterIo
470 4473 510 4540 de
531 4473 652 4560 Lubiat
674 4476 761 4543 lucus
783 4477 933 4546 Domiuik
955 4487 989 4548 et
1008 4482 1194 4550 Buszlromo.

459 4579 656 4658 Irmrrmom
676 4586 858 4661 orppmoosy
872 4589 1099 4666 potmierdzoup
1117 4608 1227 4667 przez:
1248 4587 1404 4672 Georgius
1425 4585 1621 4656 Fuisthussil
1645 4583 1729 4652 lest
1750 4584 1826 4653 Jau.
1848 4585 1901 4667 31,

349 4675 383 4743 in
402 4675 629 4747 Comistorie
620 4700 653 4747 m
675 4681 803 4750 Summo
826 4684 1043 4768 Wmtisluvie3
1065 4710 1238 4770 zperpmm
1268 4699 1400 4773 erpone,
1421 4692 1589 4770 uictimae
1609 4709 1652 4753 uo
1672 4693 1792 4755 miciaco
1805 4693 1901 4806 pedm.

351 4797 494 4846 mom
516 4783 591 4862 boto
608 4791 835 4864 przpmieazono
856 4789 978 4874 picczfd
1000 4794 1169 4856 Boterdum
1189 4796 1323 4879 inscio,-
1344 4797 1490 4871 ipteezpc
1506 4805 1604 4871 xvlt
2031 4852 2033 4857 .

459 4885 616 4950 Wroctum.
660 4891 778 4967 Kduipl.
805 4895 911 4954 Staute
938 4895 1027 4956 Arclc
1055 4895 1173 4958 decue
1200 4897 1343 4961 376.-
1364 4895 1504 4974 Pomm,
1533 4903 1653 4982 Komoi.
1683 4904 1788 4967 &data
1809 4900 1900 4963 Arcd.

349 4984 520 5069 uuest,
543 4989 674 5072 (kopjct

337 5140 339 5145 ⁴
452 5154 491 5224 In
507 5158 633 5226 nomine
654 5159 780 5229 Domini
799 5182 902 5232 amen
946 5163 1024 5233 Ut
1014 5186 1048 5234 ru
1067 5167 1186 5235 uostris
1206 5174 1299 5253 peu
1320 5169 1514 5255 temporibus
1539 5180 1692 5259 perpetue
1717 5174 1901 5244 stubilitutis

349 5255 445 5326 robur
465 5259 630 5329 obtiumnt
651 5270 685 5330 et
705 5264 746 5330 ud
776 5267 936 5336 nescitum
965 5271 1162 5354 posteritatis
1189 5271 1336 5340 noticiam
1363 5275 1555 5360 pertingant,
1583 5276 1752 5345 sulubriter
1776 5286 1901 5349 maturo
