4860 6180
1802 309 1873 386 4⁷1

337 521 837 608 temporalibuscireumspectus,
858 518 990 587 ecclesia
1011 520 1090 604 ipsa,
1112 539 1175 605 que
1195 520 1347 588 hactenus
1367 517 1473 587 debito
1493 519 1680 587 detensionis
1694 517 1810 586 auxilio
1824 516 1879 584 dc-

337 626 462 709 stituta,
483 625 654 712 direptioni
674 631 787 710 patens
806 630 841 690 et
861 623 957 707 prede
978 624 1083 704 pravis
1103 624 1305 692 desolationis
1327 625 1479 692 iacturam
1493 623 1610 691 dicitur
1625 623 1802 703 incurrisse,
1826 628 1880 687 tue

337 729 623 815 circumspectionis
643 728 800 796 industria
819 731 854 793 et
875 726 993 794 virtute
1014 727 1054 793 ad
1075 733 1193 795 statum
1215 728 1355 796 debitum
1369 734 1575 811 restauretur,
1598 736 1633 797 et
1645 733 1756 812 optata
1769 726 1802 792 in
1815 725 1880 809 spi·

337 831 506 900 ritualibus
523 838 557 900 et
579 830 803 916 temporalibus
825 830 977 913 suscipiat
996 830 1196 899 incrementa
1240 833 1376 917 ideoque
1397 831 1577 901 discretioni
1600 839 1654 899 tae
1674 850 1732 914 pcr
1752 836 1879 914 aposto

337 935 400 1004 lica
418 930 537 1021 scripu
557 935 751 1016 mandamus,
773 933 924 1018 quatinus
952 933 1132 1018 impositum
1155 955 1175 1002 a
1196 935 1330 1002 Domino
1357 934 1415 1003 tibi
1446 955 1526 1004 onas
1555 937 1666 1004 devota
1695 933 1878 1016 suscipiens,

337 1039 383 1108 sio
404 1058 498 1124 saper
518 1058 644 1124 gregem
664 1038 854 1107 dominicum
875 1036 933 1103 tibi
953 1038 1151 1104 commissum
1169 1039 1271 1106 noetis
1291 1040 1415 1125 vigilias
1428 1039 1596 1124 ddigentor
1608 1038 1762 1118 observas,
1782 1040 1820 1102 ut
1841 1034 1879 1101 li·

337 1141 395 1210 ber
415 1141 581 1210 inuadendi
601 1142 706 1209 alitus
728 1161 791 1208 non
812 1147 920 1226 pateat
941 1141 1088 1207 invasori.
1132 1141 1251 1209 Beatus
1283 1144 1437 1227 siquidem
1457 1147 1530 1226 oris,
1561 1144 1588 1210 si
1614 1141 1767 1208 Dominus
1795 1139 1881 1206 insu·

342 1243 486 1330 spieabili
506 1244 585 1311 hora
608 1250 768 1326 venturas,
790 1249 823 1311 te
841 1243 996 1310 invenerit
1016 1243 1062 1310 sic
1084 1249 1240 1326 agentem
1269 1247 1345 1330 quia
1365 1265 1458 1314 cursu
1479 1251 1662 1313 consumare
1681 1244 1736 1328 qui
1758 1248 1813 1309 tuo
1834 1242 1881 1309 la·

337 1346 408 1416 bari
434 1347 630 1433 proponitur,
663 1354 697 1415 ct
728 1347 839 1414 honum
874 1345 935 1412 lide
966 1350 1092 1412 servata
1130 1365 1192 1430 que
1232 1355 1287 1415 tue
1326 1348 1529 1416 sollicitudini
1566 1347 1814 1427 committantur,
1848 1351 1881 1411 te

338 1449 588 1519 immarcescibili
608 1468 723 1517 corona
737 1450 868 1516 'iustitie
893 1447 1063 1516 decorabit
1106 1448 1224 1517 Datum
1252 1452 1336 1535 apud
1365 1451 1486 1520 Urbem
1512 1457 1649 1520 veterem
1670 1449 1701 1517 x
1721 1449 1881 1518 Kalendas

338 1552 488 1636 Ianuarii,
509 1554 712 1639 pontificatus
733 1553 833 1621 nostri
854 1571 937 1619 anno
959 1552 1071 1636 primo.

444 1660 484 1722 Ia
504 1676 531 1724 e.
553 1677 592 1724 m.
637 1656 784 1741 Capitrdo
805 1655 935 1722 ecclesie
956 1654 1160 1737 (lucanensis,
1191 1656 1274 1723 clero
1305 1657 1499 1726 Gneaneasis
1525 1657 1663 1726 civitatis
1684 1661 1718 1724 et
1738 1654 1881 1736 diocesis

339 1760 493 1846 ep'ueopis
519 1759 723 1845 suffraganeis
749 1758 879 1827 ecclesie
911 1758 1115 1840 Guezaensis,
1149 1759 1264 1844 populo
1294 1760 1488 1829 Gneznensis
1513 1760 1651 1830 civitais
1681 1764 1715 1826 et
1739 1757 1882 1840 diocesis

339 1859 413 1932 duci
443 1861 602 1946 draconis,
635 1863 708 1932 daci
739 1862 880 1945 Polouie,
912 1861 985 1931 daci
1015 1860 1277 1947 Wratislariensi,
1318 1868 1412 1932 veroa
1443 1872 1644 1948 compressor
1674 1865 1797 1927 meotis
1825 1869 1882 1926 etc.

341 1971 453 2034 Datim
472 1976 508 2033 at
527 1987 632 2050 rama
1430 1977 1433 1980 ’

1007 2300 1081 2385 Nr.
1114 2296 1214 2386 503.

442 2530 629 2617 &naudus
648 2531 808 2614 Preninl
837 2531 914 2614 dax
931 2530 1081 2614 Polonie
1108 2536 1250 2615 1282
1275 2531 1377 2615 Febr.
1403 2536 1447 2628 7,
1471 2531 1515 2613 iu
1528 2529 1702 2633 campum
1720 2546 1885 2615 connum

340 2653 447 2723 comiti
467 2652 621 2722 Pribislao
642 2653 784 2738 palatim
806 2657 840 2719 et
860 2650 951 2718 naor·
973 2653 1041 2720 eius
1062 2673 1141 2720 com.
1163 2653 1263 2722 Paulo
1285 2652 1454 2720 castellano
1476 2651 1516 2719 de
1537 2649 1666 2718 Saiecie
1678 2650 1884 2738 ⁸donationem

341 2756 552 2826 hereditatum
571 2755 726 2824 Batlrouo
748 2761 781 2824 et
802 2755 934 2838 Pakost,
957 2755 1032 2824 olim
1053 2775 1075 2823 a
1092 2756 1237 2824 Boleslao
1258 2754 1337 2823 dnos
1357 2755 1486 2823 Polonie
1503 2753 1629 2821 motam.

373 2910 377 2918 .
444 2865 585 2941 Peroaoa
607 2865 723 2941 orpora.
768 2863 816 2924 b'a
833 2863 953 2940 poemia
971 2864 1033 2926 aiei
1051 2863 1202 2938 redacta.
1221 2865 1325 2926 melon
1350 2864 1576 2940 przyaeieszoao
1598 2857 1723 2944 pieczqd
1745 2860 1885 2942 Przemp·

339 2969 439 3030 sono
458 2966 590 3050 iapera-
611 2972 755 3043 (procae
772 2972 871 3037 mi
1698 2949 1700 2956 '

440 3068 641 3145 ‚moneam
686 3069 802 3132 Aroma
830 3069 970 3146 copiae

443 3306 481 3375 la
502 3307 629 3374 nomiae
648 3304 776 3373 Domini
797 3325 897 3379 amen
942 3307 1027 3374 Dum
1048 3306 1127 3375 vivit
1147 3306 1257 3374 littera
1277 3306 1356 3374 vivit
1377 3312 1412 3374 et
1431 3307 1516 3375 aetio
1536 3306 1654 3391 littere,
1676 3307 1765 3376 caius
1786 3326 1887 3374 asser·

342 3412 391 3481 cio
412 3410 514 3478 uomit
535 3409 717 3477 nemerim
736 3415 771 3476 et
788 3408 960 3477 roboratha
980 3411 1112 3495 suscipit
1133 3411 1368 3478 incrementum.
1397 3408 1499 3494 Igitur
1512 3429 1570 3476 nos
1584 3410 1738 3478 secandus
1753 3410 1887 3478 Preme}

341 3514 401 3582 Dei
421 3506 528 3598 gracia
547 3510 612 3578 dux
633 3510 762 3580 Polouie
780 3520 891 3580 notum
912 3512 1044 3580 tacimm
1065 3513 1219 3581 universis
1241 3519 1307 3579 mm
1328 3513 1525 3597 presentibus
1553 3532 1649 3597 quam
1677 3511 1794 3580 laturis
1815 3533 1886 3599 pre·

343 3622 464 3686 sentem
485 3615 632 3701 pagium
650 3616 850 3700 inspecturis,
872 3617 958 3700 quod
979 3615 1161 3685 imbuentes
1182 3615 1274 3684 fidele
1293 3616 1457 3684 servicium
1478 3620 1512 3682 ct
1529 3616 1608 3683 utile
1629 3615 1815 3684 ddeetbram
1832 3616 1887 3684 ba·

342 3737 454 3787 maum
474 3723 665 3800 nostrorum,
688 3718 812 3785 comitis
833 3719 981 3786 videlicet
1000 3718 1155 3804 Pribislay
1177 3719 1284 3804 polani
1305 3719 1380 3806 (sin)
1401 3717 1441 3785 de
1462 3716 1560 3786 Snece
1582 3725 1615 3785 et
1635 3717 1743 3786 baton
1764 3720 1814 3786 sui
1836 3738 1888 3787 co·

341 3807 429 3890 initis
448 3820 539 3888 Pauli
561 3819 725 3888 casteDani
747 3820 886 3887 eiusdem
907 3820 980 3902 loci,
1001 3821 1078 3906 ipsis
1100 3827 1133 3888 ct
1158 3840 1267 3889 corum
1298 3820 1528 3888 successoribus
1555 3820 1757 3890 donacionem
1787 3822 1887 3890 racio-

342 3923 479 3992 uabdom
495 3922 655 3990 karissimi
676 3923 783 4006 patrui
804 3923 915 4005 nostri,
940 3924 1145 3991 illustrissimi
1168 3924 1318 4009 principis
1337 3923 1455 3991 domini
1475 3922 1624 4010 Bolezloy
1645 3925 1734 3992 dacis
1747 3925 1887 4010 Polonie,

341 4027 475 4096 dumam
496 4025 706 4094 hereditatam
728 4043 790 4108 qne
811 4025 963 4093 Badkom
985 4034 1018 4094 ct
1039 4026 1155 4094 Pacosc
1177 4027 1336 4111 wlgarder
1356 4035 1588 4112 nuncupantur,
1608 4028 1676 4097 iare
1697 4028 1888 4097 hereditario

342 4131 376 4199 iu
396 4135 582 4216 perpetuum
607 4126 827 4196 confirmamus
855 4129 1079 4198 inviolabiliter
1104 4129 1300 4215 optinendas
1344 4128 1551 4196 absolventes
1580 4131 1665 4214 ipsas
1693 4131 1888 4200 beralitates

343 4234 384 4303 ab
404 4234 489 4302 omni
504 4232 667 4302 exactione
687 4229 846 4314 Poloniea,
868 4252 929 4317 qne
948 4252 1031 4300 nune
1053 4233 1086 4300 in
1107 4240 1215 4300 uestro
1234 4238 1284 4299 est
1304 4232 1442 4299 dominio
1457 4238 1490 4299 et
1503 4252 1651 4316 pmccssu
1667 4237 1817 4320 temporis
1832 4256 1887 4320 po-

344 4337 420 4405 terit
441 4323 565 4416 moriri,
587 4334 734 4401 videlicet
754 4354 775 4399 a
793 4353 898 4417 narso,
920 4353 941 4401 a
963 4355 1070 4420 povoa,
1093 4355 1114 4403 a
1135 4335 1262 4420 prevod,
1285 4355 1304 4403 a
1325 4340 1441 4416 strena,
1471 4354 1492 4402 a
1512 4336 1697 4421 podvorove,
1723 4338 1764 4405 ab
1785 4340 1886 4423 opole,

343 4458 364 4506 a
384 4438 471 4521 bova
494 4456 638 4518 aracos,
660 4455 681 4503 a
702 4438 798 4521 uestri
820 4439 988 4505 citacianc:
1012 4440 1058 4505 ita
1079 4439 1163 4523 qaod
1186 4438 1286 4506 incole
1305 4437 1473 4505 mrurrdcm
1493 4439 1713 4525 hereditatum,
1741 4443 1801 4508 uisi
1823 4443 1888 4510 sint

343 4548 452 4611 nostro
473 4541 576 4625 sigillo
594 4558 699 4606 coram
721 4539 810 4605 nobis
831 4548 1034 4624 compareant
1055 4544 1226 4625 provocati.
1262 4541 1471 4608 llomicidium
1494 4549 1709 4626 penetratum
1730 4565 1786 4630 per
1803 4547 1888 4630 ipsos

344 4645 471 4727 incolas,
494 4645 554 4728 ipsi
576 4649 610 4710 et
631 4662 738 4710 mrum
759 4644 930 4727 posteritas
952 4647 984 4710 in
1006 4652 1192 4729 perpetuum
1213 4647 1389 4730 percipiant
1409 4664 1448 4710 er
1463 4644 1594 4727 integre.
1626 4647 1775 4716 Libemm
1790 4649 1887 4716 eciam

343 4746 454 4815 damus
474 4747 639 4814 arbitrium
659 4746 735 4831 ipsis
757 4753 790 4812 et
803 4767 912 4814 corum
934 4747 1174 4831 successoribus,
1197 4749 1297 4815 dietas
1319 4747 1510 4815 hermines
1531 4747 1629 4817 libere
1649 4751 1777 4835 donare,
1805 4771 1887 4819 com·

343 4857 476 4932 mutare,
505 4850 648 4932 vendere,
677 4851 861 4934 cuicumque
890 4851 966 4934 ipsis
994 4851 1149 4918 uidebitur
1175 4852 1330 4936 expolire.
1375 4850 1422 4918 Ut
1453 4857 1561 4918 autem
1589 4854 1760 4938 supradicti
1782 4854 1888 4938 patrui

344 4954 445 5021 nostri
464 4953 595 5021 donacio
616 4959 785 5036 nostraque
804 4953 1002 5021 corrflmracio
1023 4962 1175 5040 pennatae
1195 4954 1383 5022 inviolabilis
1398 4961 1587 5038 promoveret,
1610 4964 1786 5039 presentem
1800 4958 1888 5041 prrm'·

345 5077 417 5125 nom
440 5056 539 5123 nostri
560 5055 653 5139 sindili
674 5057 844 5122 rrruniurine
866 5057 1011 5122 ‹luxirnus
1030 5058 1281 5125 arrrbnnandnm.
1326 5057 1436 5123 l'estm
1463 5062 1538 5122 suut
1567 5057 1627 5125 lrii:
1652 5059 1797 5126 dominus
1824 5062 1888 5126 dn·

344 5160 436 5227 dnus
456 5160 661 5228 emcellorius
683 5160 885 5241 Gramineusis,
915 5179 1018 5226 murres
1043 5159 1155 5228 l‘etreo
1182 5162 1331 5246 pirmema
1359 5159 1592 5241 l‘ozuanieusis,
1621 5181 1724 5230 comcs
1748 5162 1889 5244 Zranotlra

349 5271 480 5331 senemr
500 5262 695 5346 Kalisieusis,
718 5284 821 5331 comes
844 5263 951 5332 Nason
975 5264 1128 5333 Cerrmski
1155 5264 1351 5347 lialisieusis,
1380 5282 1483 5330 corrues
1510 5263 1705 5350 Sandivoyus
1730 5266 1889 5339 subcune-
