4476 6180
1570 297 1645 376 403

110 499 312 571 donacionem
341 499 529 569 immutare·
559 497 610 569 Ne
636 498 733 584 igitur
760 503 901 568 nmemm
927 503 994 568 tam
1019 499 1221 584 sollempnem
1249 498 1408 568 accionem
1432 500 1647 586 inposterum

110 604 227 674 audeat
246 604 317 690 quis
337 606 465 688 violare,
486 609 663 691 presentem
684 603 829 688 paginam
849 623 945 688 super
966 603 1027 671 hiis
1041 604 1187 671 iussimus
1202 603 1363 687 conscribi,
1385 623 1423 672 ac
1437 604 1531 689 sigilli
1548 603 1647 671 nostri

109 708 299 794 appensione
316 707 444 776 iacimus
463 707 657 777 communiri.
701 707 784 774 Acta
806 714 881 774 sunt
902 707 960 775 hee
981 706 1013 774 in
1035 706 1191 774 Pennanie
1219 724 1301 775 anno
1327 706 1451 775 Domini
1483 708 1648 775 millesimo

109 809 322 880 ducentesimo
343 813 571 896 septuagesimo
593 815 684 878 sento
705 810 902 893 presentibus
921 809 1088 877 baronibus
1102 809 1305 877 nobilioribus
1320 810 1464 878 Polonie:
1484 809 1648 878 Beniamin

111 914 252 1001 palatine
276 913 489 996 Pomnauiensi‚
511 913 636 981 domine
656 911 786 979 Nicolae
808 913 948 997 palatine
963 911 1136 995 Calisiensi
1158 912 1324 980 comitibus
1337 912 1514 979 Themislao
1529 918 1563 980 et
1575 912 1649 979 Dir-

110 1017 224 1086 sicraio
246 1014 345 1084 fratre
374 1033 440 1100 suo,
467 1015 637 1085 lineamina
662 1014 763 1082 iudice
791 1014 1007 1098 Poznaniensi,
1032 1020 1065 1082 et
1092 1015 1209 1101 Tylene
1234 1021 1342 1084 nosue
1360 1016 1455 1098 curie,
1483 1014 1577 1083 buius
1595 1015 1649 1082 lit·

111 1124 178 1190 tere
195 1125 350 1188 nemore.

773 1624 847 1712 Nr.
883 1620 984 1711 460.

212 1821 405 1908 Bubulcus
431 1824 509 1906 dnn
533 1821 681 1907 Palania
706 1825 840 1906 1276
866 1821 975 1907 liant
1000 1826 1084 1918 27,
1110 1820 1152 1907 in
1168 1819 1342 1927 Dinaeam
1383 1838 1505 1910 mmet
1541 1840 1650 1910 mnia

111 1943 253 2031 Nicolae,
276 1944 473 2013 ibesamario
493 1943 534 2012 de
554 1944 633 2031 lad,
654 1943 762 2012 villam
783 1944 952 2032 habenula

215 2052 355 2130 Pereunt
377 2053 494 2129 moia.
538 2051 586 2113 Ne
604 2050 737 2129 prudpcd
753 2052 907 2115 maraci
920 2052 984 2113 aiei
998 2049 1147 2127 sedecim
1163 2049 1301 2129 auem.
1313 2053 1537 2129 przymioezone
1550 2049 1652 2130 dple-

112 2156 220 2240 crocle
264 2154 417 2217 Picmza
437 2154 605 2217 Boram
624 2153 748 2238 mecla,
773 2160 916 2232 (almae
940 2159 1042 2228 XVllr
1069 2154 1168 2233 moa
1181 2155 1300 2237 milla,
1317 2155 1478 2233 pezoeteie
1492 2155 1573 2234 tolita
1589 2171 1652 2234 pe·

112 2274 176 2322 ne
194 2254 434 2334 meledunum
456 2259 570 2320 amem
590 2257 815 2336 mammem
831 2258 955 2342 copem
978 2265 1120 2337 armoe
1144 2264 1241 2331 xxa

215 2357 381 2424 Biblioteda
401 2358 475 2425 ΧΧ.
499 2359 737 2440 Ozummpalriclt
780 2361 960 2439 Diponem

214 2561 665 2632 innominaliominiamen
709 2563 1470 2648 Dnmvivitlittcrariritetaetioeommissa,
1492 2565 1653 2634 cuiusna-

113 2663 215 2735 aercio
235 2666 340 2734 nutrit
360 2666 541 2734 memoriam
562 2671 597 2734 et
617 2666 766 2736 roborata
785 2669 918 2754 suscipit
936 2670 1171 2738 incrementum
1203 2656 1318 2753 ‘Igitrn
1336 2686 1394 2736 nos
1411 2666 1576 2736 Beleslarm
1595 2669 1654 2737 Dei

114 2767 222 2856 gaeon
241 2768 307 2837 dux
319 2767 457 2851 Palania,
479 2788 542 2837 una
563 2788 634 2838 cum
655 2769 770 2838 diecto
789 2769 886 2839 fidele
907 2776 1016 2839 nostro
1029 2771 1109 2839 duee
1121 2769 1284 2838 Premislio
1305 2789 1363 2839 nee
1376 2789 1439 2839 non
1453 2790 1524 2840 enm
1538 2770 1655 2840 dilecta
1713 2853 1717 2860 ,

51 2883 61 2917 ⁸
114 2890 213 2942 uxore
233 2876 343 2941 nestra
363 2872 489 2939 domina
509 2871 662 2956 Iolentba,
683 2875 857 2960 prospectis
878 2873 1021 2942 fidelibus
1042 2874 1180 2942 aeacidis
1202 2874 1325 2942 comitis
1345 2873 1498 2960 Nieholay
1513 2880 1655 2943 tesauru-

114 2975 156 3045 rii
175 2974 277 3044 nostri
296 2973 337 3043 dc
357 2973 474 3058 lenda,
496 2974 636 3043 finnbmr
656 2993 694 3043 ae
714 2976 891 3045 intencione
912 2995 994 3062 pura
1012 2975 1201 3046 contulimus
1221 2976 1282 3044 sibi
1303 2982 1443 3045 noemam
1463 2976 1572 3044 villam
1592 2995 1655 3067 que

113 3079 270 3166 ‘liupclno
287 3077 476 3163 nominatur,
503 3079 563 3147 sibi
594 3080 721 3164 suisque
749 3082 884 3164 posteris
913 3081 982 3148 inre
1007 3079 1196 3149 hereditario
1218 3080 1253 3148 in
1280 3084 1464 3166 perpetuum
1493 3081 1655 3165 possiden·

115 3181 233 3252 dam..
255 3182 330 3270 (sic)
350 3180 425 3250 licet
445 3182 563 3250 dictam
592 3182 700 3249 villam
725 3182 831 3250 comiti
855 3182 1005 3251 Ianebmi
1033 3180 1098 3251 filio
1125 3182 1260 3251 Simonis
1283 3182 1441 3268 quondam
1469 3182 1655 3252 dederamus

115 3286 171 3374 qni
192 3291 336 3355 mortuus
354 3291 404 3354 est
424 3287 543 3371 prolem
569 3305 633 3354 non
651 3285 803 3368 habende,
825 3287 870 3355 sic
891 3287 1007 3356 iterum
1027 3287 1069 3356 ad
1087 3305 1144 3354 nes
1170 3287 1264 3356 comit
1284 3287 1359 3354 villa
1380 3284 1487 3354 iata..
1508 3288 1580 3373 (sic)
1600 3287 1655 3356 de·

115 3389 324 3475 deramnsqm
345 3388 452 3456 villam
473 3390 667 3456 nominatam
687 3388 812 3457 demine
827 3389 980 3458 Nieholae
993 3390 1049 3475 qni
1060 3389 1144 3458 viam
1156 3390 1302 3458 universe
1315 3389 1418 3458 earnis
1431 3395 1481 3457 est
1494 3389 1654 3474 umarus
1695 3436 1712 3449 ··

115 3511 373 3579 mceesseresque
393 3493 550 3584 legitimos
572 3511 635 3560 non
656 3490 766 3559 babuit
778 3543 808 3558 ..
828 3497 861 3560 et
881 3491 988 3560 sie-de
1007 3492 1131 3561 taciem
1152 3492 1217 3561 iam
1236 3491 1303 3560 late
1324 3492 1431 3560 comiti
1444 3493 1573 3577 suisque
1585 3511 1655 3562 suc·

115 3597 291 3667 coesombus
315 3597 422 3664 villam
451 3602 649 3682 prenotatam
678 3595 876 3664 contulimus
920 3596 1197 3682 Delibenamusqne
1226 3596 1331 3681 sepias
1353 3595 1460 3664 villam
1481 3595 1655 3681 predictam

116 3699 159 3770 ab
178 3699 241 3769 biis
262 3699 485 3770 solucionibns:
507 3719 528 3767 a
547 3698 634 3782 bove,
656 3717 677 3766 a
696 3717 799 3782 caeca,
820 3699 861 3767 ab
881 3700 983 3784 opole,
1003 3718 1024 3766 a
1045 3707 1158 3783 castro,
1172 3720 1193 3768 a
1206 3699 1364 3784 poradlne
1380 3705 1528 3783 astuosa,
1543 3718 1564 3766 a
1578 3698 1655 3785 pod-

115 3822 409 3889 compauperes,
432 3803 598 3888 aprevod,
621 3821 766 3871 anam.
817 3794 1207 3889 Privilegium'lancbanis
1229 3801 1322 3871 beato
1350 3803 1498 3871 memorie
1527 3803 1656 3871 minime

116 3907 161 3976 sit
179 3908 360 3992 valituram,
382 3906 641 3993 quemadmodum
660 3907 737 3975 dieti
758 3906 911 3992 Nicholay
931 3907 1057 3992 plebani
1075 3908 1232 3993 quondam
1252 3907 1292 3975 de
1313 3904 1413 3975 Smda
1426 3957 1454 3974 ..
1481 3906 1526 3974 Et
1546 3913 1585 3974 ut
1598 3907 1656 3975 hac

116 4016 228 4080 nosue
247 4011 384 4094 domuin,
411 4031 473 4096 que
491 4017 557 4078 tarn
578 4012 640 4078 rite
661 4029 681 4078 a
703 4010 791 4078 nobis
812 4010 956 4078 omnibus
977 4017 1027 4079 ast
1046 4030 1175 4095 emersa
1197 4029 1255 4080 nee
1275 4010 1317 4078 ab
1338 4010 1495 4096 aliquibus
1509 4027 1657 4095 processu

117 4115 268 4200 temperis
289 4115 390 4201 pessit
409 4115 577 4196 novercari,
599 4130 726 4198 presens
748 4113 899 4198 scripturn
920 4120 1099 4182 nestrorum
1120 4115 1295 4201 sigillorum
1319 4115 1490 4183 munimine
1511 4115 1657 4182 duximus

113 4218 328 4291 ,roborandum
349 4217 546 4303 presentibus
567 4216 628 4284 hiis
644 4215 793 4283 testibus:
816 4216 930 4283 comite
946 4215 1142 4285 Inrlrelbolde
1156 4219 1319 4303 palathino
1333 4218 1520 4301 Gneznensi
1544 4219 1657 4286 comite

120 4320 211 4390 Sixto
233 4321 402 4390 castellane
424 4321 562 4389 Rudcnsi
577 4371 606 4387 ..
629 4322 741 4388 comite
763 4321 882 4404 Zegota
901 4327 1050 4388 venatore
1070 4322 1247 4408 Kausiensi,
1271 4323 1383 4392 comite
1408 4323 1563 4391 Bervoldo
1588 4322 1656 4407 pin·

119 4444 213 4494 cerna
233 4424 387 4493 Iaerrdensi
400 4476 428 4491 ..
451 4426 564 4492 comite
586 4423 751 4508 Sudivogio
772 4424 1000 4493 subcamercrle
1021 4426 1206 4509 Gnczncnsi,
1229 4426 1412 4495 Sventeslao
1427 4427 1580 4511 scriptore
1598 4444 1654 4492 uo-

119 4535 196 4598 stre.
253 4527 369 4596 Datum
399 4546 479 4594 anno
506 4526 632 4594 Domini
660 4525 889 4603 m.ee.lxxv1‚
921 4529 1130 4614 conscriptam
1161 4531 1195 4597 in
1219 4529 1356 4598 Dluscbe
1382 4536 1472 4598 sexto
1496 4527 1657 4597 duonum

120 4631 248 4718 Aprilis,
269 4632 302 4699 iu
324 4632 429 4717 vigilia
450 4631 551 4698 sancti
573 4631 670 4698 Prisci
694 4632 840 4716 martyris
861 4637 895 4698 et
915 4631 1048 4699 Malcho.

121 4938 195 5009 who
222 4834 340 4922 Lenda,
365 4841 439 4927 Lod.
483 4835 648 4921 Tmpeino,
684 4839 846 4923 inpletura.
890 4836 1000 4921 Sroda,
1030 4824 1135 4905 S'roda
1180 4839 1344 4924 lindensis,
1371 4845 1409 4906 de
1434 4843 1533 4906 meda
1578 4838 1656 4906 Diu·

196 4945 336 5026 ‚boot
