4860 6180
1097 797 1171 890 Nr.
1210 803 1311 890 540.
1405 877 1435 898 ,.

536 994 723 1080 Secundus
749 998 906 1082 Promisi
932 1000 1009 1081 dux
1034 1000 1181 1083 Polonie
1208 1004 1343 1082 1284
1370 998 1459 1083 lun.
1484 1003 1573 1095 28,
1599 1001 1642 1082 in
1667 999 1869 1102 Ponnanie3
1888 1016 1980 1084 resu-
2120 1002 2143 1077 .’

433 1118 496 1185 tuit
516 1117 667 1186 eccloeiao
687 1119 894 1186 Poznaniousi
915 1119 1007 1186 villos
1028 1119 1176 1187 Psorskio
1198 1125 1232 1186 et
1252 1119 1430 1201 Juszkowo,
1449 1137 1529 1204 quos
1550 1119 1741 1188 Plrolimirus
1763 1120 1847 1186 tilius
1868 1119 1981 1186 Iohnn·

432 1220 483 1287 nis
504 1220 604 1287 eidem
626 1222 777 1290 eeclesioe
798 1223 965 1306 legaverat.

537 1325 674 1392 Postumi.
718 1329 838 1392 Arcbio.
866 1329 1006 1406 Capituli.
1050 1326 1114 1389 Lib.
1136 1329 1236 1404 privil.
1259 1330 1295 1406 A,
1316 1328 1368 1389 Nr.
1390 1329 1441 1391 57.

536 1545 575 1613 In
595 1547 721 1614 nomine
741 1546 869 1615 Domini
886 1567 986 1616 amen.
1031 1545 1115 1612 Dum
1136 1545 1215 1612 vivit
1234 1545 1344 1615 littere
1361 1548 1440 1614 vivit
1461 1554 1494 1615 et
1515 1550 1600 1616 actio
1616 1549 1782 1614 commissa
1796 1547 1912 1631 littero,
1928 1568 1983 1616 cu·

432 1651 482 1718 ius
504 1649 639 1718 msercio
661 1651 763 1718 nutrit
781 1653 966 1720 memoriam
987 1655 1021 1716 et
1042 1649 1192 1716 roborata
1212 1649 1344 1732 suscipit
1362 1649 1599 1717 incrementum.
1635 1650 1737 1735 Igitur
1750 1670 1808 1718 nos
1827 1651 1983 1720 sccundus

432 1753 565 1822 Premisl
585 1753 645 1820 Dei
666 1755 772 1838 grecia
790 1754 854 1821 dux
876 1753 1005 1821 Polonie
1025 1757 1137 1818 notum
1157 1750 1289 1819 mimus
1309 1753 1465 1820 universis
1484 1759 1550 1820 tam
1569 1753 1768 1838 presentrbas
1788 1774 1884 1838 quam
1897 1754 1983 1823 futu·

432 1856 478 1924 ris
498 1859 677 1942 presentem
698 1857 846 1941 paginam
867 1853 1072 1937 intuentibus,
1093 1854 1178 1937 quod
1200 1860 1319 1922 terram
1339 1855 1407 1922 sive
1426 1855 1533 1922 villum
1552 1875 1615 1942 que
1643 1857 1816 1940 vulgariter
1844 1859 1983 1926 Psurem

335 1942 343 1956 ’
432 1963 642 2044 nuncupetur,
664 1977 759 2042 quum
781 1959 970 2026 Phalimirus
991 1955 1075 2024 filius
1103 1956 1252 2023 Iohannis
1278 1957 1461 2042 possidebat
1480 1965 1514 2026 et
1534 1959 1569 2025 in
1590 1976 1648 2025 suo
1678 1965 1868 2027 testamento
1889 1962 1984 2028 simul

433 2081 505 2130 eum
524 2061 600 2128 villa
617 2080 677 2128 sua
697 2061 831 2129 lnskovo
850 2063 1011 2146 legaverat
1032 2061 1162 2128 ecclesie
1181 2060 1268 2127 beati
1289 2060 1377 2127 Petri
1398 2060 1632 2143 Poznnniensis,
1655 2062 1696 2128 ad
1711 2061 1861 2130 honorem
1874 2063 1936 2130 Dei
1950 2070 1985 2132 et

433 2164 474 2233 ob
494 2165 704 2231 reverenciam
726 2164 890 2231 beatorum
910 2164 998 2231 Petri
1019 2168 1054 2231 et
1074 2162 1166 2230 Pauli
1187 2163 1404 2246 apostolorum
1425 2163 1503 2245 eius,
1533 2182 1591 2248 pro
1619 2163 1730 2230 seluto
1746 2163 1851 2232 anime
1876 2171 1985 2233 nostre

435 2273 468 2334 et
485 2271 653 2352 parentum
671 2273 852 2334 nostrorum
872 2266 1071 2333 restituimus
1091 2265 1185 2348 plena
1205 2263 1433 2332 deliberacione
1460 2265 1572 2332 habita
1595 2266 1648 2350 pie
1669 2272 1703 2333 et
1723 2265 1835 2334 devote
1861 2266 1985 2351 preinte

434 2369 565 2437 erclen
586 2369 688 2436 suncti
710 2369 797 2436 Petri
815 2368 1053 2450 Pornnniensis3
1076 2366 1238 2450 condignis
1260 2367 1359 2434 eciem
1380 2385 1418 2435 nc
1439 2367 1590 2435 benivolis
1619 2367 1827 2452 peticionibus
1855 2387 1984 2436 venere·

433 2471 505 2539 bilis
527 2471 628 2556 putris
649 2470 767 2538 domini
790 2468 940 2538 lobannis
961 2469 1184 2537 Pozneniensis
1206 2469 1344 2554 episcopi
1365 2470 1563 2553 acquescere
1585 2471 1757 2553 cupientes,
1779 2469 1848 2536 iure
1861 2469 1985 2537 heredi·
2047 2531 2049 2534 .

434 2574 516 2642 tario
534 2574 569 2641 in
589 2580 776 2659 perpetuum
797 2574 1016 2666 possidendam
1035 2592 1106 2641 cum
1127 2569 1356 2653 omniscium,
1379 2591 1442 2657 quo
1456 2574 1601 2639 universe
1614 2571 1842 2655 vsslegeudent
1854 2573 1986 2655 annone

434 2677 564 2746 erleio
582 2676 771 2761 supradicte,
793 2677 841 2743 ita
861 2675 946 2760 qnod
968 2676 1003 2742 in
1030 2675 1102 2760 ipsu
1130 2673 1205 2741 villa
1231 2692 1290 2759 pro
1319 2673 1411 2740 nobis
1432 2679 1466 2741 et
1493 2675 1611 2741 nostris
1638 2672 1870 2740 successoribus
1888 2674 1985 2742 nichil

330 2845 332 2855 ,
434 2778 627 2847 iuridicionis
649 2779 776 2863 penitus
796 2797 999 2846 reservamus.
1042 2775 1080 2843 In
1101 2776 1195 2843 huius
1216 2776 1314 2859 igitur
1334 2781 1444 2843 nostre
1464 2776 1675 2842 restitutionis
1697 2775 1793 2842 robur
1813 2782 1848 2843 et
1868 2795 1985 2844 memo·

436 2881 526 2963 mam,
548 2885 727 2966 presentem
747 2880 889 2948 litterum
909 2879 1013 2946 nostri
1033 2878 1129 2962 sigilli
1150 2879 1322 2945 munimine
1342 2879 1489 2945 duximus
1518 2878 1760 2945 confirmandam
1786 2880 1985 2962 presentibus

435 2984 496 3051 hiis
515 2983 667 3050 testibus:
689 2983 816 3049 domino
837 2981 950 3049 Iacobo
972 2981 1132 3065 preposito
1153 2980 1371 3062 Pozneniensi,
1393 2980 1519 3047 domino
1534 2980 1688 3064 Gregorio
1702 2981 1820 3049 decano
1835 2978 1984 3064 eiusdem,

433 3086 560 3153 domino
581 3083 722 3152 Iohanne
742 3084 960 3152 archidiacono
982 3083 1109 3164 ibidem,
1130 3083 1245 3150 comite
1264 3083 1429 3150 Beniomn
1453 3082 1594 3167 palatino
1627 3081 1844 3164 Poznaniensi,
1870 3083 1986 3151 comite
2060 3091 2068 3128 '-

436 3188 615 3256 Thomislao
636 3186 807 3254 castellano
828 3185 1045 3267 Poznaniensi,
1068 3185 1182 3253 comite
1204 3183 1336 3251 Nicoleo
1357 3184 1460 3251 iudice
1482 3185 1567 3251 curie
1589 3190 1706 3250 nostre.
1740 3184 1860 3251 Datum
1879 3185 1912 3251 in
1925 3185 1986 3251 Po·

434 3291 549 3358 znonia
575 3308 657 3356 anno
685 3289 791 3373 gracie
818 3288 945 3355 Domini
972 3288 1138 3355 millesimo
1163 3287 1377 3354 ducentesimo
1408 3288 1621 3372 octuagesimo
1651 3293 1775 3370 quarm,
1810 3286 1985 3355 Indictione

335 3434 345 3445 -
434 3391 627 3473 duodecima,
646 3392 680 3457 in
701 3391 810 3474 vigilie
831 3389 996 3458 beatorum
1016 3391 1104 3458 Petri
1125 3395 1160 3458 et
1180 3390 1272 3458 Pauli
1294 3392 1518 3475 apostolorum,
1547 3409 1605 3476 per
1631 3408 1743 3457 manus
1765 3389 1906 3458 Thilonis
1927 3409 1984 3457 no·

330 3533 343 3542 ·
435 3493 509 3560 rarii
527 3493 612 3562 curie
634 3499 751 3560 nostre.

539 3705 860 3797 Pistorensium.
903 3712 1048 3798 Ieskovo,
1069 3718 1233 3781 Juszkoeo.

1104 4045 1177 4129 Nr.
1211 4045 1311 4130 541.

537 4237 722 4322 Hortinos
742 4239 805 4342 Pp.
822 4238 878 4320 Π
902 4243 1034 4321 1284
1054 4237 1079 4323 J
1080 4241 1130 4324 nl
1150 4246 1196 4337 lt,
1215 4243 1315 4344 apud
1341 4240 1476 4322 Urbem
1495 4243 1672 4342 veterem3
1702 4259 1846 4325 mammo
1871 4258 1985 4325 umbo

435 4357 669 4443 archiepiscopo
691 4358 879 4441 Gneznonsi,
902 4366 939 4426 ut
959 4361 1106 4427 ecclesius
1131 4379 1208 4427 sune
1235 4361 1386 4426 dioecesis
1414 4366 1570 4441 vadentes,
1597 4360 1716 4428 idoneis
1744 4362 1886 4444 personis
1912 4379 1985 4429 oon·

435 4459 518 4528 ferre
539 4462 648 4545 possit.

543 4566 677 4644 i'lrer'roem
703 4567 899 4628 Monumcrrio
920 4569 1022 4629 histor.
1045 4570 1189 4629 Poiooiee
1210 4569 1238 4646 I,
1258 4569 1330 4630 169.

539 4785 696 4851 Martinus
718 4785 882 4867 episcopus
904 4784 995 4867 (eleb,
1024 4783 1194 4850 venerabili
1220 4785 1312 4852 fratri
1336 4786 1360 4851 1.
1382 4787 1617 4872 archiepiscopo
1644 4789 1822 4856 Gncrnensi
1849 4790 1984 4858 salutern

435 4893 531 4962 (ela).
576 4886 625 4952 Ex
646 4893 737 4970 purte
760 4893 817 4952 tua
838 4887 899 4951 luit
920 4887 1115 4968 propediem
1139 4907 1243 4954 corum
1266 4888 1366 4970 nobis,
1396 4890 1479 4972 qrrod
1501 4892 1534 4957 in
1557 4899 1613 4958 tua
1639 4893 1756 4959 ‹lioccsi
1783 4893 1985 4976 quamplures

435 4988 575 5071 melesio,
597 4989 665 5071 lege
688 4988 744 5054 tibi
767 4990 934 5055 diocesano
955 4988 1104 5067 subiecto,
1127 5007 1197 5054 cunr
1223 5008 1300 5056 curo
1321 4997 1354 5056 et
1376 4992 1442 5056 sine
1461 5010 1547 5071 curu,
1577 5001 1667 5060 tanto
1697 4999 1837 5078 temporo
1857 5013 1985 5062 vocnvc·

435 5096 520 5173 mint,
542 5091 625 5173 quod
646 5110 754 5157 intrim
777 5092 903 5156 collatio
924 5089 1094 5156 secuudum
1116 5098 1239 5158 statuta
1259 5093 1480 5160 Lateruuensis
1500 5093 1632 5160 concilii
1647 5101 1697 5161 cst
1718 5096 1757 5161 ud
1781 5095 1893 5163 Sedent
1909 5117 1984 5180 apo-

434 5191 578 5259 stolicam
598 5193 737 5273 legitime
758 5195 914 5260 devoluto.
959 5193 1025 5258 Nos
1047 5200 1152 5259 nutem
1174 5194 1314 5261 volerrtoa
1336 5201 1424 5261 tunm
1446 5215 1540 5279 supr
1561 5196 1620 5262 hoe
1641 5196 1797 5264 lionomre
1817 5217 1984 5281 personum

438 5298 472 5358 et
493 5312 549 5376 per
570 5293 718 5359 honorem
743 5295 799 5360 tibi
822 5295 995 5362 exlribiturn
1018 5295 1088 5359 eliis
1110 5294 1283 5377 providero,
1303 5296 1481 5362 corrierorvli
1509 5298 1568 5365 bac
1598 5300 1664 5366 vice
1686 5299 1864 5367 huiusmodi
1886 5300 1984 5367 eccle-

440 5396 504 5463 sias
525 5397 570 5463 sic
591 5404 747 5478 vorurrtes,
769 5397 899 5481 singulis
921 5398 1062 5482 lursouis
1084 5398 1213 5482 ydonis
1235 5400 1385 5483 singulus,
1413 5401 1659 5469 contrulictorcs
1681 5421 1806 5487 quoquc
1835 5422 1891 5487 per
1913 5423 1984 5470 cerr·
