4860 6180
1765 266 1840 390 ere

296 535 356 587 cua
375 532 497 586 necnon
517 515 559 583 ad
580 515 730 584 looenon
751 518 824 581 tuta
844 517 878 582 at
897 511 1083 598 periculum,
1108 523 1211 586 certos
1237 514 1353 584 cisen
1382 513 1453 596 hoc,
1479 517 1567 586 volut
1588 519 1617 587 si
1645 517 1844 587 eorum-sint

296 619 426 703 iudices,
448 619 601 688 terminos
621 617 825 705 prcligentes3
844 617 884 684 ad
906 636 985 701 quos
1006 618 1034 685 si
1048 620 1159 688 cadom
1179 638 1243 687 non
1257 619 1439 703 detulerint
1462 623 1615 691 mandant
1628 623 1748 691 destrui
1761 623 1844 690 bona

296 728 331 794 et
350 722 493 792 homines
514 723 715 791 ecclesiarum
736 721 876 806 ipsarum
895 738 1012 805 easque
1039 729 1152 791 contra
1176 723 1357 791 libertatem
1383 741 1563 793 concessam
1585 725 1724 794 indebite
1748 725 1844 794 mole·

295 825 386 910 suc,
404 825 485 895 alias
505 825 669 894 libertates
690 830 724 893 et
744 824 960 892 immunitates
981 843 1090 892 camur
1111 826 1256 910 nequiter
1272 825 1469 912 infringendo
1488 831 1522 896 iu
1541 827 1774 912 derogationem
1793 846 1844 898 ec·

296 927 470 999 dmiratice
490 927 658 996 libertatis.
702 927 854 995 Nolentas
880 927 979 1010 igitur
1003 927 1062 995 hec
1092 928 1151 995 sub
1176 929 1426 1000 dissmrulatione
1452 932 1588 999 transire
1613 949 1654 997 nc
1681 936 1845 999 transeant

296 1031 368 1102 aliis
392 1031 426 1099 ln
447 1030 634 1115 exemplum,
655 1030 836 1099 discretioni
856 1035 961 1098 vestre
989 1049 1046 1114 per
1074 1031 1249 1114 apostolica
1277 1033 1398 1118 scripta
1413 1035 1608 1116 mundamus,
1635 1031 1844 1117 quatinussi

297 1137 349 1204 ent
367 1134 425 1217 tu,
446 1132 616 1202 inhibeatis
637 1133 767 1218 prelatis
788 1131 866 1216 ipsis
887 1138 921 1199 et
942 1131 1191 1217 quibuscumque
1210 1134 1283 1202 aliis
1304 1135 1426 1205 clericis
1447 1136 1587 1205 eiusdem
1608 1134 1774 1219 provintie,
1803 1151 1844 1202 ne

297 1236 461 1324 privilegia
482 1236 592 1305 eadem
612 1235 654 1303 ad
675 1235 744 1302 loca
765 1234 944 1302 huiusmodi
964 1233 1086 1302 deleme
1108 1242 1306 1319 presumant:
1325 1238 1422 1308 duces
1442 1245 1477 1307 et
1497 1239 1631 1307 barones
1650 1236 1785 1320 eosdem,
1806 1242 1845 1306 ut

296 1340 339 1411 ab
359 1339 531 1409 eorundem
552 1338 745 1424 prelatomm
774 1344 809 1406 et
836 1336 1039 1405 melesiamm
1065 1355 1160 1422 super
1186 1340 1347 1423 premissis
1372 1342 1593 1411 molestatione
1618 1341 1744 1427 penitus
1770 1358 1844 1409 con·

296 1443 471 1530 querant
489 1441 663 1510 monitione
682 1440 836 1525 premissa
855 1459 912 1525 per
930 1441 1095 1507 censuram
1115 1439 1358 1510 eeclesiasticam
1378 1445 1589 1529 appellatione
1602 1449 1724 1512 remota
1737 1443 1845 1528 previa

297 1545 421 1616 ratione
441 1550 599 1629 cogentes,
621 1544 764 1612 invocato
791 1542 833 1611 ad
861 1541 930 1625 boe,
957 1542 984 1608 si
1013 1559 1093 1625 opus
1114 1540 1220 1626 luerit,
1239 1545 1357 1613 auxilio
1376 1547 1496 1614 brachii
1516 1547 1681 1628 soeulan's3
1709 1546 1843 1632 proviso,
1871 1551 1873 1554 ⁴

297 1667 339 1719 ne
358 1647 393 1717 in
413 1652 517 1717 terras
537 1646 694 1715 dictorum
715 1646 867 1714 nobilium
885 1646 1214 1714 excommunicationis
1233 1648 1284 1716 vel
1309 1649 1471 1718 interdicti
1497 1651 1686 1718 senoentiam
1707 1649 1845 1735 prolem·

298 1751 351 1835 tis,
370 1749 433 1819 nisi
451 1768 549 1835 super
569 1749 629 1818 boc
649 1770 671 1818 a
690 1749 781 1819 nobis
808 1749 992 1818 mandatum
1013 1749 1196 1833 receperitis
1227 1751 1372 1835 speciale.
1416 1752 1489 1820 Non
1514 1752 1714 1820 obstantibus
1737 1752 1845 1837 aliqua

298 1852 389 1924 Sedis
409 1853 582 1939 apostolice
602 1851 799 1937 indulgentia
818 1852 1004 1936 ericumque
1024 1869 1181 1935 concessa,
1211 1872 1269 1937 per
1291 1872 1388 1939 quam
1409 1848 1590 1923 huiusmodi
1611 1854 1752 1921 mandati
1773 1871 1845 1922 exe·

297 1955 385 2025 cutio
402 1954 549 2040 impediri
569 1954 675 2024 valeat
692 1955 742 2021 vel
762 1953 884 2021 differri
904 1959 939 2020 et
957 1953 998 2020 de
1019 1972 1085 2037 qua
1105 1954 1139 2020 in
1159 1955 1356 2039 presentibus
1375 1959 1494 2026 mentio
1514 1956 1584 2025 lieri
1597 1956 1713 2025 debeat
1725 1955 1845 2040 specia-

296 2057 350 2140 lls,
371 2063 406 2126 et
425 2057 651 2126 constitutione
670 2056 711 2124 de
730 2056 853 2123 duabus
874 2054 979 2138 dietis,
999 2054 1087 2123 edita
1103 2055 1137 2122 in
1159 2055 1299 2126 Concilio
1317 2058 1466 2143 generali.
1499 2058 1632 2140 Quodsi
1653 2076 1716 2125 non
1736 2076 1845 2126 omnes

297 2157 361 2226 biis
381 2157 571 2243 exequendis
591 2158 758 2242 potueritis
779 2158 943 2239 interesse,
966 2162 1003 2223 tu
1023 2157 1124 2225 irater
1143 2158 1375 2246 ambiepmoope
1396 2181 1467 2229 cum
1488 2179 1597 2230 eorum
1617 2160 1719 2228 altero
1740 2178 1779 2227 ea
1795 2159 1845 2227 ni·

299 2259 487 2330 cbilominus
509 2260 684 2346 mequarb.
727 2260 847 2330 Datum
867 2259 1005 2329 viterbii
1024 2258 1073 2327 VI
1090 2259 1167 2329 Idus
1187 2260 1279 2345 lunii,
1298 2261 1501 2349 pontificatus
1520 2262 1623 2333 nostri
1641 2280 1724 2331 anno
1739 2262 1843 2332 tertia

966 2627 1050 2716 Nm
1073 2623 1174 2714 359.

401 2836 592 2924 Boleslm
610 2840 687 2924 dur
705 2839 855 2924 Paionia
872 2838 1027 2926 litionis
1043 2843 1176 2925 125⁷
1192 2839 1281 2925 ium
1306 2847 1381 2941 15,
1405 2842 1449 2926 in
1468 2842 1673 2941 Pomanla;
1689 2865 1846 2945 potesta

300 2965 363 3046 tur,
384 2961 533 3031 comitem
556 2959 736 3030 cristarum
757 2961 866 3029 villam
887 2962 1038 3031 Krerowo
1059 2983 1081 3031 a
1099 2963 1290 3031 monasterio
1310 2962 1351 3032 de
1370 2961 1474 3031 Lubin
1495 2964 1618 3032 emisse
1835 3005 1845 3049 ‚-

300 3064 539 3237 mmet
557 3068 698 3236 Macro.
730 3069 873 3146 mpsim.
917 3069 982 3134 tro.
1003 3070 1105 3149 pesa
1134 3070 1172 3149 a,
1197 3069 1253 3133 rr.
1278 3068 1331 3132 cr.
1348 3101 1394 3116 -
1413 3065 1596 3151 namara,
1627 3069 1695 3133 coe
1726 3070 1857 3149 am·

86 3388 147 3432 w
277 3360 299 3449 ἶ
401 3376 1848 3477 mammemmmammcumaommoueneroennerrnmarampoa

301 3492 453 3577 defluant,
472 3491 663 3578 temporales
680 3493 729 3560 illi
746 3493 929 3564 deserviunt
949 3494 1106 3577 accionem
1127 3494 1232 3562 minus
1252 3494 1337 3562 enim
1357 3493 1487 3579 capiunt
1507 3494 1656 3562 memorie
1681 3493 1848 3583 minusqm

300 3595 385 3682 idel,
405 3596 468 3665 nisi
488 3596 601 3682 scripti
620 3597 773 3666 memoria
793 3598 981 3667 fulciantur:
1003 3597 1086 3666 solet
1103 3597 1187 3666 euim
1207 3595 1388 3680 frequenter
1414 3595 1564 3680 accidere,
1589 3595 1675 3680 quod
1702 3596 1847 3665 humanis

299 3697 425 3768 actim
441 3702 628 3783 attemptat·
645 3698 824 3785 calumpnia
845 3700 1019 3770 novercari.
1063 3699 1261 3785 Quapropter
1289 3717 1347 3767 nos
1375 3698 1540 3767 Boleslaus
1569 3698 1630 3767 Dei
1655 3700 1763 3785 gracia
1782 3700 1848 3768 dux

299 3799 431 3870 Polouie
450 3800 584 3869 Maioris
604 3805 716 3869 notum
736 3819 805 3869 cese
821 3802 966 3870 volumus
986 3801 1185 3887 presentibus
1202 3806 1237 3868 et
1253 3799 1369 3868 futuris
1390 3819 1524 3885 quorum
1544 3802 1706 3887 presencie
1719 3820 1847 3887 precem

300 3904 418 3990 pagina
436 3902 588 3987 neem,
611 3903 695 3988 quod
715 3921 818 3971 comes
839 3902 1005 3972 Cristanus
1035 3924 1100 3973 uua
1118 3923 1191 3973 orm
1211 3902 1285 3971 liliis
1306 3904 1383 3985 suis,
1413 3902 1559 3972 ndencet
1586 3903 1713 4000 donnino
1735 3903 1848 3974 Iacobo

300 4006 450 4078 canonico
467 4006 599 4077 ecclesie
616 4006 839 4075 Pozuauiensis
856 4012 891 4076 et
913 4006 1046 4075 Alberto
1066 4005 1165 4074 tratre
1189 4006 1267 4086 eius,
1294 4004 1401 4072 villam
1426 4003 1467 4073 ab
1494 4004 1610 4076 abbate
1634 4007 1675 4075 de
1694 4001 1848 4076 moseusu

301 4115 336 4181 ct
353 4110 518 4182 voluntate
540 4111 642 4180 tocius
663 4115 833 4178 conventus
851 4110 964 4178 domus
984 4113 1092 4178 sancte
1112 4108 1215 4175 Maria
1235 4107 1276 4175 de
1297 4106 1401 4176 lubin
1421 4107 1499 4175 emit
1522 4127 1585 4193 que
1613 4106 1758 4179 Krirovo
1779 4110 1848 4202 rul-

300 4215 420 4303 garltcr
438 4219 648 4300 nuncupatim,
669 4212 738 4281 ium
759 4212 951 4281 hereditario
972 4211 1199 4297 possidendam
1243 4209 1310 4278 Nos
1330 4209 1429 4294 igitur
1452 4210 1740 4280 mimadvermntes
1761 4212 1848 4281 exbi-

302 4315 455 4388 biclonem
474 4316 578 4384 fidelis
599 4315 722 4384 servicii
743 4333 861 4397 eorum,
884 4315 1077 4399 emptionem
1099 4313 1173 4380 ville
1193 4313 1353 4380 nominate
1372 4318 1477 4380 ratam
1502 4319 1537 4381 et
1562 4313 1848 4384 incommutabilem

302 4437 371 4489 csso
390 4419 495 4489 animo
516 4418 661 4504 diligenti
682 4417 913 4500 confirmamus,
935 4416 1036 4502 ipsam
1055 4416 1097 4486 ab
1122 4414 1267 4484 omnibus
1288 4415 1503 4482 exactionibus
1529 4415 1737 4500 absolventes,
1762 4418 1849 4487 ride·

302 4520 377 4589 licet
396 4539 418 4589 a
437 4526 553 4604 straza,
574 4540 596 4588 a
614 4539 718 4603 name,
739 4540 761 4588 a
780 4521 967 4605 podvorove,
989 4539 1010 4586 a
1030 4537 1138 4603 povon.
1184 4517 1298 4585 Corum
1326 4523 1432 4585 castro
1456 4518 1558 4587 incole
1583 4519 1707 4606 pretate
1727 4520 1849 4590 villeri

304 4623 394 4692 citati
414 4622 545 4705 luerim,
566 4641 630 4692 mn
650 4624 876 4708 respondeant3
898 4624 955 4692 sed
976 4624 1202 4708 qualiscunque
1223 4639 1318 4690 musa
1339 4619 1436 4688 merit
1448 4622 1625 4692 necessario
1640 4623 1848 4708 tenninnnda,
1967 4689 1975 4703 ,

302 4731 410 4797 nostre
427 4725 590 4814 presencie
609 4725 777 4794 deleratur.
822 4726 871 4795 Ut
887 4732 996 4795 autem
1016 4726 1075 4795 hec
1095 4733 1206 4794 nostra
1226 4724 1358 4794 donacio
1384 4723 1540 4809 simulque
1566 4724 1765 4795 confirmacio
1795 4715 1850 4796 de·

305 4827 406 4898 bitum
426 4829 518 4899 robur
544 4834 695 4915 perpetue
716 4829 876 4898 lirmitotis
896 4831 1049 4913 obtineat,
1072 4834 1106 4899 et
1125 4848 1167 4898 ne
1187 4830 1221 4897 in
1241 4827 1447 4914 preludicium
1473 4827 1533 4895 Dei
1559 4827 1596 4898 G.
1619 4819 1744 4899 comitis
1769 4827 1850 4898 lilio-

304 4937 437 5018 rumque
457 4932 527 5001 eius
544 4931 709 5018 quisquam
724 4932 907 5018 inexpertus
928 4931 1127 5020 postmodum
1154 4931 1329 5017 excipiendi
1359 4929 1553 4999 occasionem
1577 4950 1660 5000 ausu
1684 4931 1850 5002 anenno

304 5051 368 5104 nou
385 5040 567 5122 attemptet,
589 5053 716 5119 presens
736 5035 890 5120 scriptum
911 5035 1007 5121 sigilli
1023 5034 1125 5103 nostri
1147 5033 1259 5102 robore
1277 5033 1514 5102 communimus
1550 5033 1670 5103 Datum
1684 5034 1718 5102 in
1731 5034 1850 5103 Poena·

295 5136 362 5206 ·uia
380 5156 464 5206 anuo
483 5137 612 5206 Domini
632 5135 742 5206 mcc.
765 5139 1024 5224 quinquagesimo
1046 5136 1181 5222 septimo
1203 5138 1237 5204 in
1256 5134 1309 5204 die
1326 5134 1412 5204 boeti
1434 5135 1512 5218 vici,
1531 5135 1611 5204 teria
1631 5140 1731 5220 sexta,
1749 5135 1852 5206 Indic-

312 5238 400 5310 ciouc
417 5239 530 5328 prima
574 5239 727 5309 Omnibus
747 5248 854 5312 autem
881 5242 963 5312 banc
987 5241 1191 5310 donacionem
1217 5245 1253 5309 et
1276 5239 1548 5309 confirmacionem
1576 5238 1783 5325 nutantibus,
1807 5240 1852 5309 sit
