4860 6180
1906 438 1982 512 505

431 637 630 725 percipiendo
652 658 723 708 cum
742 637 921 705 omnimodo
940 636 1098 705 libertate
1127 635 1175 704 Ut
1197 625 1304 706 autem
1336 641 1448 705 nostra
1462 635 1595 704 donacio
1615 635 1812 705 racionabilis
1830 640 1984 720 pomctm

432 741 654 810 iuviolabiliter
674 746 863 826 perseveret,
885 746 1061 824 presentem
1083 740 1230 825 paginam
1257 741 1357 807 nostri
1379 739 1474 825 sigilli
1503 740 1676 807 munimine
1701 740 1849 806 duximus
1872 737 1984 805 ooniir·

431 843 578 912 mandsm
597 844 797 929 presentibus
818 843 880 909 hiis
899 841 1046 910 testibus:
1071 844 1185 910 comite
1199 842 1364 910 Beniamin
1376 843 1519 926 palatino
1534 843 1751 926 Poanauiensi,
1773 842 1888 910 comite
1901 840 1984 908 'iho-

431 946 542 1014 mislao
563 946 735 1015 castellano
760 944 978 1026 Poznaniensi,
1008 944 1123 1012 comite
1149 944 1279 1012 Nicolao
1310 944 1413 1012 iudice
1438 944 1654 1013 Pozaanieusi.
1698 944 1818 1011 Datum
1839 945 1873 1010 in
1894 943 1985 1010 Kaira

431 1065 514 1116 anno
545 1049 651 1133 gracie
677 1048 804 1116 Domini
831 1046 1099 1126 meolmun,
1128 1070 1151 1112 ιι
1181 1047 1289 1116 Nonas
1316 1047 1473 1132 Octobris,
1502 1049 1678 1117 indictione
1701 1064 1763 1124 xrs,
1789 1066 1848 1131 per
1873 1064 1986 1114 manos

431 1147 572 1219 lhilonis
592 1152 708 1220 nomrii
731 1153 817 1253 curie
837 1157 956 1219 nostre.

534 1353 629 1440 Uace,
657 1357 766 1436 wiese.
809 1355 1012 1441 Polauinovo,
1039 1355 1206 1426 Polemon.

1079 1653 1177 1792 ¹Nn.
1209 1651 1310 1740 546.

534 1844 722 1932 Smmdns
747 1847 905 1932 Promisi
933 1851 1011 1932 dux
1036 1850 1187 1933 Paionia
1213 1854 1353 1933 1284
1379 1850 1452 1935 ilat
1478 1854 1553 1949 18,
1578 1851 1622 1934 in
1646 1850 1774 1954 Kella,
1820 1867 1986 1937 esmant

431 1983 540 2034 omues
558 1965 722 2035 libertates
743 1968 777 2035 in
798 1969 889 2037 bonis
910 1969 1035 2038 comitis
1055 1968 1228 2038 Themislai
1246 1969 1287 2038 de
1307 1969 1501 2058 Saamotuly,
1524 1970 1688 2040 metellani
1702 1971 1937 2055 Pmounesis,
1952 1976 1987 2038 et

431 2068 571 2156 sadonis
591 2089 688 2138 novas
709 2071 920 2159 amplissimos
941 2071 1039 2140 sddit

541 2177 723 2243 ararem
768 2182 897 2246 rrae.
926 2177 1059 2246 mam.
1105 2181 1158 2245 re.
1182 2180 1227 2246 rr.
1249 2179 1303 2260 eo,
1322 2181 1376 2256 sa
1396 2178 1488 2260 soa,

534 2379 573 2447 ia
593 2381 720 2448 nomine
740 2381 867 2450 Domim
888 2401 991 2450 amen.
1036 2382 1121 2450 Dum
1143 2382 1222 2448 vivit
1241 2382 1337 2450 litera
1357 2381 1437 2448 vivit
1457 2386 1492 2449 et
1513 2381 1597 2449 actio
1620 2379 1787 2460 commuue
1806 2380 1910 2464 litere,
1932 2398 1986 2448 cu·

431 2481 482 2549 ius
502 2483 638 2551 morcio
658 2483 762 2551 nutrit
782 2486 964 2552 memoriam
987 2490 1021 2552 et
1044 2484 1208 2563 roborata,
1218 2485 1352 2569 suscipit
1372 2485 1609 2552 incrementum.
1653 2482 1737 2550 iiiuc
1757 2488 1809 2550 cst
1826 2482 1911 2568 quod
1928 2502 1987 2551 uos

432 2583 586 2652 secundm
606 2584 739 2652 Premisl
760 2586 820 2654 Dei
840 2587 948 2672 gracia
968 2587 1034 2654 dux
1055 2587 1185 2655 Polonie
1205 2592 1316 2655 notum
1338 2588 1407 2655 fieri
1428 2587 1572 2655 volumus
1594 2585 1794 2670 presentibus
1815 2593 1849 2654 et
1869 2584 1987 2653 mimis

431 2704 560 2772 precem
581 2687 735 2772 scriptum
757 2687 956 2773 inspecturis,
977 2688 1064 2772 quod
1082 2707 1141 2756 nos
1164 2690 1392 2774 conspicientes
1411 2688 1503 2756 tidele
1529 2692 1564 2756 et
1588 2687 1669 2755 utile
1696 2687 1863 2756 semidam
1885 2687 1988 2756 nostri

432 2786 560 2858 baronis
582 2789 706 2858 comitis
727 2789 899 2858 ibomhlai
921 2790 1087 2859 castellani
1108 2790 1342 2874 Poznaniensis,
1364 2792 1550 2859 innovantes
1580 2790 1799 2858 confirmamus
1821 2796 1856 2857 et
1875 2791 1988 2858 damus

432 2909 557 2959 omnem
577 2891 758 2960 libertatem
778 2893 812 2960 in
832 2891 1061 2960 hereditatibus
1087 2893 1163 2974 suis,
1192 2898 1259 2960 tam
1282 2892 1323 2961 ob
1348 2893 1480 2977 antiquo
1509 2912 1604 2979 quam
1633 2893 1757 2960 nooitm
1777 2890 1914 2960 fideliter
1934 2889 1989 2960 dess

434 2994 569 3077 servitia
587 3013 650 3079 que
668 2996 792 3080 vulgari
810 2997 936 3064 nominc
957 2996 1003 3062 sic
1031 3001 1267 3080 nuncupantur:
1300 2995 1525 3064 SchamothoIc
1549 3015 1621 3064 oum
1647 2996 1720 3064 aliis
1747 2996 1865 3064 circum
1901 2997 1987 3065 adia·
2050 3074 2055 3083 ¹

434 3097 586 3180 ceadbus,
606 3097 728 3165 scilicet
748 3099 891 3182 Petrovo,
915 3099 988 3183 Gay
1010 3104 1045 3166 ct
1064 3099 1203 3183 Becrom
1225 3098 1349 3184 Hoyno,
1380 3099 1531 3167 Paohavre
1552 3117 1592 3165 ex
1618 3104 1756 3182 utraque
1780 3105 1873 3184 parte
1899 3100 1987 3167 luoou

424 3199 531 3285 (lacy,
561 3198 743 3283 Othorowo,
762 3199 895 3284 Othuze,
922 3201 1107 3285 Pomorano,
1138 3201 1286 3285 Okisooo,
1312 3200 1461 3287 Nogyerr,
1489 3200 1634 3269 Cmsele:
1661 3200 1807 3269 videlicet
1832 3207 1987 3284 astreas,

433 3320 596 3385 arsuram,
614 3322 635 3370 a
654 3303 791 3388 prenod,
812 3322 832 3371 a
853 3303 1047 3388 podrorowe,
1067 3324 1088 3370 a
1107 3304 1269 3388 poradlnc,
1291 3323 1311 3372 a
1332 3305 1421 3387 bove,
1442 3321 1584 3385 amcos,
1606 3323 1628 3371 a
1649 3303 1802 3371 citacionc
1825 3305 1931 3386 castri,
1954 3310 1989 3371 et

434 3405 475 3474 ab
501 3405 592 3491 opole
620 3406 748 3491 penitus
768 3406 802 3472 ia
823 3407 911 3474 nullo
932 3413 1032 3487 stere3
1053 3425 1112 3474 nec
1132 3426 1190 3491 per
1210 3407 1348 3492 aliquem
1369 3407 1528 3475 hominem
1549 3406 1650 3488 citati,
1672 3405 1735 3472 nisi
1757 3424 1865 3474 coram
1885 3406 1987 3490 nobis,

433 3512 543 3576 nosue
564 3508 682 3575 mucio
703 3507 808 3576 dictus
830 3508 1027 3575 Themislous
1044 3514 1084 3597 ei
1104 3511 1153 3576 sui
1175 3510 1294 3594 posteri
1313 3516 1347 3578 et
1367 3509 1469 3577 incole
1487 3510 1645 3577 dictarum
1674 3509 1885 3576 hereditatum
1917 3529 1990 3594 pm·

433 3611 547 3694 vocati,
567 3610 758 3678 tenebuntur
778 3611 978 3695 respondere.
1025 3602 1230 3680 concedimus
1260 3618 1294 3679 et
1319 3613 1433 3680 damus
1461 3611 1585 3698 prefato
1614 3612 1722 3678 comiti
1747 3611 1928 3679 'ihomislso
1957 3618 1990 3679 et

433 3729 490 3781 sue
513 3713 696 3798 posteritati
720 3713 754 3780 ia
784 3713 1015 3782 hereditatibus
1043 3715 1308 3797 supranominatis
1338 3715 1443 3784 locare
1470 3716 1521 3781 ius
1551 3714 1790 3798 Tbcutonicum,
1820 3714 1990 3782 secundum

434 3815 586 3900 placitum
606 3821 640 3883 et
660 3816 750 3882 iusto
771 3817 843 3885 iura
864 3817 1059 3885 Tbcutonica
1081 3823 1204 3885 smtuto
1226 3823 1260 3884 et
1281 3818 1438 3900 stabilito;
1464 3817 1497 3885 in
1518 3817 1635 3901 quibus
1654 3817 1748 3899 ullis,
1777 3823 1844 3885 tam
1867 3817 1900 3883 in
1922 3817 1991 3885 iure

433 3918 627 3987 Tbcutonica
646 3935 742 4002 quam
764 3919 798 3985 in
818 3919 976 4002 Pelopiae,
1000 3938 1107 3987 omnes
1129 3927 1260 4002 questos
1282 3925 1316 3986 et
1333 3925 1504 4005 pmventus
1525 3919 1664 4002 recipere
1679 3917 1871 3985 tenebuntur
1885 3918 1991 3986 dictus

433 4021 630 4090 Tbomislaus
652 4026 686 4088 et
703 4022 753 4088 sui
775 4040 979 4089 successores.
1024 4020 1105 4088 item
1126 4022 1232 4089 omnia
1253 4022 1370 4090 iudicia
1391 4028 1424 4090 ct
1442 4023 1587 4090 enudus
1610 4039 1673 4105 quc
1701 4020 1734 4087 in
1756 4020 1825 4088 iure
1850 4020 1989 4089 Thesto-

435 4124 506 4193 nico
528 4129 561 4190 et
584 4123 731 4191 Polonlco
753 4123 910 4191 habentur
927 4131 961 4191 et
981 4124 1115 4191 inveniri
1135 4131 1278 4208 possunt,
1300 4126 1384 4194 sicut
1405 4127 1438 4192 in
1460 4124 1664 4209 suspensione
1684 4125 1854 4207 lamonem,
1880 4125 1913 4191 in
1935 4126 1989 4193 de·

436 4227 614 4309 cohadone,
638 4225 840 4294 mutilacione
855 4227 1075 4309 membrorum,
1098 4233 1132 4294 et
1152 4228 1337 4310 homicidiis,
1360 4230 1393 4295 in
1414 4228 1529 4310 duello,
1552 4229 1619 4294 sive
1639 4227 1673 4293 in
1692 4229 1835 4295 emanire
1856 4246 1938 4311 aque
1953 4234 1986 4295 ot

435 4327 523 4396 ierri:
546 4330 654 4396 comiti
674 4329 853 4397 'ihomislao
876 4337 910 4397 et
931 4331 996 4396 suis
1018 4330 1162 4414 posteris,
1186 4331 1304 4415 absque
1326 4332 1411 4397 omni
1433 4347 1590 4396 assessore
1611 4330 1713 4395 nostri
1734 4328 1865 4395 dominii
1886 4336 1921 4397 et
1935 4350 1989 4398 cn-

435 4431 563 4499 iuslibet
580 4433 750 4516 potestatis
773 4434 838 4499 sire
860 4433 1035 4515 dignitatis,
1056 4453 1113 4517 pro
1132 4453 1167 4500 se
1188 4433 1337 4514 indicare,
1360 4439 1394 4500 et
1408 4451 1516 4499 omnes
1530 4436 1702 4514 proventus
1715 4430 1902 4500 iudiciorum
1918 4452 1991 4500 con·

435 4533 573 4600 cedinus
595 4539 629 4600 ei
658 4534 878 4602 confirmamus
908 4534 1047 4618 recipcre
1075 4540 1109 4601 ot
1135 4535 1324 4602 hereditarie
1352 4536 1384 4601 in
1412 4540 1599 4620 perpetuum
1629 4533 1799 4618 possidere.
1843 4536 1934 4618 item,
1964 4535 1992 4601 si

435 4637 484 4702 sui
506 4636 647 4704 homines
667 4637 706 4703 dc
728 4637 811 4703 villis
832 4637 908 4719 suis,
932 4638 964 4702 in
987 4638 1100 4703 alienis
1122 4636 1204 4701 villis
1227 4655 1283 4703 seu
1305 4639 1408 4704 alieno
1430 4637 1521 4721 opole
1543 4637 1676 4703 invicem
1706 4638 1769 4704 cluo
1796 4638 1914 4705 moriat
1942 4657 1995 4705 oc·

436 4740 502 4821 cisi,
524 4759 637 4823 ponam
659 4741 724 4807 sive
747 4740 870 4823 culpam
894 4741 976 4809 idom
999 4739 1196 4806 Themislnus
1216 4746 1250 4807 et
1272 4740 1320 4805 sui
1343 4758 1537 4807 successoros
1559 4740 1701 4823 recipere
1718 4739 1844 4807 debent
1872 4739 1994 4806 Damus

435 4843 535 4909 eciam
557 4842 667 4908 incolis
689 4843 756 4908 slve
777 4842 1007 4909 habitatoribus
1026 4843 1182 4910 (liciarum
1206 4845 1427 4926 irorediiatum,
1450 4845 1484 4909 in
1504 4844 1654 4910 ‹listrictu
1674 4845 1774 4909 nostri
1803 4844 1934 4910 dominii
1955 4844 1994 4909 ll·

436 4943 591 5012 bertatem
612 4963 633 5009 a
652 4944 810 5012 solucione
832 4946 967 5013 thelonei
991 4946 1169 5027 cuimdibet,
1193 4965 1213 5013 a
1236 4947 1406 5027 tharpowo,
1429 4947 1526 5012 libore
1548 4947 1695 5027 transire,
1718 4946 1837 5013 intrare
1850 4950 1884 5014 et
1897 4947 1993 5028 exire,

436 5049 562 5115 nomine
584 5049 829 5115 contradicente.
875 5048 1060 5132 Speciaiina·
1080 5070 1153 5115 vero
1173 5050 1204 5115 in
1227 5049 1450 5116 Sciramotlmie
1471 5049 1585 5130 iorum,
1607 5048 1692 5131 quod
1713 5053 1764 5114 ost
1784 5067 1805 5114 a
1826 5055 1918 5133 patre
1940 5069 1995 5116 no·

435 5158 503 5216 stro
524 5151 692 5217 mnis-simo
714 5158 749 5217 et
771 5151 849 5217 dureo
871 5151 999 5219 Polonie
1018 5151 1118 5217 felicis
1141 5153 1289 5218 rarenrorio
1310 5170 1367 5233 per
1388 5151 1449 5215 ianr
1472 5150 1573 5216 iatum
1604 5151 1750 5216 comitem
1774 5149 1988 5217 Themislaom

436 5254 521 5320 fialeli
539 5259 573 5321 et
595 5255 753 5321 corastanti
775 5256 906 5320 seruicia
926 5255 1128 5335 deserebam,
1151 5256 1385 5334 sullimannum
1408 5254 1440 5318 in
1460 5272 1523 5338 quo
1545 5252 1613 5318 loro
1635 5254 1851 5336 qualecunque
1872 5252 1991 5320 iactum

435 5357 609 5440 emerserit,
630 5363 694 5424 tans
719 5359 801 5423 inter
822 5376 896 5425 suos
924 5358 1067 5425 lroruinus
1088 5377 1183 5442 qrram
1214 5359 1297 5425 inter
1315 5361 1490 5440 extrancos,
1522 5374 1626 5422 comus
1652 5355 1850 5425 llromislous
1879 5362 1914 5424 et
1934 5374 1994 5424 sua

1801 5475 1838 5534 di
