4860 6180
1109 389 1183 479 Nr.
1217 387 1317 481 265.

535 545 778 672 indemnitas
804 587 867 690 Pp.
893 585 949 669 IV
976 591 1111 668 1247
1138 588 1210 672 liet
1236 590 1319 688 23,
1348 588 1542 693 Lugdunu
1577 606 1804 676 monacnum
1843 602 2012 699 Parme

432 707 492 777 snb
511 707 544 778 b.
565 707 653 776 Petri
674 726 827 792 suamque
848 707 1074 792 protectionem
1096 709 1238 794 suscipit

536 816 680 894 Perpw.
701 817 817 892 ornum
839 814 924 875 lireio
944 813 1066 874 dziurki
1086 815 1128 875 od
1144 814 1383 892 przymieszenta
1401 812 1487 874 bam:
1507 809 1711 877 Innocentius
1731 808 1789 895 Pp
1808 807 1884 893 1111,
1897 815 1984 886 iiim

433 916 542 981 modae
568 918 751 980 zucioeune
779 914 931 979 miticies
957 914 1037 977 rotie
1064 919 1230 978 ettoczone
1251 916 1315 977 cici
1342 930 1446 977 crem.
1476 911 1581 977 iiiii.
1600 913 1765 990 Jedwubite
1810 914 1860 978 No
1887 917 1984 985 lorice

434 1021 533 1085 uhta
561 1019 636 1082 odoi
652 1021 806 1097 podpiru:
834 1014 903 1098 Ego
922 1013 1123 1080 Innocentius
1144 1024 1201 1081 etc.
1229 1034 1275 1095 po
1291 1011 1415 1094 ριωυὴ·
1432 1015 1536 1094 Krzpt
1556 1034 1584 1075 ιν
1599 1013 1796 1094 pierictenia,
1818 1035 1845 1076 ιν
1861 1015 1983 1099 ltdrepo

432 1123 525 1186 olcis
544 1123 686 1201 unrado:
707 1123 799 1185 notas
820 1117 916 1185 michi
937 1115 987 1185 ian
1008 1117 1134 1185 domine
1155 1136 1242 1186 ntcas
1264 1118 1344 1200 vite3
1366 1139 1393 1180 ιν
1407 1117 1523 1182 Μαι
1535 1137 1558 1181 a
1570 1116 1666 1197 pore:
1680 1114 1748 1185 Sos.
1759 1116 1875 1183 Petrus
1892 1119 1899 1198 1
1917 1117 1982 1191 Sci,

433 1220 567 1304 Paulas,
588 1241 632 1286 ac
653 1225 734 1287 deb:
754 1218 957 1287 Innocentius
979 1219 1035 1305 Pp.
1055 1219 1133 1302 1111;
1152 1242 1196 1301 po
1217 1220 1304 1301 teneri
1320 1224 1452 1302 podpim
1471 1241 1498 1282 e
1511 1223 1729 1298 nomem:
1749 1218 1825 1286 Filii
1837 1218 1917 1288 bene
1930 1241 1983 1292 va·

432 1322 506 1393 lete
528 1328 632 1390 Przed
646 1328 803 1406 podpiaem
820 1327 957 1403 tuidepo
978 1324 1114 1389 fmiadio
1127 1343 1329 1407 mrpremanp
1343 1326 1434 1407 mult,
1455 1344 1483 1387 ιν
1496 1326 1626 1404 jednym
1639 1343 1657 1387 z
1671 1326 1856 1404 romscot
1867 1325 1983 1391 irunt·

537 1529 674 1598 Ροτιιιιιὶ.
707 1532 873 1596 Bibliolelto
894 1528 1066 1613 Raoeyrirlr.
1085 1532 1225 1609 Bipiemo
1246 1535 1282 1609 A,
1305 1531 1358 1599 lo‘.
1372 1563 1407 1577 -
1428 1527 1610 1614 Roczprieiti,
1637 1531 1705 1594 Coti
1727 1531 1849 1611 alpem.
1873 1534 1983 1600 Noton

536 1840 738 1910 hnoceutius
759 1842 923 1926 episcopus
944 1857 1055 1908 servus
1076 1858 1237 1909 servornm
1257 1839 1328 1923 Dei,
1356 1839 1480 1908 dilecus
1506 1836 1581 1906 filiis
1608 1837 1717 1907 abbati
1740 1842 1924 1909 monmmrii
1944 1843 1985 1912 de

432 1944 584 2016 Paraduo
606 1945 737 2030 duaque
756 1943 909 2012 frutnbus
931 1948 998 2011 tarn
1026 1943 1225 2027 presentibus
1249 1960 1345 2027 qnam
1366 1942 1483 2010 futuris
1506 1942 1684 2028 regularem
1703 1944 1804 2011 vitam
1824 1943 1984 2028 professis.

432 2047 472 2117 ln
492 2053 678 2134 perpetuam
699 2046 891 2113 memoriam.
927 2045 1118 2129 Religiosam
1139 2047 1238 2113 vium
1260 2046 1448 2132 eligentibus
1476 2046 1685 2130 apostolicum
1707 2048 1854 2116 convenit
1875 2047 1985 2117 adesse

431 2148 614 2237 presidium,
636 2147 780 2216 neforto
801 2147 970 2215 cuiuslibet
990 2139 1179 2215 temeritatis
1209 2149 1354 2216 incursus
1377 2154 1435 2217 ant
1462 2167 1517 2217 eos
1542 2169 1564 2217 a
1587 2150 1751 2235 proposito
1771 2156 1907 2231 revocet,
1928 2156 1986 2218 aut

432 2252 532 2322 robur
548 2252 633 2339 qnod
655 2251 750 2330 absit,
772 2268 861 2318 sacre
881 2251 1041 2334 religionis
1062 2249 1222 2334 infringat
1265 2251 1445 2336 Eapropter
1465 2251 1574 2319 dilecti
1595 2251 1630 2318 in
1647 2251 1784 2319 Domino
1797 2250 1856 2319 filii
1870 2253 1986 2321 rmus
2112 2247 2118 2256 ’

372 2394 377 2401 =
431 2355 526 2425 iustis
546 2353 813 2442 postulationibus
839 2352 1010 2420 elementer
1029 2357 1218 2433 annuentes,
1245 2358 1279 2420 et
1302 2353 1529 2420 monmterium
1554 2359 1663 2422 sancte
1688 2353 1749 2422 liei
1769 2355 1931 2438 emittitis
1952 2362 1987 2424 et

431 2453 562 2545 uliginis
582 2457 686 2526 biario
706 2456 748 2524 de
767 2455 919 2523 Pmadiso
939 2454 1163 2522 Posuanleusis
1184 2452 1331 2539 diones,
1361 2455 1395 2522 in
1415 2472 1479 2540 quo
1499 2455 1606 2522 divim
1627 2456 1706 2523 estis
1726 2456 1878 2542 obsequio
1897 2476 1987 2525 man·

432 2561 541 2647 cipati,
562 2560 622 2629 sub
643 2560 729 2628 beati
752 2559 839 2626 Petri
859 2565 894 2626 et
914 2561 1024 2624 nostra
1045 2557 1240 2640 protectione
1261 2558 1459 2643 suscipimus,
1479 2563 1514 2625 et
1527 2559 1685 2642 presentis
1698 2559 1808 2645 scripti
1821 2559 1986 2644 privilegio

434 2664 670 2733 communimus.
715 2661 754 2730 In
782 2661 893 2747 primis
924 2658 1079 2744 equitem
1110 2664 1302 2742 statuentes,
1328 2664 1366 2727 ut
1392 2658 1478 2728 Ordo
1504 2662 1699 2729 monmucns
1729 2661 1784 2745 qni
1812 2662 1987 2730 secundm

432 2765 536 2836 Deum
555 2772 590 2835 et
610 2765 695 2834 beati
716 2763 879 2832 Benedicti
901 2762 1041 2847 regulam
1062 2767 1159 2846 atem
1178 2761 1411 2829 institutionem
1431 2760 1688 2831 cisterciensium
1701 2762 1986 2847 innumerabis

431 2875 508 2956 post
527 2867 702 2937 &nulium
722 2866 870 2952 generale
890 2871 1083 2950 susceptam,
1113 2867 1146 2931 ln
1171 2863 1281 2932 eodem
1308 2867 1499 2933 monasterio
1525 2867 1693 2934 institutas
1710 2884 1780 2934 esse
1800 2867 1985 2950 dinoscitur,
2043 2870 2046 2875 ’

432 2971 594 3058 perpetuis
614 2970 730 3038 ibidem
752 2968 946 3054 temporibus
968 2965 1191 3035 meiolabiliter
1210 2966 1406 3035 observetur.
1438 2967 1599 3050 lietera,
1621 2986 1825 3052 qnmeunque
1846 2986 1987 3054 possses·

432 3072 547 3158 doum,
569 3091 765 3159 nucemque
786 3071 871 3140 bona
891 3070 975 3138 idem
995 3070 1220 3137 monasterinm
1237 3069 1512 3154 impresentiarum
1530 3070 1615 3138 iuste
1627 3087 1666 3138 ac
1680 3071 1828 3141 mnouies
1845 3071 1988 3156 possidet

296 3197 298 3201 ’
430 3182 490 3246 aut
514 3176 548 3244 iu
572 3174 715 3244 futurum
741 3173 940 3242 concessione
966 3170 1164 3256 pontificum,
1190 3170 1358 3255 largidone
1385 3188 1495 3255 regum
1523 3171 1574 3240 vel
1599 3171 1794 3257 principum,
1827 3173 1988 3244 obbuoue

432 3276 583 3361 mnium,
604 3295 661 3346 sen
682 3277 754 3346 aliis
775 3276 869 3343 iustis
888 3274 989 3342 modis
1008 3278 1170 3358 prestante
1190 3272 1326 3340 Domino
1346 3272 1466 3358 poterit
1486 3273 1629 3359 adipisci,
1649 3273 1743 3342 firma
1755 3275 1844 3344 robis
1856 3277 1987 3344 vestris·

432 3398 496 3468 que
516 3378 747 3449 succesoribus
764 3384 800 3446 et
816 3376 941 3445 illibata
961 3380 1183 3460 permaneant3
1205 3376 1240 3443 in
1259 3374 1374 3460 quom
1394 3375 1452 3444 bec
1471 3377 1608 3463 propriis
1621 3376 1769 3446 dammas
1782 3379 1989 3464 exprimenda

432 3481 603 3553 rocabtdis.
635 3480 756 3550 locum
776 3481 880 3566 ipsum
900 3480 935 3546 in
956 3497 1019 3564 qno
1040 3476 1198 3564 prefatum
1219 3478 1446 3546 monesterium
1466 3479 1564 3547 situm
1584 3485 1636 3548 est
1654 3498 1727 3548 cum
1747 3481 1892 3549 ommbus
1913 3501 1987 3568 per·

432 3583 577 3654 mdis
601 3585 678 3667 suis,
699 3583 912 3669 possessiones
933 3600 1012 3667 quas
1034 3581 1159 3649 habetis
1179 3582 1213 3647 in
1234 3581 1311 3649 locis
1332 3580 1387 3665 qni
1408 3578 1558 3649 dicuntur
1578 3582 1715 3665 Pecoliz,
1744 3582 1867 3666 Labici,
1889 3583 1988 3652 Lubi-

308 3689 311 3700 '
434 3685 536 3771 nuce,
554 3685 705 3778 Rusinov,
739 3684 865 3767 Sacrae,
898 3683 1049 3770 Syronov,
1082 3682 1232 3765 Saborov,
1260 3681 1434 3767 couerach,
1461 3683 1633 3753 Albreccov
1659 3691 1694 3753 et
1720 3684 1886 3771 (frenator,
1915 3706 1987 3756 cum

432 3788 545 3876 pratis,
566 3789 676 3870 unus,
698 3788 804 3869 terris,
824 3786 1013 3870 nemoribus,
1035 3787 1175 3872 usuagiis
1196 3792 1230 3853 et
1247 3787 1372 3872 pascens
1393 3787 1427 3854 in
1447 3786 1543 3856 bosco
1563 3788 1652 3855 etin
1672 3787 1778 3873 plano,
1800 3789 1835 3856 in
1847 3790 1940 3874 aquis
1953 3794 1989 3858 et

433 3891 630 3975 molendinis,
662 3891 697 3959 in
726 3891 786 3958 viis
810 3896 844 3958 et
870 3892 1005 3974 semitis,
1035 3897 1069 3958 et
1094 3888 1239 3957 omnibus
1264 3890 1335 3957 aliis
1358 3888 1559 3959 ubertatibus
1585 3895 1619 3957 et
1639 3891 1893 3960 immunitatibus
1910 3892 1987 3960 suis.

435 3992 531 4079 Sane,
551 3993 710 4063 novalium
731 3998 907 4062 vesuorum
928 4012 990 4078 qne
1011 3994 1148 4078 propriis
1169 3991 1314 4059 manibus
1337 3998 1435 4077 atque
1460 3992 1637 4076 sumptibus
1666 3992 1780 4076 colitis,
1806 3993 1847 4061 de
1872 3992 1989 4078 quibus

432 4095 556 4167 nuctm
576 4097 692 4182 aliquis
713 4095 865 4164 hoeoenus
886 4114 950 4163 nnn
970 4097 1122 4181 percepit,
1144 4096 1210 4163 sive
1229 4095 1270 4163 de
1290 4095 1380 4178 ortis,
1402 4096 1548 4180 virgultis
1565 4102 1600 4164 et
1619 4095 1849 4181 piscacionibus
1861 4097 1987 4179 vestris,

432 4199 485 4270 tel
508 4199 550 4268 de
575 4199 779 4267 nutrimentis
799 4198 982 4266 animalium
1003 4206 1194 4281 vestrorum,
1225 4198 1330 4265 nullus
1350 4218 1372 4266 a
1391 4199 1479 4266 vobis
1499 4200 1637 4266 decimas
1662 4199 1787 4282 exigere
1813 4199 1864 4267 vel
1882 4204 1987 4268 extor-

294 4359 297 4365 .
433 4320 531 4389 quere
548 4308 720 4387 prasumat
764 4301 876 4369 Liceat
896 4319 1021 4386 quoqne
1042 4301 1131 4369 vobis
1153 4301 1284 4369 clericos
1304 4301 1354 4369 sel
1376 4301 1474 4370 laicos
1494 4302 1611 4371 liberos
1631 4308 1665 4370 et
1685 4302 1860 4384 absolutos,
1881 4303 1988 4370 sermo

432 4403 598 4491 umentes,
630 4404 673 4472 ad
704 4405 938 4472 conversionem
969 4405 1109 4489 recipere
1134 4411 1169 4473 et
1194 4423 1248 4472 eos
1276 4405 1395 4488 absque
1428 4406 1678 4474 contradictione
1702 4404 1810 4489 aliqua
1840 4405 1988 4474 retinere

433 4505 639 4576 Prohibemus
662 4508 800 4592 iusuper,
828 4513 866 4574 ut
893 4507 973 4574 nulli
999 4506 1133 4575 fratrum
1157 4512 1332 4574 vestrorum
1359 4513 1433 4591 post
1462 4506 1578 4576 betam
1604 4508 1638 4574 iu
1667 4508 1860 4575 monasterio
1881 4513 1988 4575 vestre

433 4607 658 4696 professionem
679 4614 809 4694 possent
829 4609 897 4675 sinc
918 4607 1042 4676 abbatis
1064 4610 1113 4676 sui
1135 4609 1267 4676 licencia
1287 4607 1328 4674 de
1348 4609 1457 4676 eodem
1478 4610 1549 4678 loco
1574 4608 1747 4691 discedere;
1775 4609 1988 4678 disoedentem

434 4729 509 4782 vero
529 4711 649 4796 annm
670 4712 881 4780 communium
902 4711 1081 4779 litterarum
1102 4717 1278 4779 vestrarum
1301 4711 1458 4794 caucione,
1480 4713 1588 4779 nullus
1600 4712 1717 4779 audeat
1730 4712 1876 4781 renuere
1898 4712 1989 4794 Quod

434 4813 463 4883 sl
480 4813 553 4901 quis
574 4813 710 4882 retinere
731 4812 813 4881 forte
833 4815 1070 4898 presumpserit,
1091 4813 1214 4882 licitum
1235 4813 1279 4879 sit
1299 4810 1398 4896 robis,
1420 4813 1453 4880 in
1473 4815 1559 4898 ipsos
1574 4815 1745 4884 monachos
1759 4814 1809 4883 vel
1822 4833 1989 4883 conversas

434 4917 610 5005 munem
632 4918 823 4986 mutentiam
843 4918 1049 5002 promulgare.
1094 4916 1178 4985 Illud
1199 4915 1375 4984 districtius
1397 4916 1591 5000 inhibentes,
1618 4923 1657 4984 ut
1682 4923 1784 4985 terras
1813 4936 1870 4985 sen
1889 4916 1988 5001 qnod·

365 5076 379 5085 ..
435 5017 515 5089 libet
530 5019 715 5089 munuum
735 5020 926 5088 monasterio
946 5026 1051 5088 restro
1072 5019 1238 5101 collatum,
1268 5018 1363 5086 liccat
1389 5018 1484 5086 alicui
1515 5019 1723 5104 personaliter
1751 5020 1822 5088 dari
1839 5020 1907 5088 sive
1924 5019 1989 5087 alio

296 5225 300 5233 Ι
437 5121 531 5193 modo
551 5123 685 5194 adenari
705 5123 825 5210 ubsqne
842 5141 995 5194 ormense
1017 5122 1116 5192 totim
1138 5121 1279 5210 capituli
1305 5121 1355 5191 vel
1376 5122 1506 5192 maioris
1526 5127 1584 5191 ant
1604 5123 1739 5192 sanious
1760 5121 1862 5209 panis
1878 5120 1988 5208 ipsius.
