4860 6180
594 398 691 475 378·

592 598 668 670 lnde
688 597 748 666 tibl
769 596 872 665 Deum
892 597 1007 665 reddos
1029 593 1211 683 propitium,
1234 598 1269 661 et
1292 589 1405 660 Sedom
1426 587 1664 725 apostolieum
1654 607 1688 657 ιι
1710 584 1776 656 tuis
1797 580 2003 670 beneplacitis
2030 599 2157 667 promp-

597 701 722 773 tiorem.
766 699 896 790 (nomo
917 710 952 768 ιιι
971 698 1094 788 repro)

1272 998 1347 1084 Νι.
1379 993 1480 1082 426.

702 1197 868 1284 Glemona
895 1197 959 1300 Pp.
985 1195 1041 1278 IV
1069 1201 1203 1280 1267
1228 1195 1316 1281 Jun·
1343 1201 1380 1292 1,
1405 1190 1583 1293 Viiorbii3
1605 1206 1738 1292 suscipit
1758 1202 1986 1272 monasterium
2001 1199 2041 1269 de
2055 1198 2160 1267 Lubin

599 1328 634 1392 et
651 1317 867 1408 possessiones
887 1317 957 1385 eius
978 1316 1038 1383 sub
1060 1316 1146 1385 beati
1166 1316 1254 1384 Petri
1275 1321 1311 1385 et
1330 1332 1420 1381 suom
1442 1313 1680 1400 protectionem.
1869 1360 1875 1376 ,
2222 1392 2226 1401 Ι

702 1419 846 1502 Peroora.
876 1425 996 1501 orppirc
1039 1423 1089 1484 No
1109 1422 1231 1485 alciaco
1253 1419 1457 1501 jadmolopcl
1489 1434 1634 1482 cemma
1664 1417 1676 1478 t
1704 1409 1773 1478 edd.
1800 1413 2030 1492 przproieozono
2062 1410 2161 1474 tota:

600 1524 747 1597 clemens
768 1521 826 1610 Pp.
847 1521 924 1590 1111.

708 1623 845 1694 Ponet
889 1629 1009 1707 Kdnipl.
1035 1629 1140 1692 Stuotr
1160 1628 1252 1693 Arci.
1275 1627 1373 1691 Latio
1394 1627 1426 1691 3.

706 1829 853 1901 Clemens
873 1832 1040 1917 episeopus
1061 1842 1170 1900 servus
1192 1850 1355 1900 servorum
1375 1831 1447 1915 Dei,
1467 1830 1593 1898 dilectis
1614 1826 1690 1896 iliis
1710 1825 1820 1896 abbati
1837 1832 1872 1894 et
1900 1823 2078 1893 Οοιιιιιιιι
2098 1820 2164 1890 Lu·

603 1934 729 2006 amend
750 1933 975 2004 Poznnniensis
996 1935 1139 2019 diocesis
1161 1934 1289 2004 Ordinis
1306 1937 1409 2005 sancti
1429 1934 1605 2016 Benedicti,
1626 1932 1764 2000 odotem
1785 1936 1819 1998 et
1840 1929 2048 2014 apostolicam
2068 1923 2165 1993 bene·

603 2036 786 2108 dictionem
830 2036 1042 2108 Samosancta
1061 2037 1205 2106 Ronmna
1225 2039 1360 2108 eeclesia
1377 2039 1508 2109 devotos
1527 2044 1562 2108 et
1582 2036 1718 2105 humiles
1736 2035 1819 2103 dlios
1840 2053 1880 2103 er
1893 2037 2021 2102 assuete
2034 2029 2165 2118 pietatis

600 2139 705 2211 officio
723 2143 911 2227 propensius
931 2142 1064 2227 diligero
1091 2143 1264 2226 consuevit,
1293 2150 1328 2211 et
1355 2163 1397 2212 ne
1424 2160 1594 2228 pravorum
1620 2140 1783 2208 hommum
1808 2137 1964 2206 molestiis
1991 2135 2165 2220 agitentur.

601 2262 657 2314 eos
678 2248 831 2329 tenquonr
851 2245 907 2330 pia
926 2252 1031 2312 mater
1051 2263 1108 2313 sue
1136 2246 1342 2329 protectionis
1367 2245 1540 2334 munimine
1568 2242 1742 2312 confovere
1786 2240 1967 2327 Eapropter
1991 2237 2102 2306 dilecti
2131 2237 2166 2304 in

464 2343 466 2347 ’
601 2345 739 2417 Domino
759 2345 829 2430 filii,
848 2347 963 2415 ιιιιιιι
984 2346 1078 2415 iustis
1099 2348 1366 2432 postulationibus
1392 2355 1485 2434 grate
1513 2352 1737 2417 consumentes
1761 2361 1903 2425 assensu,
1933 2359 2086 2428 personas
2113 2357 2167 2409 ιι-

602 2453 688 2519 amas
701 2454 737 2518 et
749 2449 977 2517 monesterium
996 2449 1030 2517 in
1052 2469 1115 2535 quo
1134 2450 1241 2518 divino
1262 2453 1340 2520 estis
1362 2451 1512 2536 obsequio
1530 2448 1714 2534 mancipati,
1736 2465 1808 2515 cum
1830 2445 1976 2515 omnibns
1996 2443 2166 2527 bonaque

604 2550 882 2637 impresentiarum
912 2550 1144 2620 mtionabiliter
1164 2553 1306 2637 possidet
1325 2560 1384 2622 aut
1403 2555 1438 2622 in
1458 2553 1602 2622 tumrum
1623 2550 1717 2620 iustis
1737 2549 1840 2618 modis
1854 2551 2018 2635 prestante
2031 2545 2168 2615 Domino

604 2652 727 2741 poterit
747 2652 891 2773 adipisci,
912 2654 973 2722 sub
993 2653 1079 2723 beati
1100 2654 1188 2723 Petri
1210 2662 1245 2723 et
1264 2664 1376 2725 nostra
1396 2658 1594 2743 promotione
1615 2654 1813 2740 suscipimus
1858 2650 2047 2736 specialiter
2060 2655 2169 2717 antem

604 2761 721 2839 ιιιιιι,
743 2755 958 2842 possessiones
980 2757 1100 2827 etalio
1120 2756 1204 2825 bona
1224 2765 1342 2857 vestra,
1364 2760 1449 2828 sieut
1469 2777 1509 2828 ιι
1528 2759 1637 2845 ιιιιιι
1656 2759 1741 2826 iuste
1761 2775 1800 2826 ac
1827 2753 1958 2842 pacifiee
1987 2753 2168 2840 possidetis,

603 2857 694 2928 vobis
715 2863 750 2928 et
770 2877 829 2943 per
849 2873 906 2926 ros
927 2859 1029 2928 eidem
1036 2850 1245 2934 'llidnasterro
1266 2852 1373 2929 vestro
1394 2862 1588 2929 auctoritate
1609 2860 1786 2946 apostoliea
1807 2858 2029 2926 eondrmamus
2050 2862 2085 2924 et
2098 2873 2170 2940 pre·

512 2978 516 2985 ’
605 2960 706 3030 emtis
723 2960 836 3047 scripti
857 2961 1035 3047 patrocinio
1056 2952 1294 3035 communimus
1338 2963 1428 3031 Nulli
1449 2983 1525 3049 ergo
1547 2963 1675 3032 omnino
1693 2962 1855 3031 hominum
1876 2959 1972 3027 liceat
2000 2959 2085 3027 hane
2113 2976 2170 3043 pa·

604 3063 714 3150 mnam
731 3069 841 3134 nostre
860 3065 1069 3150 protectionis
1089 3072 1125 3135 ιι
1151 3065 1399 3136 confirmationis
1426 3065 1598 3151 intringere
1618 3065 1669 3133 rel
1694 3083 1775 3132 ausu
1803 3063 1988 3132 temerario
2000 3061 2169 3130 conmaire

605 3163 641 3235 st
662 3167 736 3252 quis
755 3172 864 3236 autem
885 3166 947 3235 hoc
967 3172 1161 3253 attemptare
1181 3169 1420 3253 presumpserit
1441 3169 1692 3254 indignationem
1713 3165 1939 3252 omnipotentis
1959 3164 2020 3232 Dei
2041 3170 2077 3232 et
2095 3163 2170 3232 bea·

451 3298 465 3317 ·
605 3271 712 3336 tornrn
732 3267 822 3337 Petri
842 3273 877 3337 ιι
896 3268 990 3337 Ριιιι
1011 3270 1227 3354 apostolorum
1248 3271 1318 3338 eius
1339 3289 1375 3339 se
1394 3271 1518 3340 noverit
1538 3271 1751 3338 incursurum.
1794 3269 1914 3337 Datum
1935 3265 2073 3336 viterbii
2103 3265 2170 3335 Ka·

568 3436 574 3452 ,
610 3367 714 3439 lendis
734 3369 828 3455 Iunii,
850 3370 1057 3457 pontificatus
1077 3372 1179 3441 nostri
1200 3391 1285 3443 anno
1306 3374 1413 3444 tertio.

561 3534 565 3539 ’
711 3573 915 3663 totumue,
938 3581 976 3646 ιι
996 3581 1104 3646 noea.

1281 3774 1357 3860 Νι.
1389 3767 1490 3861 427.

609 3964 804 4050 Boloslam
831 3968 910 4051 dux
934 3968 1085 4052 Polonie
1111 3974 1248 4053 1267
1273 3968 1372 4072 nug.
1399 3975 1450 4067 6,
1476 3970 1519 4053 in
1535 3969 1701 4072 Poenam
1719 3987 1948 4057 monmterium
1968 3984 2111 4071 Puradyr
2132 3983 2174 4053 ιι

609 4086 696 4155 omni
717 4086 877 4156 solutione
899 4088 1037 4156 thelonei
1059 4109 1116 4174 per
1137 4108 1246 4158 ornnes
1267 4091 1413 4159 ιιιιιιιιι
1436 4096 1540 4159 ιιιιιι
1561 4109 1638 4159 suae
1658 4091 1786 4160 liberat

713 4193 854 4273 nepam
888 4195 1063 4258 ιιιοιιιι
1097 4195 1242 4260 reare.
1276 4196 1340 4260 no.
1363 4200 1468 4276 pree
1490 4198 1544 4260 nr.
1567 4197 1619 4260 rr.

715 4394 900 4465 innomine
921 4397 1049 4466 Domini
1071 4419 1172 4467 amen.
1203 4400 1358 4469 Noverint
1380 4400 1518 4468 universi
1537 4398 1580 4467 ad
1602 4418 1739 4484 quorum
1760 4400 1912 4469 noticiam
1926 4397 2089 4467 devenerit
2103 4417 2175 4484 pre·

611 4516 686 4568 sens
707 4496 872 4583 seriptum,
895 4501 980 4585 quod
1000 4521 1059 4570 nos
1080 4502 1243 4572 Boloslaus
1258 4505 1318 4573 Dei
1337 4505 1445 4587 gracia
1464 4504 1530 4570 dux
1550 4503 1723 4586 Polemo,
1714 4523 1748 4571 ιι
1761 4504 1935 4572 remedium
1948 4502 2054 4570 anime
2067 4507 2178 4570 nostre

612 4607 647 4670 et
667 4606 876 4687 posterorum
899 4603 1027 4672 domum
1049 4606 1197 4674 Fratrum
1218 4608 1394 4691 griseorum
1412 4606 1452 4673 do
1473 4605 1670 4689 Goseiclrow‚
1696 4625 1759 4690 qne
1780 4606 1868 4674 etP
1841 4605 2012 4673 Paradises
2037 4601 2184 4690 appella·

612 4707 676 4787 tur,
702 4701 745 4771 ab
774 4704 859 4770 omni
894 4704 1112 4776 theloneorum
1141 4710 1301 4777 solucione
1333 4727 1524 4794 paramum
1552 4708 1697 4775 civitates
1728 4714 1812 4776 terre
1833 4713 1952 4786 nostre,
1973 4725 2179 4792 quoscunque

612 4805 698 4875 diete
718 4803 831 4872 domus
852 4804 968 4878 fratres
988 4818 1046 4879 ιιι
1066 4831 1175 4880 eorum
1196 4821 1419 4898 procuratores
1440 4831 1498 4897 pro
1520 4812 1616 4880 rebus
1631 4811 1819 4880 utensilibus
1832 4829 1889 4879 seu
1906 4811 2105 4894 demolitus,
2126 4817 2179 4879 ut·

613 4912 689 4995 pote
707 4906 786 4989 sale,
808 4906 944 4995 ciboriis,
968 4915 1062 4997 vasis,
1085 4914 1225 4982 vmtibus
1247 4935 1304 4984 seu
1325 4916 1397 4984 aliis
1419 4915 1513 4982 rebus
1541 4934 1605 4999 que
1635 4921 1802 4998 prenotate
1822 4914 1936 4982 domus
1957 4913 2128 4982 commodis
2146 4920 2181 4983 et

612 5009 724 5080 usibus
744 5007 937 5079 videbuntur
957 5017 1105 5101 expedire
1124 5020 1342 5103 eonrpmuudis
1363 5018 1461 5099 alire,
1483 5023 1541 5085 out
1562 5019 1627 5084 iam
1649 5016 1744 5084 rebus
1764 5018 1956 5102 comparatis
1969 5018 2003 5085 in
2018 5017 2179 5086 redermdo
2277 5039 2281 5045 ·

613 5113 742 5183 domum
764 5114 901 5184 transire
919 5121 1097 5204 contigerit,
1120 5122 1182 5188 iam
1205 5123 1312 5208 sepius
1334 5122 1437 5189 dictos
1458 5121 1574 5189 fratem
1601 5121 1763 5188 reddimus
1788 5121 1960 5189 absolutos.
2004 5120 2056 5188 Ne
2081 5120 2181 5205 igitur

613 5224 730 5309 prefati
752 5221 870 5298 iratres
893 5240 951 5306 per
970 5225 1094 5310 aliquos
1115 5228 1318 5310 monetarios,
1341 5227 1531 5295 telonearios
1549 5244 1607 5294 seu
1631 5224 1775 5292 tribunos
1797 5243 1893 5308 super
1911 5223 2062 5309 predictis
2075 5222 2117 5290 de
2130 5241 2181 5292 ee·

614 5331 685 5401 tero
705 5331 836 5403 velem
854 5327 1027 5412 molestari,
1050 5336 1229 5416 presentem
1251 5330 1378 5400 literam
1400 5331 1502 5417 nestri
1523 5328 1621 5416 sigilli
1642 5326 1816 5395 munimine
1837 5326 2033 5394 roboramus.
2060 5325 2182 5394 Datum
