4860 6180
447 225 523 303 oet
632 320 639 330 ,

445 427 548 498 nostri
567 426 732 514 Premyslii
754 449 815 515 que
836 430 942 499 domui
964 436 1074 500 suncte
1093 429 1153 498 Dei
1171 429 1343 499 Genitricis
1364 430 1405 499 de
1425 429 1521 514 Obru,
1544 425 1761 497 cisterciensis
1782 424 1920 510 Ordinis,
1947 425 1992 497 le·

444 536 567 615 cerunt,
588 522 712 601 omnem
733 533 913 602 libertatem
934 553 1030 618 quum
1050 535 1092 602 ob
1112 535 1158 601 eis
1179 533 1291 602 domus
1312 532 1495 617 supradicte
1515 531 1655 599 obtinuit
1668 522 1755 597 velut
1772 531 1807 596 in
1820 529 1991 614 privilegiis

443 650 553 702 eorum
581 635 770 719 continetur,
799 636 952 705 fidelitate
979 657 1089 706 eorum
1117 643 1284 722 perspectu
1310 636 1439 720 (benum
1467 634 1614 703 duximus
1635 632 1828 715 confirmare,
1858 639 1892 700 et
1917 635 1993 717 quio
2064 635 2076 724 Ἰ

443 735 573 822 dmum
594 744 645 805 est
664 743 701 806 ut
729 739 901 824 peticiones
928 739 1080 808 bonorum
1111 743 1143 808 in
1168 761 1244 809 unre
1272 739 1423 825 principis
1452 738 1555 807 locum
1580 737 1744 805 obtineant
1768 735 1991 819 exorrdicionis,

443 839 530 924 ipsos
549 839 583 908 in
604 843 834 926 proteceionem
862 847 1003 933 nostrum
1033 845 1206 929 recepimus
1234 842 1410 927 specialem.
1454 841 1492 908 lu
1514 842 1605 909 cuius
1633 841 1679 907 rei
1705 838 1928 919 testimonium,
1953 858 1992 906 ne

443 941 559 1029 obque
581 950 646 1013 tum
668 944 783 1012 celebri
809 945 975 1013 dononioui
1001 949 1157 1033 simulque
1188 953 1295 1014 nostre
1320 944 1553 1014 confirmacioni
1581 961 1662 1010 nusn
1691 942 1858 1010 oemmnno
1885 941 1992 1008 volent

443 1047 611 1129 contraire,
632 1052 812 1130 presentem
833 1048 975 1117 litterum
997 1051 1093 1134 sigilli
1115 1051 1216 1118 nostri
1236 1049 1409 1117 munimine
1424 1048 1655 1117 confirmemus.
1685 1046 1804 1114 Dntunr
1817 1046 1851 1112 in
1864 1044 1993 1113 Poznon

443 1147 478 1215 in
499 1147 609 1232 vigilio
626 1149 728 1215 sormi
750 1149 885 1233 Andree,
907 1170 990 1220 enno
1010 1153 1115 1237 grecie
1143 1152 1272 1219 Domini
1297 1150 1462 1218 millesimo
1491 1149 1706 1218 ducentesimo
1734 1148 1993 1239 quinquagesimo

444 1251 589 1336 septimo.
632 1251 741 1320 Testes
763 1258 870 1321 nutem
890 1262 966 1323 sunt
986 1257 1059 1324 isti:
1087 1256 1242 1324 Iohunnes
1271 1254 1487 1336 concellarius,
1513 1251 1668 1320 Inrostius
1688 1250 1792 1336 iudex,
1821 1250 1994 1319 adsecutus

442 1352 484 1421 do
504 1350 617 1439 Prndr,
638 1353 780 1422 Methios
800 1356 944 1425 nummus
965 1360 1063 1427 curie.

546 1555 642 1641 oure
671 1561 763 1628 Obe-
806 1558 920 1647 Pindo
942 1562 1077 1646 Potor·

1122 1861 1197 1948 Nr.
1229 1797 1329 1946 364.

548 2051 742 2137 Boleslnus
770 2055 847 2138 dnn
866 2051 1838 2154 Potoniollnioris1257llor.80‚lnPoznnnle;
1869 2067 1992 2137 coron

442 2172 527 2240 villis
553 2173 676 2241 cornltis
704 2172 855 2242 lnnkonis
882 2174 940 2242 lilii
965 2178 1123 2261 quondum
1152 2177 1287 2260 Alberti,
1319 2176 1466 2262 primitus
1492 2180 1527 2243 ot
1547 2173 1652 2241 denuo
1679 2171 1813 2256 collutis,
1840 2171 1992 2256 plurimes

442 2273 746 2461 mmmm
755 2383 983 2463 muzone
991 2401 1107 2462 przez:
1128 2382 1322 2451 erdislnus
1335 2400 1392 2450 rex
1405 2379 1534 2450 Polonie
1549 2377 1634 2445 1402
1649 2325 1724 2448 Jnn
1747 2378 1800 2461 25,
1822 2379 1857 2464 in
1878 2375 1991 2446 (lonin.

515 2481 683 2649 wigmari.
727 2486 846 2563 Koreai
875 2487 980 2550 &aare
1008 2490 1101 2554 Arrio
1146 2491 1342 2569 luroripttou.
1374 2490 1523 2551 muers
1547 2488 1744 2551 mmmm.
1765 2502 1798 2547 a.
1827 2483 1991 2558 159211,

438 2587 494 2665 sol
601 2605 628 2655 o.

545 2790 584 2859 ln
604 2791 730 2861 nornine
750 2792 879 2862 Domini
899 2813 1003 2864 emen.
1045 2795 1206 2876 Qnuntum
1231 2794 1333 2863 nrulor
1352 2799 1388 2861 et
1413 2792 1510 2862 ultior
1536 2797 1588 2860 est
1614 2809 1757 2876 persone,
1781 2794 1873 2858 tento
1896 2788 1992 2857 debet

441 2909 553 2961 cnrnre
573 2894 709 2978 muns,
729 2901 768 2964 ut
789 2915 828 2964 eu
848 2915 910 2981 que
930 2898 1013 2982 gerit
1032 2899 1163 2982 nmoeie
1189 2897 1286 2965 robur
1305 2897 1464 2981 accpiter
1483 2895 1518 2964 in
1546 2895 1646 2963 nobili
1666 2893 1883 2975 firmnmento3
1909 2891 1992 2960 solet

440 2996 526 3064 enim
546 2993 729 3081 meeum
749 2999 901 3083 occidere,
923 3001 1009 3085 quod
1030 3000 1176 3068 humenis
1189 3000 1314 3069 cetibus
1327 3005 1500 3085 attemptet
1512 2999 1693 3083 columpnis
1706 2997 1877 3067 nouercur'u
1913 2995 1992 3064 Inde

440 3104 492 3167 cst
511 3099 597 3185 qnod
615 3119 672 3168 nos
691 3101 858 3171 Bolesluus
880 3103 941 3171 Dei
960 3106 1068 3189 gradu
1089 3104 1153 3172 dux
1171 3103 1301 3172 Polonie
1322 3104 1454 3171 Maioris
1471 3107 1583 3170 nobnn
1609 3119 1679 3170 esse
1699 3102 1843 3170 volumno
1864 3117 1991 3184 presen-

440 3200 527 3269 tibus
547 3208 582 3269 et
602 3201 726 3281 futuris,
749 3205 835 3290 qnod
856 3207 1030 3291 perspectis
1048 3207 1192 3275 fidelibus
1209 3208 1368 3293 obsequiis
1389 3205 1504 3275 nobilis
1520 3206 1582 3273 riri
1607 3205 1731 3273 comitis
1759 3202 1909 3272 Junconis
1932 3201 1992 3269 lilii

439 3304 597 3390 quondum
625 3306 760 3390 Albcrti,
791 3308 936 3376 omnibus
962 3308 1046 3376 villis
1071 3310 1171 3394 ipsius
1196 3328 1257 3395 qne
1282 3309 1436 3391 Turnoro,
1464 3308 1623 3392 Longovo,
1653 3307 1788 3389 Zrunlnr,
1818 3305 1990 3388 Comum,
2064 3326 2065 3330 ¹

439 3405 621 3493 Brcslrorro,
643 3428 722 3495 quus
744 3429 817 3480 curu
838 3411 1017 3481 bominibus
1038 3418 1073 3480 et
1090 3412 1267 3480 custoribus
1287 3411 1349 3480 srbi
1369 3411 1559 3481 contulimus
1586 3416 1665 3479 tnne
1685 3428 1757 3478 cunr
1777 3409 1877 3488 libum
1898 3425 1990 3476 suurn

438 3507 660 3597 Sondivogium
680 3514 920 3599 baptizavimus,
943 3516 1106 3597 Zirchovo,
1130 3515 1263 3584 Zolcovo
1285 3534 1356 3582 cunr
1376 3515 1522 3583 omnibus
1542 3513 1723 3582 attinenciis
1754 3513 1830 3595 ouis,
1860 3510 1992 3579 Oneleze

293 3641 298 3651 ·
438 3619 473 3682 et
492 3613 605 3682 blireel
626 3622 660 3683 et
680 3615 842 3685 Inrocuino
865 3619 1026 3686 drimtem
1047 3624 1279 3702 nuncupentur,
1305 3617 1495 3686 contudimus
1520 3616 1732 3685 omnimodum
1752 3620 1787 3683 et
1805 3619 1991 3700 perpetuum

438 3713 627 3785 libertatem
670 3718 793 3788 Dentes
813 3726 847 3787 et
868 3726 1046 3788 statuentes
1067 3721 1248 3805 supradicto
1270 3721 1379 3788 comiti
1398 3720 1527 3790 lenconi
1547 3725 1582 3787 et
1601 3737 1658 3787 sue
1678 3718 1834 3803 legittime
1855 3717 1990 3803 posteri·

438 3820 500 3887 uti
520 3819 555 3887 in
576 3820 686 3890 cedem
707 3823 838 3890 ciutete
859 3823 947 3891 dicto
964 3823 1127 3892 mowino
1146 3823 1336 3905 theloneum,
1363 3822 1448 3907 qnod
1473 3840 1583 3891 ornnes
1607 3821 1750 3890 homines
1778 3826 1990 3902 tmnseuntes,

437 3927 559 4005 euntes,
581 3925 760 4008 conitentes
776 3945 834 4010 per
850 3926 1025 4011 predictam
1040 3927 1209 4007 civitatem,
1225 3930 1375 3993 tenentur
1388 3924 1569 3993 theloneum
1583 3925 1661 3993 dure
1674 3944 1696 3992 u
1708 3923 1849 4008 quolibet
1862 3942 1943 4008 equo
1956 3928 1991 3990 et

436 4022 517 4094 bore
544 4044 603 4110 per
626 4045 785 4111 grossum
820 4035 854 4097 et
885 4030 1016 4098 ecclesie
1041 4030 1143 4096 suncti
1170 4028 1303 4096 Martini
1329 4027 1447 4096 ibidem
1472 4028 1617 4113 plebono,
1643 4047 1665 4095 o
1685 4021 1822 4114 quotuor
1847 4025 1990 4094 curribus

437 4145 581 4212 messum
602 4128 643 4195 de
663 4136 775 4198 nostro
796 4132 964 4217 principuli
985 4137 1113 4199 moneta
1133 4132 1339 4216 assignemus.
1384 4130 1538 4198 Addimus
1559 4129 1683 4214 preinto
1704 4128 1878 4197 militibus
1897 4127 1989 4194 villus

436 4228 479 4298 ob
498 4229 567 4298 eins
588 4230 694 4300 nobile
714 4233 897 4302 servicium:
922 4233 1138 4313 Cbownnowo,
1160 4234 1321 4314 llirezino,
1344 4232 1543 4316 Klonouiene,
1565 4233 1693 4314 Zidoro,
1716 4240 1753 4299 ut
1770 4232 1881 4300 eudem
1895 4229 1990 4298 liber·

437 4336 505 4401 tute
526 4334 694 4418 guonem,
717 4355 782 4419 qno
802 4337 877 4403 ville
897 4337 1041 4422 superius
1060 4336 1225 4402 nominate
1269 4335 1421 4402 Pretcreo
1437 4336 1591 4419 volumus,
1614 4334 1698 4421 quod
1720 4353 1828 4401 ornnes
1848 4332 1991 4400 homines

435 4433 538 4503 dictes
559 4437 651 4504 villos
673 4437 890 4506 inhabitantes
912 4440 977 4505 sint
997 4445 1149 4522 perpetuo
1170 4437 1262 4503 liberi
1280 4435 1322 4505 nb
1352 4437 1438 4503 omni
1464 4438 1641 4520 exaccione,
1667 4437 1813 4504 videlicet
1833 4455 1854 4504 n
1874 4431 1991 4521 pedro

435 4555 520 4621 rore,
542 4557 563 4606 n
582 4543 697 4621 etrozo,
720 4559 742 4606 n
764 4559 899 4625 pomum,
922 4561 943 4610 n
961 4539 1128 4619 conductu,
1150 4559 1172 4606 o
1192 4557 1331 4620 nomaso,
1353 4545 1388 4606 et
1409 4541 1494 4624 quod
1511 4541 1610 4607 mem
1632 4538 1720 4606 nullo
1741 4538 1915 4607 metellnno
1933 4544 1991 4606 out

434 4639 531 4710 iudici
550 4642 641 4710 rituti
661 4646 906 4727 respondebunt,
930 4645 991 4711 nisi
1011 4662 1119 4711 corum
1138 4643 1228 4709 nobis
1248 4643 1298 4709 rel
1320 4645 1435 4710 comite
1456 4643 1606 4727 ipsorum
1643 4641 1855 4709 nomicidium
1872 4660 1947 4710 vero
1960 4642 1989 4708 si

434 4742 520 4812 luter
539 4743 625 4828 ipsos
646 4743 742 4812 luerit
764 4753 992 4832 perpetratum,
1019 4765 1102 4830 pene
1127 4744 1168 4812 ud
1195 4745 1298 4829 ipsum
1319 4746 1466 4812 comiteur
1492 4743 1669 4828 pertinebit.
1715 4744 1865 4812 Preteren
1884 4746 1990 4811 onrnin

433 4845 506 4914 lure
527 4865 589 4932 que
609 4866 715 4916 corum
737 4850 882 4934 quolibet
904 4848 1076 4917 custelluno
1098 4848 1189 4930 liunt,
1216 4849 1283 4932 ipse
1310 4849 1395 4914 inter
1421 4865 1495 4914 suos
1523 4852 1708 4932 pertractet,
1734 4847 1881 4916 videlicet
1907 4866 1990 4932 uque

432 4945 553 5033 inigide,
575 4951 625 5017 ius
647 4949 721 5018 lomi
743 4953 909 5020 condentis
931 4959 964 5018 ot
984 4951 1092 5019 duelli.
1138 4951 1184 5019 Ut
1213 4957 1322 5018 eutem
1343 4949 1401 5017 bec
1424 4956 1535 5018 nostru
1560 4950 1693 5018 donuoio
1721 4948 1836 5017 futuris
1865 4956 1899 5018 et
1920 4970 1990 5035 pre·

433 5051 576 5120 sentibus
599 5054 792 5139 temporibus
815 5056 950 5123 firmiter
971 5054 1166 5135 observetur,
1188 5059 1367 5139 presentem
1394 5054 1540 5137 peginam
1568 5053 1664 5137 sigilli
1691 5053 1792 5120 nostri
1817 5053 1990 5120 munimine

432 5156 664 5226 confirmemus.
710 5158 829 5227 Dotem
851 5161 885 5227 in
907 5159 1068 5226 Pounnuin
1087 5177 1170 5225 norro
1191 5159 1297 5242 grecie
1318 5157 1444 5224 Dourim
1472 5157 1639 5225 millesimo
1667 5157 1880 5225 ducentesimo
1898 5157 1989 5241 quin·
