4476 6180
1782 436 1861 518 sul

318 654 390 706 mea
405 643 634 725 purmbrmqne
653 655 794 706 meorum
814 634 978 706 animabus
1001 640 1101 705 totum
1128 642 1243 707 unam
1267 637 1423 722 Ousteryn
1441 637 1614 722 vulgariter
1635 647 1856 728 uunmpstam,
1907 721 1912 730 ‚

318 760 390 812 cum
408 740 504 827 agris,
533 740 625 824 villis,
651 741 752 826 aqum,
774 759 813 809 ac
837 739 922 808 omni
949 740 1089 808 utilitate
1117 741 1158 810 ad
1186 743 1315 811 eundem
1344 746 1461 809 umam
1493 741 1731 828 pcrtinentibus,
1763 746 1859 816 Terre

318 850 427 913 cuncte
450 842 704 912 lerosolimitonc
721 843 935 928 fratribusque
956 843 1075 912 Milicic
1094 845 1214 930 Templi
1235 843 1369 913 eontulit
1386 842 1588 928 perhenniter
1609 850 1643 911 et
1663 846 1768 928 quiete
1786 867 1858 934 pos-

317 945 495 1028 sidendum3
514 945 658 1015 theloneo
680 947 770 1015 nobis
784 948 951 1015 dumtaxat
963 946 1004 1015 de
1019 948 1140 1032 mugnis
1153 948 1293 1033 navibus,
1312 947 1423 1016 allecia
1436 944 1675 1030 deportantibus
1688 957 1857 1035 merente,

316 1068 492 1135 equorum
510 1048 668 1118 solucione
687 1050 828 1118 hominus
849 1051 1018 1119 eorundem
1040 1050 1173 1119 fratrum
1193 1050 1294 1119 voluit
1312 1069 1382 1120 esse
1401 1049 1516 1117 liberos
1536 1052 1570 1116 et
1591 1047 1753 1118 immunes
1781 1052 1856 1122 'ler-

317 1150 395 1220 mini
420 1170 494 1219 reru
519 1152 659 1236 predicte
690 1159 784 1236 terre,
809 1173 832 1221 a
857 1153 963 1238 blyzlu
988 1160 1022 1221 et
1047 1152 1150 1221 Nezze
1174 1151 1277 1220 fluviis
1302 1152 1344 1220 ad
1367 1153 1484 1221 Odrunr
1504 1155 1539 1220 et
1559 1151 1720 1236 usquead
1742 1153 1858 1224 lindtes

316 1253 524 1324 Pomerannie
540 1240 783 1338 protenduntur.
818 1256 950 1324 Addidit
963 1262 1106 1341 preterec
1119 1254 1269 1323 fnanibus
1282 1256 1449 1324 antedictis
1461 1255 1541 1324 duos
1554 1253 1653 1338 lacus,
1675 1253 1859 1325 Botmoone

316 1362 351 1426 et
370 1355 519 1442 Ostorpa,
541 1357 583 1425 sd
604 1363 743 1426 castrurm
765 1359 906 1428 chtocb
934 1360 1011 1427 olim
1039 1360 1242 1444 pertinentes,
1274 1359 1354 1427 nlius
1379 1359 1456 1442 ipsis
1485 1357 1647 1431 conferens
1672 1357 1859 1427 donaciones
1921 1376 1927 1392 ·

318 1465 417 1547 prunt
437 1460 472 1528 in
491 1460 633 1544 ipsorum
650 1460 767 1529 litteris
786 1481 880 1548 super
901 1462 961 1530 boc
981 1461 1131 1530 conlectis
1149 1459 1272 1545 plenius
1291 1462 1482 1544 continetur3
1504 1479 1584 1546 quas
1597 1478 1705 1529 omnus
1716 1460 1758 1530 de
1771 1467 1859 1531 certa

318 1561 451 1632 ruendo
472 1561 662 1646 confirmavi,
690 1570 724 1631 et
745 1582 785 1632 ne
805 1565 912 1649 utiquo
940 1563 1072 1649 proinde
1097 1563 1131 1630 in
1155 1569 1315 1657 posterum
1340 1565 1417 1632 oriri
1440 1565 1541 1649 possit
1570 1564 1758 1650 calumpnia,
1784 1565 1859 1634 sub·

317 1665 490 1751 suipcione
511 1665 642 1733 testium
663 1673 697 1734 et
716 1669 872 1752 presentis
894 1668 990 1752 sigilli
1011 1667 1182 1734 munimine
1199 1666 1354 1735 roborari.
1397 1666 1506 1734 Testes
1526 1666 1625 1753 igitur
1650 1672 1737 1736 sunt:
1767 1667 1859 1737 Prot·

317 1767 427 1855 polcus
447 1768 618 1853 palatinus,
636 1769 839 1855 Bognpbnlus
859 1771 1050 1839 castellanus
1070 1769 1303 1851 Poznnniensis,
1325 1767 1508 1853 Nyclrolens
1522 1769 1702 1854 prepositus
1722 1771 1756 1837 in
1777 1770 1858 1838 Zan-

317 1869 1251 1958 meutiquampluresdericiaclnieifidedignl
1285 1869 1858 1944 DutnminPoznununnoDomini

318 1972 486 2042 millesimo
507 1971 655 2058 ccam,
676 1973 725 2042 111
743 1973 832 2042 Ydus
851 1973 1026 2044 Februarii

418 2177 518 2246 nerra
536 2176 1067 2264 cnmynejeroeenpr,
1088 2179 1373 2246 eumenem
1392 2180 1530 2245 raon
1558 2177 1665 2264 myrra
1683 2176 1857 2263 bonozo

316 2284 443 2347 sulen
468 2284 655 2348 murelle
698 2279 1092 2365 Nonnessnv.,llotedrz.
1134 2277 1238 2350 Lacus
1267 2278 1453 2349 monere
1482 2283 1518 2349 ct
1542 2278 1857 2372 Orumzponip·

317 2382 1131 2468 &yucmrpcbjcziortb'okoliojut'eudoudnteue
1173 2381 1470 2468 Zuntocmumluk.
1544 2407 1547 2414 ·

886 2625 889 2631 ι
983 2682 1060 2772 Nn.
1091 2673 1191 2770 37&

418 2877 642 2964 bolezlavus
669 2879 747 2963 dnn
773 2878 921 2964 Polunie
946 2883 1083 2972 1259
1109 2877 1198 2983 dpr.
1224 2877 1369 2976 16,1n
1393 2876 1580 2980 Rogornur
1612 2893 1741 2963 robono
1775 2912 1859 2964 eom·

315 2999 504 3120 positionem
519 3001 609 3102 inter
629 2999 853 3083 mensurium
873 2999 916 3069 de
932 2999 1044 3069 lekno
1065 3007 1100 3069 et
1119 2998 1201 3068 dlioc
1219 2997 1387 3083 mevenni,
1412 3003 1543 3084 propter
1571 2996 1660 3067 lacus
1686 2995 1858 3125 Belskoet

315 3101 607 3285 Stekehssm
631 3209 698 3270 doru
726 3209 934 3286 opomdnei
955 3210 1118 3274 dorium
1145 3204 1404 3294 tumulantque.
1453 3205 1483 3270 U
1494 3207 1680 3285 plurumae
1697 3207 1860 3286 pomum

315 3302 459 3374 ’Μὴ
472 3312 609 3394 We&
625 3312 803 3388 limittit
821 3313 1094 3391 mmmmm
1114 3331 1133 3374 ²
1150 3305 1312 3390 vim&
1335 3311 1415 3387 ‘ullu
1429 3307 1590 3386 fembre
1618 3323 1769 3372 ame
1796 3310 1860 3373 niel

316 3416 538 3493 prmleewue
558 3430 652 3492 przez
672 3414 748 3476 devie
765 3413 903 3486 ἀιὶιινΙτίς
929 3415 1043 3491 dupe,
1073 3415 1242 3490 Simile,
1263 3416 1491 3493 przywicuzom
1515 3428 1558 3474 nu
1578 3413 1697 3475 niducb
1717 3411 1858 3490 mel

316 3516 448 3596 nawa,
475 3518 659 3600 ebremud
685 3535 713 3578 u
736 3515 883 3592 smel:
910 3523 1054 3596 ulmos
1070 3518 1194 3591 xvnn.
1244 3517 1431 3596 vermem
1446 3515 1631 3595 peponem
1652 3513 1709 3577 otu
1728 3515 1859 3625 neapo

316 3621 367 3684 m
385 3636 555 3788 ..a
598 3720 769 3786 morere
812 3655 993 3802 mma,
1015 3720 1071 3787 ro.
1093 3722 1125 3798 o,
1147 3697 1210 3786 ne
1225 3720 1258 3786 o.

418 3922 457 3991 In
474 3924 600 3992 nomine
620 3921 748 3991 Domini
768 3940 869 3990 amen.
913 3921 981 3990 Nos
1001 3921 1187 3992 Bolerlavus
1208 3923 1269 3993 Dei
1290 3923 1398 4010 gracia
1417 3923 1483 3992 dux
1503 3921 1635 3992 Polonle
1659 3927 1771 3991 notum
1792 3939 1861 3990 esse

314 4025 459 4095 nolumus
481 4032 547 4095 tam
568 4025 766 4111 presentibus
787 4042 883 4109 quum
902 4023 1020 4093 futuris
1041 4030 1075 4095 et
1095 4027 1240 4094 omnibus
1266 4027 1348 4096 banc
1369 4026 1517 4112 paginam
1545 4025 1751 4110 intuentibus,
1777 4023 1860 4110 quod

315 4147 411 4198 musa
431 4148 495 4215 que
515 4129 598 4197 inter
618 4128 676 4196 m.
697 4128 844 4197 abbatem
864 4131 897 4195 ct
919 4125 1117 4196 conventum
1138 4127 1178 4197 de
1197 4129 1332 4198 Luckna
1345 4136 1379 4198 et
1394 4130 1525 4198 heredes
1539 4128 1625 4197 dicte
1638 4128 1767 4197 ecclesie
1779 4126 1860 4195 filios

316 4228 484 4314 Zlarenici,
506 4231 651 4300 videlicut
670 4231 811 4314 Petrum,
833 4230 1035 4298 Zlcrenicum
1053 4238 1088 4298 ct
1107 4231 1287 4315 Troianum,
1313 4251 1409 4318 super
1430 4231 1637 4318 requisicione
1662 4231 1794 4299 duorum
1814 4230 1861 4297 la·

315 4349 418 4417 cuum,
438 4333 555 4401 Belslro
577 4340 611 4402 et
628 4333 782 4416 Stekelin,
803 4340 837 4401 et
857 4333 992 4401 sortium
1012 4333 1233 4418 adiacentium,
1252 4334 1399 4404 videlicet
1419 4335 1535 4419 Slusin
1560 4334 1714 4416 Drorore,
1745 4332 1860 4401 crore·

314 4435 376 4519 kin,
397 4435 550 4520 (torulus,
572 4436 747 4506 Sriniblota
764 4444 799 4505 et
820 4436 937 4521 chino
958 4455 1030 4503 cum
1051 4438 1230 4507 nemoribus
1244 4445 1278 4508 et
1291 4438 1390 4521 silvis,
1411 4439 1506 4524 agris,
1528 4437 1630 4523 pratis
1644 4444 1678 4504 et
1691 4434 1782 4522 aquis
1795 4434 1859 4502 ium

314 4537 433 4607 dudum
454 4539 646 4623 vertebatur,
668 4559 775 4608 corum
804 4541 894 4608 nobis
923 4538 1128 4607 bonestorum
1153 4541 1293 4610 virorum
1319 4539 1521 4609 ordinacione
1547 4539 1705 4608 mediante
1723 4537 1757 4604 in
1777 4536 1861 4605 bunc

315 4641 441 4710 mudum
468 4649 519 4710 ost
543 4643 648 4728 sopita
671 4642 907 4710 racionabiliter
934 4648 969 4709 et
998 4641 1176 4710 terminata
1220 4641 1385 4712 Predictus
1415 4662 1490 4712 reno
1516 4637 1615 4713 abbas
1636 4639 1767 4726 prefatis
1787 4637 1861 4707 filiis

314 4741 473 4814 Zlcrenici
490 4763 548 4831 pro
567 4746 781 4829 resunadone
801 4744 995 4829 prefatorum
1013 4743 1139 4812 lacuum
1159 4751 1313 4831 perpetua
1332 4747 1468 4816 contulit
1484 4745 1544 4815 bas
1563 4744 1763 4826 hereditate,
1786 4741 1862 4811 Ose·

315 4863 390 4916 renue
410 4854 445 4917 et
461 4847 613 4932 Remove,
634 4848 703 4917 iure
723 4848 914 4917 hereditario
935 4847 1034 4915 libere
1055 4853 1208 4933 perpetuo
1229 4849 1443 4934 possidendus.
1488 4850 1533 4918 Et
1553 4849 1631 4936 quia
1650 4847 1739 4932 pium
1759 4850 1861 4914 estut

315 4965 426 5035 preces
447 4951 601 5020 bonorum
620 4951 723 5020 locum
741 4952 954 5021 exuudicionis
972 4951 1146 5035 optineant,
1169 4951 1313 5021 volumus
1343 4958 1381 5019 ut
1405 4957 1581 5021 memoratu
1605 4948 1737 5019 ecclesia
1757 4947 1861 5016 buck·

315 5052 421 5121 nensis
441 5052 600 5138 predictos
620 5053 707 5122 bens
728 5072 801 5124 cum
820 5055 887 5123 suis
908 5055 1110 5140 pertinenciis
1136 5055 1279 5140 optineat
1303 5057 1428 5126 nemine
1455 5053 1645 5142 inpediente.
1688 5049 1861 5120 litantem

314 5150 373 5222 hec
392 5173 500 5224 corum
520 5147 610 5223 nobis
631 5154 715 5224 luctu
736 5158 896 5226 firmitatis
915 5157 1013 5225 robur
1033 5155 1160 5225 uoluunt
1179 5161 1334 5244 optinere,
1355 5158 1499 5227 dedimus
1518 5160 1692 5224 memorato
1705 5151 1812 5222 abbuti
1826 5159 1861 5223 et

316 5252 490 5326 conventui
511 5266 688 5343 presentem
710 5261 857 5345 papinum
878 5268 988 5330 nostru
1010 5280 1048 5329 uc
1069 5260 1264 5345 prelutomm
1293 5262 1445 5332 botulum
1472 5260 1645 5329 munimine
1671 5255 1860 5328 roboratam,

316 5355 433 5430 Dauum
454 5361 489 5429 in
506 5361 653 5448 Roposnu
673 5381 758 5432 anno
777 5364 906 5433 Domini
925 5363 1133 5450 ldccbdli,
1154 5364 1231 5434 xvl
1252 5365 1413 5435 Kdondas
1438 5362 1516 5434 Mai
1561 5360 1642 5432 Cum
1668 5360 1726 5432 bec
1750 5359 1863 5432 duent

1655 5479 1707 5541 U·
