<?xml version="1.0" encoding="UTF-8"?>
<!DOCTYPE html PUBLIC "-//W3C//DTD XHTML 1.0 Transitional//EN"
    "http://www.w3.org/TR/xhtml1/DTD/xhtml1-transitional.dtd">
<html xmlns="http://www.w3.org/1999/xhtml" xml:lang="en" lang="en">
 <head>
  <title>
</title>
<meta http-equiv="Content-Type" content="text/html;charset=utf-8" />
  <meta name='ocr-system' content='tesseract 3.04.00' />
  <meta name='ocr-capabilities' content='ocr_page ocr_carea ocr_par ocr_line ocrx_word'/>
</head>
<body>
  <div class='ocr_page' id='page_1' title='image "./codexdiplomatic03zakrgoog_0107.png"; bbox 0 0 4860 6180; ppageno 0'>
   <div class='ocr_carea' id='block_1_1' title="bbox 2032 220 2173 339">
    <p class='ocr_par' dir='ltr' id='par_1_1' title="bbox 2032 220 2173 339">
     <span class='ocr_line' id='line_1_1' title="bbox 2032 220 2173 339; baseline 0 -42"><span class='ocrx_word' id='word_1_1' title='bbox 2032 326 2038 339; x_wconf 25' lang='grc' dir='ltr'>Ι</span> <span class='ocrx_word' id='word_1_2' title='bbox 2100 220 2173 298; x_wconf 83' lang='lat' dir='ltr'><strong>aas</strong></span> 
     </span>
    </p>
   </div>
   <div class='ocr_carea' id='block_1_2' title="bbox 623 396 2176 1017">
    <p class='ocr_par' dir='ltr' id='par_1_2' title="bbox 623 396 2176 1017">
     <span class='ocr_line' id='line_1_2' title="bbox 627 396 2175 506; baseline 0.005 -25"><span class='ocrx_word' id='word_1_3' title='bbox 627 427 728 494; x_wconf 76' lang='lat' dir='ltr'><strong>roenna</strong></span> <span class='ocrx_word' id='word_1_4' title='bbox 748 396 961 496; x_wconf 76' lang='lat' dir='ltr'><strong>nreaeniors,</strong></span> <span class='ocrx_word' id='word_1_5' title='bbox 983 432 1170 499; x_wconf 89' lang='lat' dir='ltr'><strong>quoeunque</strong></span> <span class='ocrx_word' id='word_1_6' title='bbox 1191 414 1262 481; x_wconf 90' lang='lat' dir='ltr'><strong>iure</strong></span> <span class='ocrx_word' id='word_1_7' title='bbox 1281 414 1359 498; x_wconf 90' lang='lat' dir='ltr'><strong>ipsis</strong></span> <span class='ocrx_word' id='word_1_8' title='bbox 1380 414 1566 484; x_wconf 79' lang='lat' dir='ltr'><strong>dominabus</strong></span> <span class='ocrx_word' id='word_1_9' title='bbox 1587 416 1755 502; x_wconf 86' lang='lat' dir='ltr'><strong>placuerit;</strong></span> <span class='ocrx_word' id='word_1_10' title='bbox 1788 416 1836 484; x_wconf 93' lang='lat' dir='ltr'><strong>ita</strong></span> <span class='ocrx_word' id='word_1_11' title='bbox 1856 424 1892 484; x_wconf 90' lang='lat' dir='ltr'><strong>ut</strong></span> <span class='ocrx_word' id='word_1_12' title='bbox 1913 437 2020 488; x_wconf 89' lang='lat' dir='ltr'><strong>omnes</strong></span> <span class='ocrx_word' id='word_1_13' title='bbox 2042 439 2175 506; x_wconf 79' lang='lat' dir='ltr'><strong>proven·</strong></span> 
     </span>
     <span class='ocr_line' id='line_1_3' title="bbox 627 517 2174 610; baseline 0.003 -22"><span class='ocrx_word' id='word_1_14' title='bbox 627 535 677 596; x_wconf 82' lang='lat' dir='ltr'><strong>rus</strong></span> <span class='ocrx_word' id='word_1_15' title='bbox 698 517 866 588; x_wconf 87' lang='lat' dir='ltr'><strong>earundem</strong></span> <span class='ocrx_word' id='word_1_16' title='bbox 888 518 1053 584; x_wconf 86' lang='lat' dir='ltr'><strong>civitatum</strong></span> <span class='ocrx_word' id='word_1_17' title='bbox 1074 525 1109 586; x_wconf 96' lang='lat' dir='ltr'><strong>et</strong></span> <span class='ocrx_word' id='word_1_18' title='bbox 1128 518 1282 599; x_wconf 82' lang='lat' dir='ltr'><strong>villarum,</strong></span> <span class='ocrx_word' id='word_1_19' title='bbox 1314 517 1436 585; x_wconf 90' lang='lat' dir='ltr'><strong>scilicet</strong></span> <span class='ocrx_word' id='word_1_20' title='bbox 1458 520 1652 602; x_wconf 88' lang='lat' dir='ltr'><strong>theloneum,</strong></span> <span class='ocrx_word' id='word_1_21' title='bbox 1674 539 1766 588; x_wconf 91' lang='lat' dir='ltr'><strong>omno</strong></span> <span class='ocrx_word' id='word_1_22' title='bbox 1788 518 1935 587; x_wconf 89' lang='lat' dir='ltr'><strong>iudicinrn</strong></span> <span class='ocrx_word' id='word_1_23' title='bbox 1958 523 2024 591; x_wconf 86' lang='lat' dir='ltr'><strong>sire</strong></span> <span class='ocrx_word' id='word_1_24' title='bbox 2043 543 2174 610; x_wconf 76' lang='lat' dir='ltr'><strong>paruum</strong></span> 
     </span>
     <span class='ocr_line' id='line_1_4' title="bbox 624 619 2175 705; baseline 0.006 -20"><span class='ocrx_word' id='word_1_25' title='bbox 624 631 687 699; x_wconf 63' lang='lat' dir='ltr'><strong>give</strong></span> <span class='ocrx_word' id='word_1_26' title='bbox 719 639 877 704; x_wconf 87' lang='lat' dir='ltr'><strong>rnagrrum,</strong></span> <span class='ocrx_word' id='word_1_27' title='bbox 910 619 951 685; x_wconf 90' lang='lat' dir='ltr'><strong>ud</strong></span> <span class='ocrx_word' id='word_1_28' title='bbox 984 620 1157 687; x_wconf 80' lang='lat' dir='ltr'><strong>claustrum</strong></span> <span class='ocrx_word' id='word_1_29' title='bbox 1189 639 1297 687; x_wconf 87' lang='lat' dir='ltr'><strong>earum</strong></span> <span class='ocrx_word' id='word_1_30' title='bbox 1331 638 1455 704; x_wconf 89' lang='lat' dir='ltr'><strong>senrper</strong></span> <span class='ocrx_word' id='word_1_31' title='bbox 1482 624 1628 690; x_wconf 77' lang='lat' dir='ltr'><strong>attineat.</strong></span> <span class='ocrx_word' id='word_1_32' title='bbox 1674 621 1760 690; x_wconf 84' lang='lat' dir='ltr'><strong>Nulli</strong></span> <span class='ocrx_word' id='word_1_33' title='bbox 1791 640 1865 705; x_wconf 91' lang='lat' dir='ltr'><strong>crgo</strong></span> <span class='ocrx_word' id='word_1_34' title='bbox 1891 621 2051 693; x_wconf 89' lang='lat' dir='ltr'><strong>honrinum</strong></span> <span class='ocrx_word' id='word_1_35' title='bbox 2080 627 2175 695; x_wconf 89' lang='lat' dir='ltr'><strong>liceat</strong></span> 
     </span>
     <span class='ocr_line' id='line_1_5' title="bbox 623 722 2176 819; baseline 0.006 -31"><span class='ocrx_word' id='word_1_36' title='bbox 623 742 776 819; x_wconf 78' lang='lat' dir='ltr'><strong>quemque</strong></span> <span class='ocrx_word' id='word_1_37' title='bbox 797 722 837 789; x_wconf 87' lang='lat' dir='ltr'><strong>dc</strong></span> <span class='ocrx_word' id='word_1_38' title='bbox 856 722 1033 789; x_wconf 88' lang='lat' dir='ltr'><strong>lrominibus</strong></span> <span class='ocrx_word' id='word_1_39' title='bbox 1052 723 1251 790; x_wconf 89' lang='lat' dir='ltr'><strong>dorninarum</strong></span> <span class='ocrx_word' id='word_1_40' title='bbox 1265 723 1305 789; x_wconf 85' lang='lat' dir='ltr'><strong>rie</strong></span> <span class='ocrx_word' id='word_1_41' title='bbox 1325 723 1482 790; x_wconf 84' lang='lat' dir='ltr'><strong>Owenslro</strong></span> <span class='ocrx_word' id='word_1_42' title='bbox 1504 725 1544 792; x_wconf 90' lang='lat' dir='ltr'><strong>ad</strong></span> <span class='ocrx_word' id='word_1_43' title='bbox 1567 727 1774 810; x_wconf 78' lang='lat' dir='ltr'><strong>quotcunque</strong></span> <span class='ocrx_word' id='word_1_44' title='bbox 1792 723 1941 791; x_wconf 90' lang='lat' dir='ltr'><strong>iudiciurn</strong></span> <span class='ocrx_word' id='word_1_45' title='bbox 1957 727 2022 794; x_wconf 84' lang='lat' dir='ltr'><strong>sive</strong></span> <span class='ocrx_word' id='word_1_46' title='bbox 2036 735 2176 798; x_wconf 79' lang='lat' dir='ltr'><strong>castrum</strong></span> 
     </span>
     <span class='ocr_line' id='line_1_6' title="bbox 624 826 2172 923; baseline 0.003 -26"><span class='ocrx_word' id='word_1_47' title='bbox 624 846 790 923; x_wconf 82' lang='lat' dir='ltr'><strong>provocare</strong></span> <span class='ocrx_word' id='word_1_48' title='bbox 811 831 869 893; x_wconf 91' lang='lat' dir='ltr'><strong>aut</strong></span> <span class='ocrx_word' id='word_1_49' title='bbox 886 826 1033 908; x_wconf 90' lang='lat' dir='ltr'><strong>iudicare,</strong></span> <span class='ocrx_word' id='word_1_50' title='bbox 1057 828 1118 893; x_wconf 91' lang='lat' dir='ltr'><strong>nisi</strong></span> <span class='ocrx_word' id='word_1_51' title='bbox 1137 827 1178 893; x_wconf 91' lang='lat' dir='ltr'><strong>ad</strong></span> <span class='ocrx_word' id='word_1_52' title='bbox 1200 847 1286 910; x_wconf 87' lang='lat' dir='ltr'><strong>eum,</strong></span> <span class='ocrx_word' id='word_1_53' title='bbox 1315 827 1371 910; x_wconf 88' lang='lat' dir='ltr'><strong>qui</strong></span> <span class='ocrx_word' id='word_1_54' title='bbox 1397 847 1417 893; x_wconf 93' lang='lat' dir='ltr'><strong>a</strong></span> <span class='ocrx_word' id='word_1_55' title='bbox 1443 827 1570 896; x_wconf 90' lang='lat' dir='ltr'><strong>domina</strong></span> <span class='ocrx_word' id='word_1_56' title='bbox 1590 831 1750 898; x_wconf 87' lang='lat' dir='ltr'><strong>abbatissa</strong></span> <span class='ocrx_word' id='word_1_57' title='bbox 1775 826 1834 894; x_wconf 91' lang='lat' dir='ltr'><strong>loci</strong></span> <span class='ocrx_word' id='word_1_58' title='bbox 1861 826 1946 891; x_wconf 88' lang='lat' dir='ltr'><strong>illius</strong></span> <span class='ocrx_word' id='word_1_59' title='bbox 1966 827 2058 896; x_wconf 80' lang='lat' dir='ltr'><strong>iudex</strong></span> <span class='ocrx_word' id='word_1_60' title='bbox 2076 831 2172 900; x_wconf 85' lang='lat' dir='ltr'><strong>luerit</strong></span> 
     </span>
     <span class='ocr_line' id='line_1_7' title="bbox 626 927 2171 1017; baseline 0.001 -19"><span class='ocrx_word' id='word_1_61' title='bbox 626 932 826 1006; x_wconf 73' lang='lat' dir='ltr'><strong>constitutus.</strong></span> <span class='ocrx_word' id='word_1_62' title='bbox 871 928 1033 996; x_wconf 86' lang='lat' dir='ltr'><strong>Stantem</strong></span> <span class='ocrx_word' id='word_1_63' title='bbox 1056 937 1121 996; x_wconf 90' lang='lat' dir='ltr'><strong>tam</strong></span> <span class='ocrx_word' id='word_1_64' title='bbox 1143 929 1246 1013; x_wconf 84' lang='lat' dir='ltr'><strong>gravis</strong></span> <span class='ocrx_word' id='word_1_65' title='bbox 1266 946 1356 995; x_wconf 87' lang='lat' dir='ltr'><strong>casus</strong></span> <span class='ocrx_word' id='word_1_66' title='bbox 1375 927 1489 994; x_wconf 80' lang='lat' dir='ltr'>ibidem</span> <span class='ocrx_word' id='word_1_67' title='bbox 1512 929 1608 997; x_wconf 86' lang='lat' dir='ltr'><strong>tuerit</strong></span> <span class='ocrx_word' id='word_1_68' title='bbox 1633 930 1819 1017; x_wconf 87' lang='lat' dir='ltr'><strong>quandoque</strong></span> <span class='ocrx_word' id='word_1_69' title='bbox 1840 935 1978 1010; x_wconf 88' lang='lat' dir='ltr'><strong>exortus,</strong></span> <span class='ocrx_word' id='word_1_70' title='bbox 2001 948 2094 1013; x_wconf 89' lang='lat' dir='ltr'><strong>quom</strong></span> <span class='ocrx_word' id='word_1_71' title='bbox 2123 934 2171 1001; x_wconf 93' lang='lat' dir='ltr'><strong>iu·</strong></span> 
     </span>
    </p>
   </div>
   <div class='ocr_carea' id='block_1_3' title="bbox 624 1030 2292 1116">
    <p class='ocr_par' dir='ltr' id='par_1_3' title="bbox 624 1030 2292 1116">
     <span class='ocr_line' id='line_1_8' title="bbox 624 1030 2292 1116; baseline -0.002 -10"><span class='ocrx_word' id='word_1_72' title='bbox 624 1039 682 1106; x_wconf 83' lang='lat' dir='ltr'><strong>dex</strong></span> <span class='ocrx_word' id='word_1_73' title='bbox 700 1031 830 1100; x_wconf 83' lang='lat' dir='ltr'><strong>claustri</strong></span> <span class='ocrx_word' id='word_1_74' title='bbox 853 1049 915 1098; x_wconf 91' lang='lat' dir='ltr'><strong>non</strong></span> <span class='ocrx_word' id='word_1_75' title='bbox 937 1032 1055 1114; x_wconf 88' lang='lat' dir='ltr'><strong>poterit</strong></span> <span class='ocrx_word' id='word_1_76' title='bbox 1085 1031 1222 1098; x_wconf 87' lang='lat' dir='ltr'><strong>iudicare</strong></span> <span class='ocrx_word' id='word_1_77' title='bbox 1247 1037 1306 1097; x_wconf 88' lang='lat' dir='ltr'><strong>aut</strong></span> <span class='ocrx_word' id='word_1_78' title='bbox 1336 1030 1554 1113; x_wconf 74' lang='lat' dir='ltr'><strong>(interminare,</strong></span> <span class='ocrx_word' id='word_1_79' title='bbox 1587 1038 1663 1100; x_wconf 90' lang='lat' dir='ltr'><strong>tune</strong></span> <span class='ocrx_word' id='word_1_80' title='bbox 1694 1050 1848 1116; x_wconf 86' lang='lat' dir='ltr'><strong>nusquam</strong></span> <span class='ocrx_word' id='word_1_81' title='bbox 1874 1031 2031 1098; x_wconf 85' lang='lat' dir='ltr'><strong>iudicetur</strong></span> <span class='ocrx_word' id='word_1_82' title='bbox 2057 1034 2119 1100; x_wconf 93' lang='lat' dir='ltr'><strong>nisi</strong></span> <span class='ocrx_word' id='word_1_83' title='bbox 2144 1037 2177 1103; x_wconf 93' lang='lat' dir='ltr'><strong>in</strong></span> <span class='ocrx_word' id='word_1_84' title='bbox 2288 1085 2292 1090; x_wconf 82' lang='lat'>.</span> 
     </span>
    </p>
   </div>
   <div class='ocr_carea' id='block_1_4' title="bbox 620 1134 2229 5218">
    <p class='ocr_par' dir='ltr' id='par_1_4' title="bbox 620 1134 2229 5218">
     <span class='ocr_line' id='line_1_9' title="bbox 624 1134 2178 1228; baseline -0.001 -20"><span class='ocrx_word' id='word_1_85' title='bbox 624 1135 784 1228; x_wconf 84' lang='lat' dir='ltr'><strong>presencia</strong></span> <span class='ocrx_word' id='word_1_86' title='bbox 804 1143 914 1202; x_wconf 91' lang='lat' dir='ltr'><strong>nostra</strong></span> <span class='ocrx_word' id='word_1_87' title='bbox 934 1140 991 1202; x_wconf 93' lang='lat' dir='ltr'><strong>aut</strong></span> <span class='ocrx_word' id='word_1_88' title='bbox 1012 1135 1121 1203; x_wconf 79' lang='lat' dir='ltr'><strong>lintris</strong></span> <span class='ocrx_word' id='word_1_89' title='bbox 1142 1134 1242 1201; x_wconf 91' lang='lat' dir='ltr'><strong>nostri</strong></span> <span class='ocrx_word' id='word_1_90' title='bbox 1265 1141 1323 1200; x_wconf 89' lang='lat' dir='ltr'><strong>ant</strong></span> <span class='ocrx_word' id='word_1_91' title='bbox 1344 1139 1524 1200; x_wconf 89' lang='lat' dir='ltr'><strong>nostrorum</strong></span> <span class='ocrx_word' id='word_1_92' title='bbox 1554 1134 1718 1217; x_wconf 81' lang='lat' dir='ltr'><strong>lroredonr3</strong></span> <span class='ocrx_word' id='word_1_93' title='bbox 1748 1135 1795 1201; x_wconf 87' lang='lat' dir='ltr'><strong>ita</strong></span> <span class='ocrx_word' id='word_1_94' title='bbox 1817 1138 1938 1214; x_wconf 73' lang='lat' dir='ltr'><strong>umen,</strong></span> <span class='ocrx_word' id='word_1_95' title='bbox 1966 1139 2003 1200; x_wconf 94' lang='lat' dir='ltr'><strong>ut</strong></span> <span class='ocrx_word' id='word_1_96' title='bbox 2020 1135 2178 1205; x_wconf 77' lang='lat' dir='ltr'><strong>mediante</strong></span> 
     </span>
     <span class='ocr_line' id='line_1_10' title="bbox 624 1233 2171 1319; baseline -0.005 -6"><span class='ocrx_word' id='word_1_97' title='bbox 624 1238 736 1313; x_wconf 89' lang='lat' dir='ltr'><strong>nuncio</strong></span> <span class='ocrx_word' id='word_1_98' title='bbox 758 1237 899 1316; x_wconf 84' lang='lat' dir='ltr'><strong>claustri,</strong></span> <span class='ocrx_word' id='word_1_99' title='bbox 921 1237 1023 1303; x_wconf 91' lang='lat' dir='ltr'><strong>omnis</strong></span> <span class='ocrx_word' id='word_1_100' title='bbox 1045 1237 1168 1303; x_wconf 87' lang='lat' dir='ltr'><strong>utilitas</strong></span> <span class='ocrx_word' id='word_1_101' title='bbox 1186 1236 1259 1302; x_wconf 91' lang='lat' dir='ltr'><strong>inde</strong></span> <span class='ocrx_word' id='word_1_102' title='bbox 1281 1236 1466 1319; x_wconf 86' lang='lat' dir='ltr'><strong>proveniens</strong></span> <span class='ocrx_word' id='word_1_103' title='bbox 1496 1233 1537 1300; x_wconf 88' lang='lat' dir='ltr'><strong>arl</strong></span> <span class='ocrx_word' id='word_1_104' title='bbox 1559 1236 1661 1319; x_wconf 89' lang='lat' dir='ltr'><strong>ipsum</strong></span> <span class='ocrx_word' id='word_1_105' title='bbox 1682 1237 1856 1305; x_wconf 88' lang='lat' dir='ltr'><strong>claustrum</strong></span> <span class='ocrx_word' id='word_1_106' title='bbox 1877 1243 2065 1304; x_wconf 86' lang='lat' dir='ltr'><strong>revertatur.</strong></span> <span class='ocrx_word' id='word_1_107' title='bbox 2109 1237 2171 1306; x_wconf 90' lang='lat' dir='ltr'><strong>Sed</strong></span> 
     </span>
     <span class='ocr_line' id='line_1_11' title="bbox 624 1337 2177 1431; baseline -0.001 -20"><span class='ocrx_word' id='word_1_108' title='bbox 624 1343 697 1431; x_wconf 84' lang='lat' dir='ltr'><strong>quin</strong></span> <span class='ocrx_word' id='word_1_109' title='bbox 718 1339 849 1407; x_wconf 88' lang='lat' dir='ltr'><strong>eandem</strong></span> <span class='ocrx_word' id='word_1_110' title='bbox 871 1339 998 1406; x_wconf 87' lang='lat' dir='ltr'><strong>domum</strong></span> <span class='ocrx_word' id='word_1_111' title='bbox 1021 1339 1081 1405; x_wconf 88' lang='lat' dir='ltr'><strong>Dei</strong></span> <span class='ocrx_word' id='word_1_112' title='bbox 1103 1358 1166 1406; x_wconf 88' lang='lat' dir='ltr'><strong>una</strong></span> <span class='ocrx_word' id='word_1_113' title='bbox 1187 1358 1258 1406; x_wconf 90' lang='lat' dir='ltr'><strong>cunr</strong></span> <span class='ocrx_word' id='word_1_114' title='bbox 1281 1338 1380 1405; x_wconf 82' lang='lat' dir='ltr'><strong>fratre</strong></span> <span class='ocrx_word' id='word_1_115' title='bbox 1402 1344 1511 1404; x_wconf 89' lang='lat' dir='ltr'><strong>nostro</strong></span> <span class='ocrx_word' id='word_1_116' title='bbox 1532 1337 1612 1405; x_wconf 90' lang='lat' dir='ltr'><strong>duce</strong></span> <span class='ocrx_word' id='word_1_117' title='bbox 1634 1339 1791 1420; x_wconf 87' lang='lat' dir='ltr'><strong>Boleslao,</strong></span> <span class='ocrx_word' id='word_1_118' title='bbox 1806 1339 1896 1407; x_wconf 91' lang='lat' dir='ltr'><strong>cuius</strong></span> <span class='ocrx_word' id='word_1_119' title='bbox 1911 1339 2082 1409; x_wconf 81' lang='lat' dir='ltr'><strong>rorunntis</strong></span> <span class='ocrx_word' id='word_1_120' title='bbox 2096 1360 2177 1410; x_wconf 90' lang='lat' dir='ltr'><strong>sern-</strong></span> 
     </span>
     <span class='ocr_line' id='line_1_12' title="bbox 624 1436 2177 1533; baseline 0.001 -23"><span class='ocrx_word' id='word_1_121' title='bbox 624 1463 679 1533; x_wconf 89' lang='lat' dir='ltr'><strong>per</strong></span> <span class='ocrx_word' id='word_1_122' title='bbox 699 1447 771 1510; x_wconf 89' lang='lat' dir='ltr'><strong>erat</strong></span> <span class='ocrx_word' id='word_1_123' title='bbox 792 1448 826 1507; x_wconf 90' lang='lat' dir='ltr'><strong>et</strong></span> <span class='ocrx_word' id='word_1_124' title='bbox 847 1436 896 1508; x_wconf 88' lang='lat' dir='ltr'><strong>cst</strong></span> <span class='ocrx_word' id='word_1_125' title='bbox 914 1440 996 1507; x_wconf 87' lang='lat' dir='ltr'><strong>idern</strong></span> <span class='ocrx_word' id='word_1_126' title='bbox 1018 1439 1137 1507; x_wconf 85' lang='lat' dir='ltr'><strong>lactum</strong></span> <span class='ocrx_word' id='word_1_127' title='bbox 1158 1439 1303 1508; x_wconf 82' lang='lat' dir='ltr'><strong>effectum</strong></span> <span class='ocrx_word' id='word_1_128' title='bbox 1332 1439 1498 1524; x_wconf 90' lang='lat' dir='ltr'><strong>complere,</strong></span> <span class='ocrx_word' id='word_1_129' title='bbox 1529 1441 1707 1524; x_wconf 74' lang='lat' dir='ltr'><strong>specialiter</strong></span> <span class='ocrx_word' id='word_1_130' title='bbox 1728 1441 1769 1508; x_wconf 87' lang='lat' dir='ltr'><strong>ad</strong></span> <span class='ocrx_word' id='word_1_131' title='bbox 1790 1442 1939 1509; x_wconf 87' lang='lat' dir='ltr'><strong>honorem</strong></span> <span class='ocrx_word' id='word_1_132' title='bbox 1962 1443 2054 1511; x_wconf 90' lang='lat' dir='ltr'><strong>beate</strong></span> <span class='ocrx_word' id='word_1_133' title='bbox 2076 1443 2177 1513; x_wconf 86' lang='lat' dir='ltr'><strong>Mario</strong></span> 
     </span>
     <span class='ocr_line' id='line_1_13' title="bbox 624 1540 2176 1630; baseline 0 -16"><span class='ocrx_word' id='word_1_134' title='bbox 624 1563 745 1629; x_wconf 88' lang='lat' dir='ltr'><strong>semper</strong></span> <span class='ocrx_word' id='word_1_135' title='bbox 764 1543 894 1627; x_wconf 79' lang='lat' dir='ltr'><strong>virginis</strong></span> <span class='ocrx_word' id='word_1_136' title='bbox 915 1541 1123 1623; x_wconf 82' lang='lat' dir='ltr'><strong>fundavimus,</strong></span> <span class='ocrx_word' id='word_1_137' title='bbox 1146 1542 1289 1608; x_wconf 80' lang='lat' dir='ltr'><strong>volumus</strong></span> <span class='ocrx_word' id='word_1_138' title='bbox 1320 1549 1357 1607; x_wconf 92' lang='lat' dir='ltr'><strong>ut</strong></span> <span class='ocrx_word' id='word_1_139' title='bbox 1385 1540 1564 1608; x_wconf 80' lang='lat' dir='ltr'><strong>venerabile</strong></span> <span class='ocrx_word' id='word_1_140' title='bbox 1591 1542 1755 1627; x_wconf 78' lang='lat' dir='ltr'><strong>collegium</strong></span> <span class='ocrx_word' id='word_1_141' title='bbox 1784 1563 1971 1630; x_wconf 88' lang='lat' dir='ltr'><strong>sponsarum</strong></span> <span class='ocrx_word' id='word_1_142' title='bbox 2002 1545 2176 1614; x_wconf 81' lang='lat' dir='ltr'><strong>christiin</strong></span> 
     </span>
     <span class='ocr_line' id='line_1_14' title="bbox 624 1643 2175 1728; baseline -0.001 -11"><span class='ocrx_word' id='word_1_143' title='bbox 624 1668 661 1718; x_wconf 85' lang='lat' dir='ltr'><strong>ea</strong></span> <span class='ocrx_word' id='word_1_144' title='bbox 680 1645 837 1726; x_wconf 86' lang='lat' dir='ltr'><strong>habitans,</strong></span> <span class='ocrx_word' id='word_1_145' title='bbox 860 1651 926 1712; x_wconf 89' lang='lat' dir='ltr'><strong>tam</strong></span> <span class='ocrx_word' id='word_1_146' title='bbox 948 1664 1005 1728; x_wconf 94' lang='lat' dir='ltr'><strong>pro</strong></span> <span class='ocrx_word' id='word_1_147' title='bbox 1023 1646 1089 1711; x_wconf 91' lang='lat' dir='ltr'><strong>suis</strong></span> <span class='ocrx_word' id='word_1_148' title='bbox 1110 1644 1230 1711; x_wconf 84' lang='lat' dir='ltr'><strong>civibus</strong></span> <span class='ocrx_word' id='word_1_149' title='bbox 1252 1662 1348 1726; x_wconf 87' lang='lat' dir='ltr'><strong>quarn</strong></span> <span class='ocrx_word' id='word_1_150' title='bbox 1370 1646 1470 1711; x_wconf 89' lang='lat' dir='ltr'><strong>eciam</strong></span> <span class='ocrx_word' id='word_1_151' title='bbox 1491 1662 1549 1727; x_wconf 94' lang='lat' dir='ltr'><strong>pro</strong></span> <span class='ocrx_word' id='word_1_152' title='bbox 1568 1643 1745 1728; x_wconf 84' lang='lat' dir='ltr'><strong>hospitibus</strong></span> <span class='ocrx_word' id='word_1_153' title='bbox 1763 1652 1797 1713; x_wconf 90' lang='lat' dir='ltr'><strong>et</strong></span> <span class='ocrx_word' id='word_1_154' title='bbox 1814 1647 1952 1728; x_wconf 85' lang='lat' dir='ltr'><strong>advenis,</strong></span> <span class='ocrx_word' id='word_1_155' title='bbox 1975 1650 2175 1716; x_wconf 88' lang='lat' dir='ltr'><strong>mercenariis</strong></span> 
     </span>
     <span class='ocr_line' id='line_1_15' title="bbox 623 1745 2229 1836; baseline 0.001 -18"><span class='ocrx_word' id='word_1_156' title='bbox 623 1756 656 1819; x_wconf 89' lang='lat' dir='ltr'><strong>et</strong></span> <span class='ocrx_word' id='word_1_157' title='bbox 675 1748 829 1817; x_wconf 69' lang='lat' dir='ltr'><strong>minbtris</strong></span> <span class='ocrx_word' id='word_1_158' title='bbox 850 1754 884 1814; x_wconf 92' lang='lat' dir='ltr'><strong>et</strong></span> <span class='ocrx_word' id='word_1_159' title='bbox 904 1748 1058 1814; x_wconf 82' lang='lat' dir='ltr'><strong>universis</strong></span> <span class='ocrx_word' id='word_1_160' title='bbox 1080 1747 1112 1812; x_wconf 89' lang='lat' dir='ltr'><strong>irr</strong></span> <span class='ocrx_word' id='word_1_161' title='bbox 1132 1745 1270 1813; x_wconf 91' lang='lat' dir='ltr'><strong>claustro</strong></span> <span class='ocrx_word' id='word_1_162' title='bbox 1290 1752 1323 1812; x_wconf 89' lang='lat' dir='ltr'><strong>et</strong></span> <span class='ocrx_word' id='word_1_163' title='bbox 1348 1752 1440 1812; x_wconf 89' lang='lat' dir='ltr'><strong>extra</strong></span> <span class='ocrx_word' id='word_1_164' title='bbox 1462 1745 1636 1813; x_wconf 90' lang='lat' dir='ltr'><strong>claustrum</strong></span> <span class='ocrx_word' id='word_1_165' title='bbox 1665 1747 1748 1815; x_wconf 86' lang='lat' dir='ltr'><strong>infra</strong></span> <span class='ocrx_word' id='word_1_166' title='bbox 1768 1750 1920 1816; x_wconf 88' lang='lat' dir='ltr'><strong>terminos</strong></span> <span class='ocrx_word' id='word_1_167' title='bbox 1942 1751 2041 1834; x_wconf 90' lang='lat' dir='ltr'><strong>ipsius</strong></span> <span class='ocrx_word' id='word_1_168' title='bbox 2063 1751 2176 1836; x_wconf 88' lang='lat' dir='ltr'><strong>degen·</strong></span> <span class='ocrx_word' id='word_1_169' title='bbox 2224 1808 2229 1819; x_wconf 91' lang='lat'>.</span> 
     </span>
     <span class='ocr_line' id='line_1_16' title="bbox 625 1847 2176 1934; baseline -0.001 -12"><span class='ocrx_word' id='word_1_170' title='bbox 625 1852 718 1934; x_wconf 86' lang='lat' dir='ltr'><strong>trbus,</strong></span> <span class='ocrx_word' id='word_1_171' title='bbox 739 1849 834 1934; x_wconf 90' lang='lat' dir='ltr'><strong>plena</strong></span> <span class='ocrx_word' id='word_1_172' title='bbox 854 1850 991 1934; x_wconf 80' lang='lat' dir='ltr'><strong>guadeat</strong></span> <span class='ocrx_word' id='word_1_173' title='bbox 1011 1849 1171 1916; x_wconf 88' lang='lat' dir='ltr'><strong>libertate:</strong></span> <span class='ocrx_word' id='word_1_174' title='bbox 1194 1849 1241 1915; x_wconf 86' lang='lat' dir='ltr'><strong>ita</strong></span> <span class='ocrx_word' id='word_1_175' title='bbox 1260 1854 1299 1914; x_wconf 91' lang='lat' dir='ltr'><strong>ut</strong></span> <span class='ocrx_word' id='word_1_176' title='bbox 1319 1847 1458 1913; x_wconf 87' lang='lat' dir='ltr'><strong>universi</strong></span> <span class='ocrx_word' id='word_1_177' title='bbox 1480 1849 1512 1913; x_wconf 92' lang='lat' dir='ltr'><strong>iu</strong></span> <span class='ocrx_word' id='word_1_178' title='bbox 1535 1849 1704 1917; x_wconf 89' lang='lat' dir='ltr'><strong>earundem</strong></span> <span class='ocrx_word' id='word_1_179' title='bbox 1725 1851 1921 1918; x_wconf 90' lang='lat' dir='ltr'><strong>dominarum</strong></span> <span class='ocrx_word' id='word_1_180' title='bbox 1948 1852 2176 1920; x_wconf 83' lang='lat' dir='ltr'><strong>hereditatibus</strong></span> 
     </span>
     <span class='ocr_line' id='line_1_17' title="bbox 625 1952 2174 2039; baseline -0.001 -17"><span class='ocrx_word' id='word_1_181' title='bbox 625 1954 803 2023; x_wconf 81' lang='lat' dir='ltr'><strong>habitantes</strong></span> <span class='ocrx_word' id='word_1_182' title='bbox 825 1970 846 2018; x_wconf 89' lang='lat' dir='ltr'><strong>a</strong></span> <span class='ocrx_word' id='word_1_183' title='bbox 868 1953 986 2018; x_wconf 87' lang='lat' dir='ltr'><strong>nostris</strong></span> <span class='ocrx_word' id='word_1_184' title='bbox 1008 1969 1137 2036; x_wconf 90' lang='lat' dir='ltr'><strong>prorsus</strong></span> <span class='ocrx_word' id='word_1_185' title='bbox 1157 1952 1297 2018; x_wconf 79' lang='lat' dir='ltr'><strong>serviciis</strong></span> <span class='ocrx_word' id='word_1_186' title='bbox 1327 1959 1360 2017; x_wconf 90' lang='lat' dir='ltr'><strong>et</strong></span> <span class='ocrx_word' id='word_1_187' title='bbox 1389 1952 1605 2018; x_wconf 84' lang='lat' dir='ltr'><strong>exactionibus</strong></span> <span class='ocrx_word' id='word_1_188' title='bbox 1631 1955 1696 2021; x_wconf 92' lang='lat' dir='ltr'><strong>sint</strong></span> <span class='ocrx_word' id='word_1_189' title='bbox 1719 1955 1870 2038; x_wconf 88' lang='lat' dir='ltr'><strong>absoluti,</strong></span> <span class='ocrx_word' id='word_1_190' title='bbox 1898 1956 2019 2023; x_wconf 90' lang='lat' dir='ltr'><strong>scilicet</strong></span> <span class='ocrx_word' id='word_1_191' title='bbox 2039 1957 2174 2039; x_wconf 85' lang='lat' dir='ltr'><strong>prewod,</strong></span> 
     </span>
     <span class='ocr_line' id='line_1_18' title="bbox 623 2053 2175 2139; baseline 0.007 -24"><span class='ocrx_word' id='word_1_192' title='bbox 623 2063 736 2136; x_wconf 67' lang='lat' dir='ltr'><strong>emoza,</strong></span> <span class='ocrx_word' id='word_1_193' title='bbox 760 2053 902 2139; x_wconf 81' lang='lat' dir='ltr'><strong>podnod,</strong></span> <span class='ocrx_word' id='word_1_194' title='bbox 925 2071 1041 2139; x_wconf 80' lang='lat' dir='ltr'><strong>porros,</strong></span> <span class='ocrx_word' id='word_1_195' title='bbox 1056 2060 1139 2135; x_wconf 89' lang='lat' dir='ltr'><strong>stan,</strong></span> <span class='ocrx_word' id='word_1_196' title='bbox 1163 2054 1367 2137; x_wconf 82' lang='lat' dir='ltr'><strong>podworowe,</strong></span> <span class='ocrx_word' id='word_1_197' title='bbox 1390 2053 1578 2136; x_wconf 88' lang='lat' dir='ltr'><strong>chlodnicze,</strong></span> <span class='ocrx_word' id='word_1_198' title='bbox 1601 2056 1778 2138; x_wconf 86' lang='lat' dir='ltr'><strong>powolowe,</strong></span> <span class='ocrx_word' id='word_1_199' title='bbox 1801 2059 2034 2125; x_wconf 87' lang='lat' dir='ltr'><strong>constructione</strong></span> <span class='ocrx_word' id='word_1_200' title='bbox 2056 2065 2175 2126; x_wconf 89' lang='lat' dir='ltr'><strong>castro·</strong></span> 
     </span>
     <span class='ocr_line' id='line_1_19' title="bbox 623 2155 2175 2245; baseline 0.001 -18"><span class='ocrx_word' id='word_1_201' title='bbox 623 2178 702 2240; x_wconf 90' lang='lat' dir='ltr'><strong>rum,</strong></span> <span class='ocrx_word' id='word_1_202' title='bbox 723 2158 803 2224; x_wconf 89' lang='lat' dir='ltr'><strong>etsi</strong></span> <span class='ocrx_word' id='word_1_203' title='bbox 824 2176 886 2242; x_wconf 87' lang='lat' dir='ltr'><strong>que</strong></span> <span class='ocrx_word' id='word_1_204' title='bbox 907 2164 982 2224; x_wconf 90' lang='lat' dir='ltr'><strong>sunt</strong></span> <span class='ocrx_word' id='word_1_205' title='bbox 1003 2157 1065 2224; x_wconf 92' lang='lat' dir='ltr'><strong>alie</strong></span> <span class='ocrx_word' id='word_1_206' title='bbox 1086 2158 1278 2226; x_wconf 76' lang='lat' dir='ltr'><strong>amasiones.</strong></span> <span class='ocrx_word' id='word_1_207' title='bbox 1316 2155 1404 2222; x_wconf 90' lang='lat' dir='ltr'><strong>Nulli</strong></span> <span class='ocrx_word' id='word_1_208' title='bbox 1428 2175 1502 2239; x_wconf 81' lang='lat' dir='ltr'><strong>ergo</strong></span> <span class='ocrx_word' id='word_1_209' title='bbox 1522 2156 1682 2225; x_wconf 91' lang='lat' dir='ltr'><strong>hominurn</strong></span> <span class='ocrx_word' id='word_1_210' title='bbox 1702 2160 1796 2227; x_wconf 83' lang='lat' dir='ltr'><strong>hceat</strong></span> <span class='ocrx_word' id='word_1_211' title='bbox 1815 2161 1953 2245; x_wconf 88' lang='lat' dir='ltr'><strong>aliquam</strong></span> <span class='ocrx_word' id='word_1_212' title='bbox 1968 2162 2175 2243; x_wconf 78' lang='lat' dir='ltr'><strong>arcedonem,</strong></span> 
     </span>
     <span class='ocr_line' id='line_1_20' title="bbox 623 2258 2176 2340; baseline 0.001 -9"><span class='ocrx_word' id='word_1_213' title='bbox 623 2263 662 2332; x_wconf 91' lang='lat' dir='ltr'><strong>de</strong></span> <span class='ocrx_word' id='word_1_214' title='bbox 682 2263 750 2329; x_wconf 89' lang='lat' dir='ltr'><strong>iure</strong></span> <span class='ocrx_word' id='word_1_215' title='bbox 771 2267 830 2328; x_wconf 92' lang='lat' dir='ltr'><strong>aut</strong></span> <span class='ocrx_word' id='word_1_216' title='bbox 851 2260 1074 2328; x_wconf 80' lang='lat' dir='ltr'><strong>consvetudine</strong></span> <span class='ocrx_word' id='word_1_217' title='bbox 1091 2259 1232 2327; x_wconf 90' lang='lat' dir='ltr'><strong>habitam</strong></span> <span class='ocrx_word' id='word_1_218' title='bbox 1255 2258 1304 2325; x_wconf 87' lang='lat' dir='ltr'><strong>rel</strong></span> <span class='ocrx_word' id='word_1_219' title='bbox 1326 2259 1512 2340; x_wconf 87' lang='lat' dir='ltr'><strong>habendam,</strong></span> <span class='ocrx_word' id='word_1_220' title='bbox 1536 2258 1619 2326; x_wconf 87' lang='lat' dir='ltr'><strong>infra</strong></span> <span class='ocrx_word' id='word_1_221' title='bbox 1639 2262 1801 2330; x_wconf 77' lang='lat' dir='ltr'><strong>universos</strong></span> <span class='ocrx_word' id='word_1_222' title='bbox 1820 2265 1970 2330; x_wconf 85' lang='lat' dir='ltr'><strong>terminos</strong></span> <span class='ocrx_word' id='word_1_223' title='bbox 1985 2264 2115 2331; x_wconf 78' lang='lat' dir='ltr'><strong>clarutn&#39;</strong></span> <span class='ocrx_word' id='word_1_224' title='bbox 2135 2264 2176 2332; x_wconf 87' lang='lat' dir='ltr'><strong>de</strong></span> 
     </span>
     <span class='ocr_line' id='line_1_21' title="bbox 622 2360 2174 2449; baseline 0.001 -18"><span class='ocrx_word' id='word_1_225' title='bbox 622 2364 757 2432; x_wconf 82' lang='lat' dir='ltr'><strong>Oueusk</strong></span> <span class='ocrx_word' id='word_1_226' title='bbox 778 2382 998 2448; x_wconf 79' lang='lat' dir='ltr'><strong>aquocrrnque</strong></span> <span class='ocrx_word' id='word_1_227' title='bbox 1020 2362 1182 2429; x_wconf 90' lang='lat' dir='ltr'><strong>hominum</strong></span> <span class='ocrx_word' id='word_1_228' title='bbox 1204 2361 1329 2445; x_wconf 78' lang='lat' dir='ltr'><strong>erigere</strong></span> <span class='ocrx_word' id='word_1_229' title='bbox 1351 2368 1408 2427; x_wconf 91' lang='lat' dir='ltr'><strong>aut</strong></span> <span class='ocrx_word' id='word_1_230' title='bbox 1429 2360 1522 2428; x_wconf 90' lang='lat' dir='ltr'><strong>modo</strong></span> <span class='ocrx_word' id='word_1_231' title='bbox 1546 2362 1653 2447; x_wconf 88' lang='lat' dir='ltr'><strong>aliquo</strong></span> <span class='ocrx_word' id='word_1_232' title='bbox 1673 2370 1865 2448; x_wconf 83' lang='lat' dir='ltr'><strong>extorquere·</strong></span> <span class='ocrx_word' id='word_1_233' title='bbox 1882 2364 1923 2431; x_wconf 87' lang='lat' dir='ltr'><strong>arl</strong></span> <span class='ocrx_word' id='word_1_234' title='bbox 1938 2384 2016 2449; x_wconf 92' lang='lat' dir='ltr'><strong>opus</strong></span> <span class='ocrx_word' id='word_1_235' title='bbox 2031 2373 2174 2434; x_wconf 89' lang='lat' dir='ltr'><strong>nostrum</strong></span> 
     </span>
     <span class='ocr_line' id='line_1_22' title="bbox 623 2463 2175 2551; baseline 0.001 -17"><span class='ocrx_word' id='word_1_236' title='bbox 623 2469 687 2534; x_wconf 84' lang='lat' dir='ltr'><strong>sire</strong></span> <span class='ocrx_word' id='word_1_237' title='bbox 707 2467 749 2534; x_wconf 84' lang='lat' dir='ltr'><strong>ad</strong></span> <span class='ocrx_word' id='word_1_238' title='bbox 771 2484 851 2551; x_wconf 91' lang='lat' dir='ltr'><strong>opus</strong></span> <span class='ocrx_word' id='word_1_239' title='bbox 871 2466 1004 2533; x_wconf 91' lang='lat' dir='ltr'><strong>alicuius</strong></span> <span class='ocrx_word' id='word_1_240' title='bbox 1025 2465 1177 2532; x_wconf 85' lang='lat' dir='ltr'><strong>baronmn</strong></span> <span class='ocrx_word' id='word_1_241' title='bbox 1204 2464 1254 2530; x_wconf 88' lang='lat' dir='ltr'><strong>rel</strong></span> <span class='ocrx_word' id='word_1_242' title='bbox 1279 2463 1461 2531; x_wconf 83' lang='lat' dir='ltr'><strong>officialium</strong></span> <span class='ocrx_word' id='word_1_243' title='bbox 1490 2471 1688 2547; x_wconf 82' lang='lat' dir='ltr'><strong>nostrorum3</strong></span> <span class='ocrx_word' id='word_1_244' title='bbox 1714 2485 1848 2551; x_wconf 87' lang='lat' dir='ltr'><strong>quorum</strong></span> <span class='ocrx_word' id='word_1_245' title='bbox 1878 2467 2120 2550; x_wconf 63' lang='lat' dir='ltr'><strong>inundaciones,</strong></span> <span class='ocrx_word' id='word_1_246' title='bbox 2146 2470 2175 2536; x_wconf 87' lang='lat' dir='ltr'><strong>si</strong></span> 
     </span>
     <span class='ocr_line' id='line_1_23' title="bbox 622 2566 2175 2651; baseline 0.001 -14"><span class='ocrx_word' id='word_1_247' title='bbox 622 2569 748 2637; x_wconf 66' lang='lat' dir='ltr'><strong>meant</strong></span> <span class='ocrx_word' id='word_1_248' title='bbox 768 2569 921 2636; x_wconf 90' lang='lat' dir='ltr'><strong>haetenus</strong></span> <span class='ocrx_word' id='word_1_249' title='bbox 942 2568 975 2634; x_wconf 91' lang='lat' dir='ltr'><strong>in</strong></span> <span class='ocrx_word' id='word_1_250' title='bbox 996 2568 1113 2635; x_wconf 70' lang='lat' dir='ltr'><strong>eudem</strong></span> <span class='ocrx_word' id='word_1_251' title='bbox 1135 2566 1221 2648; x_wconf 91' lang='lat' dir='ltr'><strong>locis,</strong></span> <span class='ocrx_word' id='word_1_252' title='bbox 1244 2585 1301 2650; x_wconf 93' lang='lat' dir='ltr'><strong>per</strong></span> <span class='ocrx_word' id='word_1_253' title='bbox 1322 2574 1499 2650; x_wconf 84' lang='lat' dir='ltr'><strong>presentem</strong></span> <span class='ocrx_word' id='word_1_254' title='bbox 1521 2567 1749 2651; x_wconf 86' lang='lat' dir='ltr'><strong>indulgenciam</strong></span> <span class='ocrx_word' id='word_1_255' title='bbox 1770 2569 1913 2636; x_wconf 84' lang='lat' dir='ltr'><strong>nolumus</strong></span> <span class='ocrx_word' id='word_1_256' title='bbox 1939 2571 2065 2638; x_wconf 91' lang='lat' dir='ltr'><strong>omnino</strong></span> <span class='ocrx_word' id='word_1_257' title='bbox 2086 2590 2175 2639; x_wconf 89' lang='lat' dir='ltr'><strong>ener-</strong></span> 
     </span>
     <span class='ocr_line' id='line_1_24' title="bbox 623 2668 2176 2756; baseline 0 -16"><span class='ocrx_word' id='word_1_258' title='bbox 623 2671 897 2740; x_wconf 85' lang='lat' dir='ltr'><strong>rari.&#39;Volu1nus</strong></span> <span class='ocrx_word' id='word_1_259' title='bbox 919 2673 1029 2752; x_wconf 75' lang='lat' dir='ltr'><strong>eciam</strong></span> <span class='ocrx_word' id='word_1_260' title='bbox 1052 2677 1090 2738; x_wconf 93' lang='grc' dir='ltr'><strong>ιιι</strong></span> <span class='ocrx_word' id='word_1_261' title='bbox 1111 2671 1215 2738; x_wconf 89' lang='lat' dir='ltr'><strong>nullus</strong></span> <span class='ocrx_word' id='word_1_262' title='bbox 1236 2670 1276 2737; x_wconf 88' lang='lat' dir='ltr'><strong>de</strong></span> <span class='ocrx_word' id='word_1_263' title='bbox 1297 2669 1474 2737; x_wconf 89' lang='lat' dir='ltr'><strong>bominibus</strong></span> <span class='ocrx_word' id='word_1_264' title='bbox 1496 2668 1574 2736; x_wconf 92' lang='lat' dir='ltr'><strong>dicti</strong></span> <span class='ocrx_word' id='word_1_265' title='bbox 1596 2670 1726 2736; x_wconf 86' lang='lat' dir='ltr'><strong>clarutri</strong></span> <span class='ocrx_word' id='word_1_266' title='bbox 1750 2671 1792 2738; x_wconf 84' lang='lat' dir='ltr'><strong>ad</strong></span> <span class='ocrx_word' id='word_1_267' title='bbox 1814 2690 2032 2756; x_wconf 88' lang='lat' dir='ltr'><strong>quamcunque</strong></span> <span class='ocrx_word' id='word_1_268' title='bbox 2054 2690 2089 2739; x_wconf 89' lang='lat' dir='ltr'><strong>se</strong></span> <span class='ocrx_word' id='word_1_269' title='bbox 2109 2692 2176 2740; x_wconf 91' lang='lat' dir='ltr'><strong>ruo-</strong></span> 
     </span>
     <span class='ocr_line' id='line_1_25' title="bbox 622 2761 2176 2860; baseline 0.001 -19"><span class='ocrx_word' id='word_1_270' title='bbox 622 2782 694 2844; x_wconf 88' lang='lat' dir='ltr'><strong>reat</strong></span> <span class='ocrx_word' id='word_1_271' title='bbox 715 2775 963 2860; x_wconf 83' lang='lat' dir='ltr'><strong>expedicionem,</strong></span> <span class='ocrx_word' id='word_1_272' title='bbox 991 2775 1051 2842; x_wconf 92' lang='lat' dir='ltr'><strong>nisi</strong></span> <span class='ocrx_word' id='word_1_273' title='bbox 1078 2794 1135 2860; x_wconf 91' lang='lat' dir='ltr'><strong>pro</strong></span> <span class='ocrx_word' id='word_1_274' title='bbox 1166 2775 1290 2843; x_wconf 91' lang='lat' dir='ltr'><strong>comuni</strong></span> <span class='ocrx_word' id='word_1_275' title='bbox 1316 2772 1495 2840; x_wconf 86' lang='lat' dir='ltr'><strong>defensioue</strong></span> <span class='ocrx_word' id='word_1_276' title='bbox 1525 2778 1618 2840; x_wconf 91' lang='lat' dir='ltr'><strong>terre.</strong></span> <span class='ocrx_word' id='word_1_277' title='bbox 1664 2772 1744 2840; x_wconf 83' lang='lat' dir='ltr'><strong>Cum</strong></span> <span class='ocrx_word' id='word_1_278' title='bbox 1780 2761 1887 2840; x_wconf 81' lang='lat' dir='ltr'><strong>autem</strong></span> <span class='ocrx_word' id='word_1_279' title='bbox 1922 2775 2089 2858; x_wconf 88' lang='lat' dir='ltr'><strong>contigerit</strong></span> <span class='ocrx_word' id='word_1_280' title='bbox 2117 2793 2176 2843; x_wconf 92' lang='lat' dir='ltr'><strong>nos</strong></span> 
     </span>
     <span class='ocr_line' id='line_1_26' title="bbox 623 2875 2173 2960; baseline -0.001 -14"><span class='ocrx_word' id='word_1_281' title='bbox 623 2884 680 2946; x_wconf 86' lang='lat' dir='ltr'><strong>aut</strong></span> <span class='ocrx_word' id='word_1_282' title='bbox 697 2885 823 2946; x_wconf 90' lang='lat' dir='ltr'><strong>nostros</strong></span> <span class='ocrx_word' id='word_1_283' title='bbox 845 2877 975 2945; x_wconf 88' lang='lat' dir='ltr'><strong>heredes</strong></span> <span class='ocrx_word' id='word_1_284' title='bbox 999 2883 1091 2944; x_wconf 84' lang='lat' dir='ltr'><strong>extra</strong></span> <span class='ocrx_word' id='word_1_285' title='bbox 1117 2883 1236 2944; x_wconf 89' lang='lat' dir='ltr'><strong>terram</strong></span> <span class='ocrx_word' id='word_1_286' title='bbox 1266 2875 1498 2960; x_wconf 85' lang='lat' dir='ltr'><strong>expedicionem</strong></span> <span class='ocrx_word' id='word_1_287' title='bbox 1525 2894 1650 2943; x_wconf 88' lang='lat' dir='ltr'><strong>morere</strong></span> <span class='ocrx_word' id='word_1_288' title='bbox 1676 2882 1801 2943; x_wconf 90' lang='lat' dir='ltr'><strong>nostras</strong></span> <span class='ocrx_word' id='word_1_289' title='bbox 1828 2877 1959 2943; x_wconf 89' lang='lat' dir='ltr'><strong>iniurias</strong></span> <span class='ocrx_word' id='word_1_290' title='bbox 1985 2876 2173 2960; x_wconf 91' lang='lat' dir='ltr'><strong>ulciscendo,</strong></span> 
     </span>
     <span class='ocr_line' id='line_1_27' title="bbox 623 2978 2175 3062; baseline -0.001 -15"><span class='ocrx_word' id='word_1_291' title='bbox 623 2981 765 3049; x_wconf 83' lang='lat' dir='ltr'><strong>nolumus</strong></span> <span class='ocrx_word' id='word_1_292' title='bbox 786 2986 820 3048; x_wconf 89' lang='lat' dir='ltr'><strong>et</strong></span> <span class='ocrx_word' id='word_1_293' title='bbox 840 2981 1035 3062; x_wconf 86' lang='lat' dir='ltr'><strong>mandamus,</strong></span> <span class='ocrx_word' id='word_1_294' title='bbox 1059 2987 1096 3047; x_wconf 90' lang='lat' dir='ltr'><strong>ut</strong></span> <span class='ocrx_word' id='word_1_295' title='bbox 1118 2981 1248 3049; x_wconf 87' lang='lat' dir='ltr'><strong>claustri</strong></span> <span class='ocrx_word' id='word_1_296' title='bbox 1266 2979 1406 3046; x_wconf 88' lang='lat' dir='ltr'><strong>eiusdem</strong></span> <span class='ocrx_word' id='word_1_297' title='bbox 1428 2978 1640 3046; x_wconf 91' lang='lat' dir='ltr'><strong>hereditatum</strong></span> <span class='ocrx_word' id='word_1_298' title='bbox 1663 2979 1763 3046; x_wconf 79' lang='lat' dir='ltr'><strong>inode</strong></span> <span class='ocrx_word' id='word_1_299' title='bbox 1787 2985 1808 3044; x_wconf 85' lang='lat' dir='ltr'><strong>a&#39;</strong></span> <span class='ocrx_word' id='word_1_300' title='bbox 1829 2978 1944 3045; x_wconf 91' lang='lat' dir='ltr'><strong>talibus</strong></span> <span class='ocrx_word' id='word_1_301' title='bbox 1966 2979 2175 3062; x_wconf 84' lang='lat' dir='ltr'><strong>expedicioni·</strong></span> 
     </span>
     <span class='ocr_line' id='line_1_28' title="bbox 622 3082 2174 3168; baseline -0.001 -16"><span class='ocrx_word' id='word_1_302' title='bbox 622 3084 848 3166; x_wconf 70' lang='lat' dir='ltr'><strong>bus‘absoluti,</strong></span> <span class='ocrx_word' id='word_1_303' title='bbox 871 3103 927 3168; x_wconf 89' lang='lat' dir='ltr'><strong>per</strong></span> <span class='ocrx_word' id='word_1_304' title='bbox 948 3103 983 3152; x_wconf 90' lang='lat' dir='ltr'><strong>se</strong></span> <span class='ocrx_word' id='word_1_305' title='bbox 1005 3094 1038 3153; x_wconf 92' lang='lat' dir='ltr'><strong>et</strong></span> <span class='ocrx_word' id='word_1_306' title='bbox 1059 3104 1117 3151; x_wconf 89' lang='lat' dir='ltr'><strong>sna</strong></span> <span class='ocrx_word' id='word_1_307' title='bbox 1138 3083 1304 3168; x_wconf 78' lang='lat' dir='ltr'><strong>vecdgalia</strong></span> <span class='ocrx_word' id='word_1_308' title='bbox 1324 3082 1366 3149; x_wconf 91' lang='lat' dir='ltr'><strong>ad</strong></span> <span class='ocrx_word' id='word_1_309' title='bbox 1387 3100 1466 3164; x_wconf 88' lang='lat' dir='ltr'><strong>opus</strong></span> <span class='ocrx_word' id='word_1_310' title='bbox 1492 3083 1570 3149; x_wconf 90' lang='lat' dir='ltr'><strong>dieti</strong></span> <span class='ocrx_word' id='word_1_311' title='bbox 1600 3082 1730 3149; x_wconf 90' lang='lat' dir='ltr'><strong>claustri</strong></span> <span class='ocrx_word' id='word_1_312' title='bbox 1756 3082 1884 3150; x_wconf 88' lang='lat' dir='ltr'><strong>assidua</strong></span> <span class='ocrx_word' id='word_1_313' title='bbox 1905 3099 1939 3149; x_wconf 89' lang='lat' dir='ltr'><strong>se</strong></span> <span class='ocrx_word' id='word_1_314' title='bbox 1961 3082 2096 3149; x_wconf 77' lang='lat' dir='ltr'><strong>invitem</strong></span> <span class='ocrx_word' id='word_1_315' title='bbox 2117 3101 2174 3167; x_wconf 92' lang='lat' dir='ltr'><strong>pro</strong></span> 
     </span>
     <span class='ocr_line' id='line_1_29' title="bbox 622 3176 2173 3267; baseline -0.003 -14"><span class='ocrx_word' id='word_1_316' title='bbox 622 3187 746 3254; x_wconf 89' lang='lat' dir='ltr'><strong>domine</strong></span> <span class='ocrx_word' id='word_1_317' title='bbox 766 3186 924 3254; x_wconf 89' lang='lat' dir='ltr'><strong>abbatisse</strong></span> <span class='ocrx_word' id='word_1_318' title='bbox 945 3176 979 3254; x_wconf 81' lang='lat' dir='ltr'><strong>et</strong></span> <span class='ocrx_word' id='word_1_319' title='bbox 1000 3206 1128 3255; x_wconf 87' lang='lat' dir='ltr'><strong>suorum</strong></span> <span class='ocrx_word' id='word_1_320' title='bbox 1161 3184 1342 3254; x_wconf 85' lang='lat' dir='ltr'><strong>officialium</strong></span> <span class='ocrx_word' id='word_1_321' title='bbox 1367 3203 1423 3251; x_wconf 89' lang='lat' dir='ltr'><strong>seu</strong></span> <span class='ocrx_word' id='word_1_322' title='bbox 1445 3191 1685 3267; x_wconf 88' lang='lat' dir='ltr'><strong>procuratorum</strong></span> <span class='ocrx_word' id='word_1_323' title='bbox 1716 3182 1889 3267; x_wconf 86' lang='lat' dir='ltr'><strong>voluntate,</strong></span> <span class='ocrx_word' id='word_1_324' title='bbox 1920 3184 2018 3252; x_wconf 90' lang='lat' dir='ltr'><strong>donec</strong></span> <span class='ocrx_word' id='word_1_325' title='bbox 2039 3183 2173 3250; x_wconf 87' lang='lat' dir='ltr'><strong>Domino</strong></span> 
     </span>
     <span class='ocr_line' id='line_1_30' title="bbox 622 3285 2174 3373; baseline -0.001 -18"><span class='ocrx_word' id='word_1_326' title='bbox 622 3289 816 3373; x_wconf 87' lang='lat' dir='ltr'><strong>propiciante</strong></span> <span class='ocrx_word' id='word_1_327' title='bbox 845 3289 885 3355; x_wconf 91' lang='lat' dir='ltr'><strong>ad</strong></span> <span class='ocrx_word' id='word_1_328' title='bbox 914 3290 1043 3373; x_wconf 87' lang='lat' dir='ltr'><strong>propria</strong></span> <span class='ocrx_word' id='word_1_329' title='bbox 1069 3295 1273 3356; x_wconf 64' lang='lat' dir='ltr'><strong>teneamur.</strong></span> <span class='ocrx_word' id='word_1_330' title='bbox 1318 3287 1399 3354; x_wconf 89' lang='lat' dir='ltr'><strong>Item</strong></span> <span class='ocrx_word' id='word_1_331' title='bbox 1426 3286 1569 3352; x_wconf 84' lang='lat' dir='ltr'><strong>volumus</strong></span> <span class='ocrx_word' id='word_1_332' title='bbox 1598 3293 1632 3352; x_wconf 93' lang='lat' dir='ltr'><strong>et</strong></span> <span class='ocrx_word' id='word_1_333' title='bbox 1661 3285 1856 3367; x_wconf 88' lang='lat' dir='ltr'><strong>mandamus,</strong></span> <span class='ocrx_word' id='word_1_334' title='bbox 1886 3293 1923 3352; x_wconf 91' lang='lat' dir='ltr'><strong>ut</strong></span> <span class='ocrx_word' id='word_1_335' title='bbox 1955 3291 2174 3369; x_wconf 81' lang='lat' dir='ltr'><strong>procuratores</strong></span> 
     </span>
     <span class='ocr_line' id='line_1_31' title="bbox 622 3388 2176 3485; baseline 0 -29"><span class='ocrx_word' id='word_1_336' title='bbox 622 3390 818 3485; x_wconf 88' lang='lat' dir='ltr'><strong>dominarum</strong></span> <span class='ocrx_word' id='word_1_337' title='bbox 836 3391 876 3457; x_wconf 89' lang='lat' dir='ltr'><strong>de</strong></span> <span class='ocrx_word' id='word_1_338' title='bbox 897 3391 1033 3459; x_wconf 83' lang='lat' dir='ltr'><strong>Onensk</strong></span> <span class='ocrx_word' id='word_1_339' title='bbox 1053 3410 1111 3477; x_wconf 91' lang='lat' dir='ltr'><strong>pro</strong></span> <span class='ocrx_word' id='word_1_340' title='bbox 1133 3390 1254 3458; x_wconf 86' lang='lat' dir='ltr'><strong>cunctis</strong></span> <span class='ocrx_word' id='word_1_341' title='bbox 1275 3388 1515 3458; x_wconf 82' lang='lat' dir='ltr'><strong>necessitatibus</strong></span> <span class='ocrx_word' id='word_1_342' title='bbox 1537 3390 1677 3472; x_wconf 89' lang='lat' dir='ltr'><strong>ipsarum</strong></span> <span class='ocrx_word' id='word_1_343' title='bbox 1699 3407 1757 3472; x_wconf 91' lang='lat' dir='ltr'><strong>per</strong></span> <span class='ocrx_word' id='word_1_344' title='bbox 1783 3390 1961 3457; x_wconf 83' lang='lat' dir='ltr'><strong>universam</strong></span> <span class='ocrx_word' id='word_1_345' title='bbox 1983 3395 2101 3456; x_wconf 90' lang='lat' dir='ltr'><strong>terram</strong></span> <span class='ocrx_word' id='word_1_346' title='bbox 2119 3409 2176 3456; x_wconf 94' lang='lat' dir='ltr'><strong>no-</strong></span> 
     </span>
     <span class='ocr_line' id='line_1_32' title="bbox 623 3490 2175 3576; baseline 0 -17"><span class='ocrx_word' id='word_1_347' title='bbox 623 3499 722 3560; x_wconf 85' lang='lat' dir='ltr'><strong>stram</strong></span> <span class='ocrx_word' id='word_1_348' title='bbox 744 3495 813 3560; x_wconf 90' lang='lat' dir='ltr'><strong>sine</strong></span> <span class='ocrx_word' id='word_1_349' title='bbox 834 3494 993 3562; x_wconf 88' lang='lat' dir='ltr'><strong>solucione</strong></span> <span class='ocrx_word' id='word_1_350' title='bbox 1014 3493 1152 3561; x_wconf 89' lang='lat' dir='ltr'><strong>thelonei</strong></span> <span class='ocrx_word' id='word_1_351' title='bbox 1174 3493 1272 3561; x_wconf 90' lang='lat' dir='ltr'><strong>libere</strong></span> <span class='ocrx_word' id='word_1_352' title='bbox 1292 3511 1416 3576; x_wconf 85' lang='lat' dir='ltr'><strong>semper</strong></span> <span class='ocrx_word' id='word_1_353' title='bbox 1436 3491 1592 3558; x_wconf 79' lang='lat' dir='ltr'><strong>inoedant.</strong></span> <span class='ocrx_word' id='word_1_354' title='bbox 1628 3490 1663 3557; x_wconf 85' lang='lat' dir='ltr'><strong>Si</strong></span> <span class='ocrx_word' id='word_1_355' title='bbox 1684 3509 1747 3574; x_wconf 88' lang='lat' dir='ltr'><strong>que</strong></span> <span class='ocrx_word' id='word_1_356' title='bbox 1767 3497 1874 3558; x_wconf 88' lang='lat' dir='ltr'><strong>autern</strong></span> <span class='ocrx_word' id='word_1_357' title='bbox 1896 3490 2087 3560; x_wconf 78' lang='lat' dir='ltr'><strong>hereditates</strong></span> <span class='ocrx_word' id='word_1_358' title='bbox 2108 3493 2175 3559; x_wconf 87' lang='lat' dir='ltr'><strong>sire</strong></span> 
     </span>
     <span class='ocr_line' id='line_1_33' title="bbox 623 3593 2176 3679; baseline 0.002 -18"><span class='ocrx_word' id='word_1_359' title='bbox 623 3594 767 3663; x_wconf 78' lang='lat' dir='ltr'><strong>cineus</strong></span> <span class='ocrx_word' id='word_1_360' title='bbox 789 3597 855 3662; x_wconf 87' lang='lat' dir='ltr'><strong>sire</strong></span> <span class='ocrx_word' id='word_1_361' title='bbox 875 3595 943 3662; x_wconf 86' lang='lat' dir='ltr'><strong>lora</strong></span> <span class='ocrx_word' id='word_1_362' title='bbox 963 3615 985 3663; x_wconf 89' lang='lat' dir='ltr'><strong>a</strong></span> <span class='ocrx_word' id='word_1_363' title='bbox 1005 3597 1132 3663; x_wconf 90' lang='lat' dir='ltr'><strong>domina</strong></span> <span class='ocrx_word' id='word_1_364' title='bbox 1152 3595 1314 3663; x_wconf 90' lang='lat' dir='ltr'><strong>abbatissa</strong></span> <span class='ocrx_word' id='word_1_365' title='bbox 1338 3594 1432 3660; x_wconf 91' lang='lat' dir='ltr'><strong>titulo</strong></span> <span class='ocrx_word' id='word_1_366' title='bbox 1463 3593 1630 3676; x_wconf 90' lang='lat' dir='ltr'><strong>emptionis</strong></span> <span class='ocrx_word' id='word_1_367' title='bbox 1656 3611 1713 3660; x_wconf 90' lang='lat' dir='ltr'><strong>seu</strong></span> <span class='ocrx_word' id='word_1_368' title='bbox 1736 3594 1993 3662; x_wconf 89' lang='lat' dir='ltr'><strong>commutacionis</strong></span> <span class='ocrx_word' id='word_1_369' title='bbox 2021 3595 2176 3679; x_wconf 79' lang='lat' dir='ltr'><strong>aequisita</strong></span> 
     </span>
     <span class='ocr_line' id='line_1_34' title="bbox 624 3694 2174 3783; baseline 0.001 -20"><span class='ocrx_word' id='word_1_370' title='bbox 624 3695 751 3781; x_wconf 83' lang='lat' dir='ltr'><strong>luerint,</strong></span> <span class='ocrx_word' id='word_1_371' title='bbox 772 3716 829 3764; x_wconf 90' lang='lat' dir='ltr'><strong>seu</strong></span> <span class='ocrx_word' id='word_1_372' title='bbox 850 3698 956 3766; x_wconf 88' lang='lat' dir='ltr'><strong>oblate</strong></span> <span class='ocrx_word' id='word_1_373' title='bbox 975 3717 1032 3783; x_wconf 91' lang='lat' dir='ltr'><strong>pro</strong></span> <span class='ocrx_word' id='word_1_374' title='bbox 1055 3698 1191 3766; x_wconf 82' lang='lat' dir='ltr'><strong>remelio</strong></span> <span class='ocrx_word' id='word_1_375' title='bbox 1212 3699 1397 3777; x_wconf 89' lang='lat' dir='ltr'><strong>animarum,</strong></span> <span class='ocrx_word' id='word_1_376' title='bbox 1419 3694 1469 3762; x_wconf 82' lang='lat' dir='ltr'><strong>rel</strong></span> <span class='ocrx_word' id='word_1_377' title='bbox 1490 3696 1761 3782; x_wconf 87' lang='lat' dir='ltr'><strong>aquibuscunque</strong></span> <span class='ocrx_word' id='word_1_378' title='bbox 1774 3698 1890 3764; x_wconf 91' lang='lat' dir='ltr'><strong>donate</strong></span> <span class='ocrx_word' id='word_1_379' title='bbox 1904 3696 2041 3766; x_wconf 84' lang='lat' dir='ltr'><strong>fuerint:</strong></span> <span class='ocrx_word' id='word_1_380' title='bbox 2063 3716 2174 3783; x_wconf 91' lang='lat' dir='ltr'><strong>supra·</strong></span> 
     </span>
     <span class='ocr_line' id='line_1_35' title="bbox 621 3798 2174 3886; baseline 0.001 -19"><span class='ocrx_word' id='word_1_381' title='bbox 621 3800 739 3884; x_wconf 87' lang='lat' dir='ltr'><strong>scripta</strong></span> <span class='ocrx_word' id='word_1_382' title='bbox 760 3801 794 3867; x_wconf 93' lang='lat' dir='ltr'><strong>in</strong></span> <span class='ocrx_word' id='word_1_383' title='bbox 815 3801 958 3868; x_wconf 90' lang='lat' dir='ltr'><strong>omnibus</strong></span> <span class='ocrx_word' id='word_1_384' title='bbox 978 3801 1136 3885; x_wconf 80' lang='lat' dir='ltr'><strong>gaudeant</strong></span> <span class='ocrx_word' id='word_1_385' title='bbox 1155 3801 1311 3868; x_wconf 85' lang='lat' dir='ltr'><strong>lilrertate</strong></span> <span class='ocrx_word' id='word_1_386' title='bbox 1356 3798 1403 3867; x_wconf 89' lang='lat' dir='ltr'><strong>Ut</strong></span> <span class='ocrx_word' id='word_1_387' title='bbox 1429 3818 1504 3883; x_wconf 87' lang='lat' dir='ltr'><strong>ergo</strong></span> <span class='ocrx_word' id='word_1_388' title='bbox 1538 3798 1596 3865; x_wconf 89' lang='lat' dir='ltr'><strong>bec</strong></span> <span class='ocrx_word' id='word_1_389' title='bbox 1624 3804 1734 3866; x_wconf 87' lang='lat' dir='ltr'><strong>nostra</strong></span> <span class='ocrx_word' id='word_1_390' title='bbox 1759 3799 1891 3867; x_wconf 92' lang='lat' dir='ltr'><strong>donacio</strong></span> <span class='ocrx_word' id='word_1_391' title='bbox 1919 3806 1953 3867; x_wconf 90' lang='lat' dir='ltr'><strong>et</strong></span> <span class='ocrx_word' id='word_1_392' title='bbox 1973 3801 2174 3886; x_wconf 84' lang='lat' dir='ltr'><strong>eleemosyna</strong></span> 
     </span>
     <span class='ocr_line' id='line_1_36' title="bbox 622 3900 2171 3987; baseline 0.001 -17"><span class='ocrx_word' id='word_1_393' title='bbox 622 3909 655 3970; x_wconf 91' lang='lat' dir='ltr'><strong>et</strong></span> <span class='ocrx_word' id='word_1_394' title='bbox 674 3904 780 3970; x_wconf 89' lang='lat' dir='ltr'><strong>omnia</strong></span> <span class='ocrx_word' id='word_1_395' title='bbox 801 3904 976 3987; x_wconf 84' lang='lat' dir='ltr'><strong>proscripta</strong></span> <span class='ocrx_word' id='word_1_396' title='bbox 997 3904 1088 3970; x_wconf 87' lang='lat' dir='ltr'><strong>firma</strong></span> <span class='ocrx_word' id='word_1_397' title='bbox 1109 3912 1142 3972; x_wconf 88' lang='lat' dir='ltr'><strong>et</strong></span> <span class='ocrx_word' id='word_1_398' title='bbox 1163 3904 1347 3971; x_wconf 79' lang='lat' dir='ltr'><strong>inconvulsa</strong></span> <span class='ocrx_word' id='word_1_399' title='bbox 1367 3908 1567 3986; x_wconf 76' lang='lat' dir='ltr'><strong>perseverent</strong></span> <span class='ocrx_word' id='word_1_400' title='bbox 1592 3901 1626 3967; x_wconf 92' lang='lat' dir='ltr'><strong>in</strong></span> <span class='ocrx_word' id='word_1_401' title='bbox 1653 3900 1805 3986; x_wconf 86' lang='lat' dir='ltr'><strong>futurum,</strong></span> <span class='ocrx_word' id='word_1_402' title='bbox 1827 3909 2005 3987; x_wconf 82' lang='lat' dir='ltr'><strong>presentem</strong></span> <span class='ocrx_word' id='word_1_403' title='bbox 2027 3903 2171 3972; x_wconf 89' lang='lat' dir='ltr'><strong>chartam</strong></span> 
     </span>
     <span class='ocr_line' id='line_1_37' title="bbox 622 4004 2173 4090; baseline 0.001 -18"><span class='ocrx_word' id='word_1_404' title='bbox 622 4005 716 4090; x_wconf 80' lang='lat' dir='ltr'><strong>sigilli</strong></span> <span class='ocrx_word' id='word_1_405' title='bbox 738 4008 839 4073; x_wconf 91' lang='lat' dir='ltr'><strong>nostri</strong></span> <span class='ocrx_word' id='word_1_406' title='bbox 857 4015 891 4075; x_wconf 90' lang='lat' dir='ltr'><strong>et</strong></span> <span class='ocrx_word' id='word_1_407' title='bbox 911 4006 1019 4074; x_wconf 86' lang='lat' dir='ltr'><strong>fratris</strong></span> <span class='ocrx_word' id='word_1_408' title='bbox 1046 4009 1147 4074; x_wconf 89' lang='lat' dir='ltr'><strong>nostri</strong></span> <span class='ocrx_word' id='word_1_409' title='bbox 1174 4008 1263 4075; x_wconf 90' lang='lat' dir='ltr'><strong>ducis</strong></span> <span class='ocrx_word' id='word_1_410' title='bbox 1291 4007 1429 4073; x_wconf 87' lang='lat' dir='ltr'><strong>Boleslai</strong></span> <span class='ocrx_word' id='word_1_411' title='bbox 1456 4004 1634 4071; x_wconf 81' lang='lat' dir='ltr'><strong>curavimus</strong></span> <span class='ocrx_word' id='word_1_412' title='bbox 1659 4005 1785 4072; x_wconf 81' lang='lat' dir='ltr'><strong>innare</strong></span> <span class='ocrx_word' id='word_1_413' title='bbox 1810 4007 2011 4090; x_wconf 89' lang='lat' dir='ltr'><strong>appensione.</strong></span> <span class='ocrx_word' id='word_1_414' title='bbox 2057 4008 2173 4074; x_wconf 83' lang='lat' dir='ltr'><strong>hatum</strong></span> 
     </span>
     <span class='ocr_line' id='line_1_38' title="bbox 622 4107 2171 4192; baseline 0.001 -18"><span class='ocrx_word' id='word_1_415' title='bbox 622 4109 751 4176; x_wconf 84' lang='lat' dir='ltr'><strong>cst-hoo</strong></span> <span class='ocrx_word' id='word_1_416' title='bbox 772 4127 855 4176; x_wconf 91' lang='lat' dir='ltr'><strong>anno</strong></span> <span class='ocrx_word' id='word_1_417' title='bbox 877 4109 1004 4176; x_wconf 89' lang='lat' dir='ltr'><strong>Domini</strong></span> <span class='ocrx_word' id='word_1_418' title='bbox 1021 4109 1253 4177; x_wconf 89' lang='lat' dir='ltr'><strong>lncamacionis</strong></span> <span class='ocrx_word' id='word_1_419' title='bbox 1269 4109 1433 4175; x_wconf 89' lang='lat' dir='ltr'><strong>millesimo</strong></span> <span class='ocrx_word' id='word_1_420' title='bbox 1455 4107 1670 4174; x_wconf 85' lang='lat' dir='ltr'><strong>ducentesimo</strong></span> <span class='ocrx_word' id='word_1_421' title='bbox 1683 4109 1942 4192; x_wconf 88' lang='lat' dir='ltr'><strong>quiuquagesimo</strong></span> <span class='ocrx_word' id='word_1_422' title='bbox 1956 4110 2101 4192; x_wconf 90' lang='lat' dir='ltr'><strong>secundo,</strong></span> <span class='ocrx_word' id='word_1_423' title='bbox 2124 4109 2171 4175; x_wconf 85' lang='lat' dir='ltr'><strong>Vl</strong></span> 
     </span>
     <span class='ocr_line' id='line_1_39' title="bbox 621 4209 2173 4296; baseline 0.001 -20"><span class='ocrx_word' id='word_1_424' title='bbox 621 4209 779 4278; x_wconf 83' lang='lat' dir='ltr'><strong>Kalendas</strong></span> <span class='ocrx_word' id='word_1_425' title='bbox 798 4211 885 4292; x_wconf 87' lang='lat' dir='ltr'><strong>Maii,</strong></span> <span class='ocrx_word' id='word_1_426' title='bbox 904 4211 937 4277; x_wconf 90' lang='lat' dir='ltr'><strong>id</strong></span> <span class='ocrx_word' id='word_1_427' title='bbox 957 4219 1007 4278; x_wconf 92' lang='lat' dir='ltr'><strong>est</strong></span> <span class='ocrx_word' id='word_1_428' title='bbox 1027 4219 1142 4296; x_wconf 90' lang='lat' dir='ltr'><strong>quarta</strong></span> <span class='ocrx_word' id='word_1_429' title='bbox 1161 4212 1212 4278; x_wconf 90' lang='lat' dir='ltr'><strong>die</strong></span> <span class='ocrx_word' id='word_1_430' title='bbox 1234 4217 1308 4296; x_wconf 93' lang='lat' dir='ltr'><strong>post</strong></span> <span class='ocrx_word' id='word_1_431' title='bbox 1328 4209 1443 4277; x_wconf 85' lang='lat' dir='ltr'><strong>festum</strong></span> <span class='ocrx_word' id='word_1_432' title='bbox 1466 4209 1569 4278; x_wconf 90' lang='lat' dir='ltr'><strong>sancti</strong></span> <span class='ocrx_word' id='word_1_433' title='bbox 1584 4209 1758 4291; x_wconf 84' lang='lat' dir='ltr'><strong>Arlulberti,</strong></span> <span class='ocrx_word' id='word_1_434' title='bbox 1781 4210 1814 4276; x_wconf 94' lang='lat' dir='ltr'><strong>in</strong></span> <span class='ocrx_word' id='word_1_435' title='bbox 1834 4211 1990 4294; x_wconf 90' lang='lat' dir='ltr'><strong>colloquio</strong></span> <span class='ocrx_word' id='word_1_436' title='bbox 2009 4211 2095 4295; x_wconf 89' lang='lat' dir='ltr'><strong>quod</strong></span> <span class='ocrx_word' id='word_1_437' title='bbox 2115 4211 2173 4278; x_wconf 89' lang='lat' dir='ltr'><strong>ha·</strong></span> 
     </span>
     <span class='ocr_line' id='line_1_40' title="bbox 622 4309 2174 4398; baseline 0.001 -21"><span class='ocrx_word' id='word_1_438' title='bbox 622 4309 722 4380; x_wconf 88' lang='lat' dir='ltr'><strong>bitum</strong></span> <span class='ocrx_word' id='word_1_439' title='bbox 743 4320 793 4381; x_wconf 85' lang='lat' dir='ltr'><strong>est</strong></span> <span class='ocrx_word' id='word_1_440' title='bbox 812 4331 850 4380; x_wconf 88' lang='lat' dir='ltr'><strong>eo</strong></span> <span class='ocrx_word' id='word_1_441' title='bbox 873 4319 1013 4398; x_wconf 72' lang='lat' dir='ltr'><strong>tempore</strong></span> <span class='ocrx_word' id='word_1_442' title='bbox 1028 4315 1060 4381; x_wconf 94' lang='lat' dir='ltr'><strong>in</strong></span> <span class='ocrx_word' id='word_1_443' title='bbox 1075 4314 1214 4395; x_wconf 88' lang='lat' dir='ltr'><strong>Gnezna,</strong></span> <span class='ocrx_word' id='word_1_444' title='bbox 1231 4312 1281 4378; x_wconf 91' lang='lat' dir='ltr'><strong>his</strong></span> <span class='ocrx_word' id='word_1_445' title='bbox 1295 4311 1511 4396; x_wconf 90' lang='lat' dir='ltr'><strong>presentibus:</strong></span> <span class='ocrx_word' id='word_1_446' title='bbox 1533 4311 1704 4379; x_wconf 81' lang='lat' dir='ltr'><strong>venerabili</strong></span> <span class='ocrx_word' id='word_1_447' title='bbox 1718 4319 1810 4396; x_wconf 90' lang='lat' dir='ltr'><strong>patre</strong></span> <span class='ocrx_word' id='word_1_448' title='bbox 1825 4314 1951 4381; x_wconf 89' lang='lat' dir='ltr'><strong>domino</strong></span> <span class='ocrx_word' id='word_1_449' title='bbox 1966 4312 2174 4397; x_wconf 83' lang='lat' dir='ltr'><strong>Boguchualo</strong></span> 
     </span>
     <span class='ocr_line' id='line_1_41' title="bbox 621 4410 2174 4502; baseline 0.003 -24"><span class='ocrx_word' id='word_1_450' title='bbox 621 4410 727 4481; x_wconf 73' lang='lat' dir='ltr'><strong>(lirina</strong></span> <span class='ocrx_word' id='word_1_451' title='bbox 748 4417 914 4483; x_wconf 81' lang='lat' dir='ltr'><strong>romcione</strong></span> <span class='ocrx_word' id='word_1_452' title='bbox 936 4416 1141 4483; x_wconf 83' lang='lat' dir='ltr'><strong>Poznaniensi</strong></span> <span class='ocrx_word' id='word_1_453' title='bbox 1163 4418 1319 4500; x_wconf 87' lang='lat' dir='ltr'><strong>episeopo,</strong></span> <span class='ocrx_word' id='word_1_454' title='bbox 1343 4416 1397 4498; x_wconf 89' lang='lat' dir='ltr'><strong>qui</strong></span> <span class='ocrx_word' id='word_1_455' title='bbox 1420 4434 1477 4499; x_wconf 93' lang='lat' dir='ltr'><strong>pro</strong></span> <span class='ocrx_word' id='word_1_456' title='bbox 1498 4417 1677 4483; x_wconf 85' lang='lat' dir='ltr'><strong>testimonio</strong></span> <span class='ocrx_word' id='word_1_457' title='bbox 1700 4416 1844 4484; x_wconf 70' lang='lat' dir='ltr'><strong>vertutis</strong></span> <span class='ocrx_word' id='word_1_458' title='bbox 1860 4417 1902 4483; x_wconf 92' lang='lat' dir='ltr'><strong>ad</strong></span> <span class='ocrx_word' id='word_1_459' title='bbox 1916 4417 2104 4502; x_wconf 91' lang='lat' dir='ltr'><strong>peticionem</strong></span> <span class='ocrx_word' id='word_1_460' title='bbox 2118 4435 2174 4482; x_wconf 90' lang='lat' dir='ltr'><strong>no·</strong></span> 
     </span>
     <span class='ocr_line' id='line_1_42' title="bbox 621 4517 2174 4605; baseline 0.002 -25"><span class='ocrx_word' id='word_1_461' title='bbox 621 4521 720 4584; x_wconf 85' lang='lat' dir='ltr'><strong>strum</strong></span> <span class='ocrx_word' id='word_1_462' title='bbox 739 4517 813 4584; x_wconf 87' lang='lat' dir='ltr'><strong>huic</strong></span> <span class='ocrx_word' id='word_1_463' title='bbox 834 4518 944 4585; x_wconf 91' lang='lat' dir='ltr'><strong>charte</strong></span> <span class='ocrx_word' id='word_1_464' title='bbox 976 4521 1075 4586; x_wconf 90' lang='lat' dir='ltr'><strong>ecinm</strong></span> <span class='ocrx_word' id='word_1_465' title='bbox 1097 4536 1188 4585; x_wconf 91' lang='lat' dir='ltr'><strong>suurn</strong></span> <span class='ocrx_word' id='word_1_466' title='bbox 1208 4518 1356 4602; x_wconf 89' lang='lat' dir='ltr'><strong>apposuit</strong></span> <span class='ocrx_word' id='word_1_467' title='bbox 1377 4518 1524 4601; x_wconf 88' lang='lat' dir='ltr'><strong>sigillum,</strong></span> <span class='ocrx_word' id='word_1_468' title='bbox 1554 4519 1680 4586; x_wconf 91' lang='lat' dir='ltr'><strong>domino</strong></span> <span class='ocrx_word' id='word_1_469' title='bbox 1707 4519 1893 4605; x_wconf 87' lang='lat' dir='ltr'><strong>Boguphalo</strong></span> <span class='ocrx_word' id='word_1_470' title='bbox 1911 4519 2096 4587; x_wconf 83' lang='lat' dir='ltr'><strong>cancellario</strong></span> <span class='ocrx_word' id='word_1_471' title='bbox 2117 4537 2174 4584; x_wconf 89' lang='lat' dir='ltr'><strong>no·</strong></span> 
     </span>
     <span class='ocr_line' id='line_1_43' title="bbox 621 4619 2173 4706; baseline 0.002 -22"><span class='ocrx_word' id='word_1_472' title='bbox 621 4622 697 4700; x_wconf 89' lang='lat' dir='ltr'><strong>stro,</strong></span> <span class='ocrx_word' id='word_1_473' title='bbox 720 4619 847 4687; x_wconf 89' lang='lat' dir='ltr'><strong>domino</strong></span> <span class='ocrx_word' id='word_1_474' title='bbox 868 4620 952 4687; x_wconf 91' lang='lat' dir='ltr'><strong>lsaia</strong></span> <span class='ocrx_word' id='word_1_475' title='bbox 973 4620 1160 4692; x_wconf 83' lang='lat' dir='ltr'><strong>cancellario</strong></span> <span class='ocrx_word' id='word_1_476' title='bbox 1180 4620 1361 4701; x_wconf 88' lang='lat' dir='ltr'><strong>Kalisiousi,</strong></span> <span class='ocrx_word' id='word_1_477' title='bbox 1384 4621 1510 4688; x_wconf 90' lang='lat' dir='ltr'><strong>donrino</strong></span> <span class='ocrx_word' id='word_1_478' title='bbox 1532 4621 1672 4689; x_wconf 87' lang='lat' dir='ltr'><strong>hiartino</strong></span> <span class='ocrx_word' id='word_1_479' title='bbox 1690 4624 1852 4706; x_wconf 89' lang='lat' dir='ltr'><strong>preposito</strong></span> <span class='ocrx_word' id='word_1_480' title='bbox 1867 4623 1906 4689; x_wconf 89' lang='lat' dir='ltr'><strong>de</strong></span> <span class='ocrx_word' id='word_1_481' title='bbox 1921 4621 2054 4703; x_wconf 83' lang='lat' dir='ltr'><strong>Santoc3</strong></span> <span class='ocrx_word' id='word_1_482' title='bbox 2074 4620 2173 4688; x_wconf 90' lang='lat' dir='ltr'><strong>ecianr</strong></span> 
     </span>
     <span class='ocr_line' id='line_1_44' title="bbox 621 4720 2174 4808; baseline 0.002 -22"><span class='ocrx_word' id='word_1_483' title='bbox 621 4720 776 4789; x_wconf 89' lang='lat' dir='ltr'><strong>nobilibus</strong></span> <span class='ocrx_word' id='word_1_484' title='bbox 803 4729 836 4788; x_wconf 90' lang='lat' dir='ltr'><strong>et</strong></span> <span class='ocrx_word' id='word_1_485' title='bbox 869 4723 1036 4790; x_wconf 89' lang='lat' dir='ltr'><strong>comitibus</strong></span> <span class='ocrx_word' id='word_1_486' title='bbox 1065 4723 1118 4790; x_wconf 91' lang='lat' dir='ltr'><strong>iis:</strong></span> <span class='ocrx_word' id='word_1_487' title='bbox 1152 4722 1329 4807; x_wconf 88' lang='lat' dir='ltr'><strong>Bogumillo</strong></span> <span class='ocrx_word' id='word_1_488' title='bbox 1356 4722 1506 4806; x_wconf 91' lang='lat' dir='ltr'><strong>palatino,</strong></span> <span class='ocrx_word' id='word_1_489' title='bbox 1538 4723 1718 4793; x_wconf 85' lang='lat' dir='ltr'><strong>Demarado</strong></span> <span class='ocrx_word' id='word_1_490' title='bbox 1738 4725 1841 4792; x_wconf 91' lang='lat' dir='ltr'><strong>iudice</strong></span> <span class='ocrx_word' id='word_1_491' title='bbox 1862 4733 1981 4808; x_wconf 78' lang='lat' dir='ltr'><strong>nosne,</strong></span> <span class='ocrx_word' id='word_1_492' title='bbox 2003 4723 2174 4808; x_wconf 86' lang='lat' dir='ltr'><strong>Pretpolko</strong></span> 
     </span>
     <span class='ocr_line' id='line_1_45' title="bbox 621 4823 2173 4907; baseline 0.002 -18"><span class='ocrx_word' id='word_1_493' title='bbox 621 4825 791 4892; x_wconf 86' lang='lat' dir='ltr'><strong>castellano</strong></span> <span class='ocrx_word' id='word_1_494' title='bbox 813 4824 1031 4907; x_wconf 88' lang='lat' dir='ltr'><strong>l‘oznanierrsi,</strong></span> <span class='ocrx_word' id='word_1_495' title='bbox 1051 4825 1229 4892; x_wconf 89' lang='lat' dir='ltr'><strong>Dersicraio</strong></span> <span class='ocrx_word' id='word_1_496' title='bbox 1249 4823 1420 4891; x_wconf 86' lang='lat' dir='ltr'><strong>castellano</strong></span> <span class='ocrx_word' id='word_1_497' title='bbox 1444 4824 1630 4907; x_wconf 86' lang='lat' dir='ltr'><strong>Gneznensi,</strong></span> <span class='ocrx_word' id='word_1_498' title='bbox 1654 4825 1894 4894; x_wconf 82' lang='lat' dir='ltr'><strong>Herchcabolrlo</strong></span> <span class='ocrx_word' id='word_1_499' title='bbox 1914 4827 2086 4895; x_wconf 88' lang='lat' dir='ltr'><strong>castellano</strong></span> <span class='ocrx_word' id='word_1_500' title='bbox 2108 4825 2173 4893; x_wconf 84' lang='lat' dir='ltr'><strong>lia·</strong></span> 
     </span>
     <span class='ocr_line' id='line_1_46' title="bbox 621 4923 2174 5012; baseline 0.001 -21"><span class='ocrx_word' id='word_1_501' title='bbox 621 4923 749 5010; x_wconf 89' lang='lat' dir='ltr'><strong>lisiensi,</strong></span> <span class='ocrx_word' id='word_1_502' title='bbox 772 4926 908 4995; x_wconf 90' lang='lat' dir='ltr'><strong>laressio</strong></span> <span class='ocrx_word' id='word_1_503' title='bbox 931 4927 1102 4994; x_wconf 85' lang='lat' dir='ltr'><strong>castellano</strong></span> <span class='ocrx_word' id='word_1_504' title='bbox 1124 4927 1164 4993; x_wconf 83' lang='lat' dir='ltr'><strong>rie</strong></span> <span class='ocrx_word' id='word_1_505' title='bbox 1186 4926 1286 5008; x_wconf 86' lang='lat' dir='ltr'><strong>Iluda,</strong></span> <span class='ocrx_word' id='word_1_506' title='bbox 1314 4926 1457 4993; x_wconf 89' lang='lat' dir='ltr'><strong>Pretsioo</strong></span> <span class='ocrx_word' id='word_1_507' title='bbox 1485 4928 1658 4996; x_wconf 83' lang='lat' dir='ltr'><strong>castellano</strong></span> <span class='ocrx_word' id='word_1_508' title='bbox 1687 4929 1727 4995; x_wconf 89' lang='lat' dir='ltr'><strong>de</strong></span> <span class='ocrx_word' id='word_1_509' title='bbox 1748 4929 1893 5011; x_wconf 83' lang='lat' dir='ltr'><strong>Bechorr,</strong></span> <span class='ocrx_word' id='word_1_510' title='bbox 1914 4928 2040 5012; x_wconf 89' lang='lat' dir='ltr'><strong>Boguta</strong></span> <span class='ocrx_word' id='word_1_511' title='bbox 2060 4928 2174 4994; x_wconf 83' lang='lat' dir='ltr'><strong>castal-</strong></span> 
     </span>
     <span class='ocr_line' id='line_1_47' title="bbox 621 5025 2175 5116; baseline 0.001 -20"><span class='ocrx_word' id='word_1_512' title='bbox 621 5025 693 5097; x_wconf 86' lang='lat' dir='ltr'><strong>lano</strong></span> <span class='ocrx_word' id='word_1_513' title='bbox 714 5031 754 5097; x_wconf 93' lang='lat' dir='ltr'><strong>de</strong></span> <span class='ocrx_word' id='word_1_514' title='bbox 775 5030 907 5112; x_wconf 80' lang='lat' dir='ltr'><strong>Deraen,</strong></span> <span class='ocrx_word' id='word_1_515' title='bbox 931 5029 1097 5098; x_wconf 82' lang='lat' dir='ltr'><strong>Gerrardo</strong></span> <span class='ocrx_word' id='word_1_516' title='bbox 1126 5030 1297 5097; x_wconf 88' lang='lat' dir='ltr'><strong>castellano</strong></span> <span class='ocrx_word' id='word_1_517' title='bbox 1324 5028 1364 5095; x_wconf 90' lang='lat' dir='ltr'><strong>dc</strong></span> <span class='ocrx_word' id='word_1_518' title='bbox 1388 5029 1506 5112; x_wconf 81' lang='lat' dir='ltr'><strong>Srucm,</strong></span> <span class='ocrx_word' id='word_1_519' title='bbox 1536 5031 1681 5114; x_wconf 78' lang='lat' dir='ltr'><strong>llogusra</strong></span> <span class='ocrx_word' id='word_1_520' title='bbox 1709 5031 1849 5115; x_wconf 86' lang='lat' dir='ltr'><strong>palatino</strong></span> <span class='ocrx_word' id='word_1_521' title='bbox 1876 5029 2027 5116; x_wconf 82' lang='lat' dir='ltr'><strong>Cuyarie,</strong></span> <span class='ocrx_word' id='word_1_522' title='bbox 2055 5030 2175 5098; x_wconf 85' lang='lat' dir='ltr'><strong>Bozeta</strong></span> 
     </span>
     <span class='ocr_line' id='line_1_48' title="bbox 620 5128 2174 5218; baseline 0.002 -19"><span class='ocrx_word' id='word_1_523' title='bbox 620 5128 759 5217; x_wconf 78' lang='lat' dir='ltr'><strong>dapifero</strong></span> <span class='ocrx_word' id='word_1_524' title='bbox 780 5134 969 5218; x_wconf 81' lang='lat' dir='ltr'><strong>Gnerrrousi,</strong></span> <span class='ocrx_word' id='word_1_525' title='bbox 991 5134 1135 5218; x_wconf 77' lang='lat' dir='ltr'><strong>liogusna</strong></span> <span class='ocrx_word' id='word_1_526' title='bbox 1156 5132 1384 5202; x_wconf 86' lang='lat' dir='ltr'><strong>succarnerario</strong></span> <span class='ocrx_word' id='word_1_527' title='bbox 1402 5142 1523 5218; x_wconf 89' lang='lat' dir='ltr'><strong>nostro,</strong></span> <span class='ocrx_word' id='word_1_528' title='bbox 1545 5133 1683 5202; x_wconf 88' lang='lat' dir='ltr'><strong>Ilerrrico</strong></span> <span class='ocrx_word' id='word_1_529' title='bbox 1706 5139 1911 5217; x_wconf 87' lang='lat' dir='ltr'><strong>procuratore</strong></span> <span class='ocrx_word' id='word_1_530' title='bbox 1925 5140 2034 5201; x_wconf 89' lang='lat' dir='ltr'><strong>nostro</strong></span> <span class='ocrx_word' id='word_1_531' title='bbox 2047 5139 2081 5201; x_wconf 91' lang='lat' dir='ltr'><strong>et</strong></span> <span class='ocrx_word' id='word_1_532' title='bbox 2101 5134 2174 5202; x_wconf 89' lang='lat' dir='ltr'><strong>aliis</strong></span> 
     </span>
    </p>
   </div>
   <div class='ocr_carea' id='block_1_5' title="bbox 0 0 2434 6180">
    <p class='ocr_par' dir='ltr' id='par_1_5' title="bbox 0 0 2434 6180">
     <span class='ocr_line' id='line_1_49' title="bbox 0 0 2434 6180; baseline 0 0"><span class='ocrx_word' id='word_1_533' title='bbox 0 0 2434 6180; x_wconf 95' lang='lat' dir='ltr'><strong> </strong></span> 
     </span>
    </p>
   </div>
  </div>
 </body>
</html>
