<?xml version="1.0" encoding="UTF-8"?>
<!DOCTYPE html PUBLIC "-//W3C//DTD XHTML 1.0 Transitional//EN"
    "http://www.w3.org/TR/xhtml1/DTD/xhtml1-transitional.dtd">
<html xmlns="http://www.w3.org/1999/xhtml" xml:lang="en" lang="en">
 <head>
  <title>
</title>
<meta http-equiv="Content-Type" content="text/html;charset=utf-8" />
  <meta name='ocr-system' content='tesseract 3.04.00' />
  <meta name='ocr-capabilities' content='ocr_page ocr_carea ocr_par ocr_line ocrx_word'/>
</head>
<body>
  <div class='ocr_page' id='page_1' title='image "./codexdiplomatic03zakrgoog_0426.png"; bbox 0 0 4476 6180; ppageno 0'>
   <div class='ocr_carea' id='block_1_1' title="bbox 1809 219 1879 292">
    <p class='ocr_par' dir='ltr' id='par_1_1' title="bbox 1809 219 1879 292">
     <span class='ocr_line' id='line_1_1' title="bbox 1809 219 1879 292; baseline 0 0"><span class='ocrx_word' id='word_1_1' title='bbox 1809 219 1879 292; x_wconf 80' lang='lat'><strong>431</strong></span> 
     </span>
    </p>
   </div>
   <div class='ocr_carea' id='block_1_2' title="bbox 338 381 1888 604">
    <p class='ocr_par' dir='ltr' id='par_1_2' title="bbox 338 381 1888 604">
     <span class='ocr_line' id='line_1_2' title="bbox 338 381 1888 503; baseline 0.007 -23"><span class='ocrx_word' id='word_1_2' title='bbox 338 431 407 498; x_wconf 90' lang='lat' dir='ltr'><strong>quc,</strong></span> <span class='ocrx_word' id='word_1_3' title='bbox 429 411 548 480; x_wconf 88' lang='lat' dir='ltr'><strong>mdlam</strong></span> <span class='ocrx_word' id='word_1_4' title='bbox 571 414 764 499; x_wconf 90' lang='lat' dir='ltr'><strong>prelaturam</strong></span> <span class='ocrx_word' id='word_1_5' title='bbox 786 416 835 482; x_wconf 93' lang='lat' dir='ltr'><strong>vel</strong></span> <span class='ocrx_word' id='word_1_6' title='bbox 850 415 1154 485; x_wconf 82' lang='lat' dir='ltr'><strong>administrationem</strong></span> <span class='ocrx_word' id='word_1_7' title='bbox 1172 416 1323 485; x_wconf 80' lang='lat' dir='ltr'><strong>babentes</strong></span> <span class='ocrx_word' id='word_1_8' title='bbox 1339 381 1534 501; x_wconf 70' lang='lat' dir='ltr'><strong>miratatur,</strong></span> <span class='ocrx_word' id='word_1_9' title='bbox 1555 393 1768 503; x_wconf 80' lang='lat' dir='ltr'><strong>pennittinrus</strong></span> <span class='ocrx_word' id='word_1_10' title='bbox 1783 422 1816 488; x_wconf 93' lang='lat' dir='ltr'><strong>iu</strong></span> <span class='ocrx_word' id='word_1_11' title='bbox 1831 421 1888 491; x_wconf 88' lang='lat' dir='ltr'><strong>lra-</strong></span> 
     </span>
     <span class='ocr_line' id='line_1_3' title="bbox 338 515 1788 604; baseline 0.008 -23"><span class='ocrx_word' id='word_1_12' title='bbox 338 515 405 582; x_wconf 90' lang='lat' dir='ltr'><strong>bitu</strong></span> <span class='ocrx_word' id='word_1_13' title='bbox 426 533 484 582; x_wconf 89' lang='lat' dir='ltr'><strong>suo</strong></span> <span class='ocrx_word' id='word_1_14' title='bbox 506 536 577 583; x_wconf 90' lang='lat' dir='ltr'><strong>cunr</strong></span> <span class='ocrx_word' id='word_1_15' title='bbox 599 516 690 584; x_wconf 78' lang='lat' dir='ltr'><strong>suris</strong></span> <span class='ocrx_word' id='word_1_16' title='bbox 713 519 745 584; x_wconf 93' lang='lat' dir='ltr'><strong>in</strong></span> <span class='ocrx_word' id='word_1_17' title='bbox 768 517 893 604; x_wconf 86' lang='lat' dir='ltr'><strong>Synodo</strong></span> <span class='ocrx_word' id='word_1_18' title='bbox 916 537 1008 602; x_wconf 83' lang='lat' dir='ltr'><strong>posse</strong></span> <span class='ocrx_word' id='word_1_19' title='bbox 1029 527 1124 602; x_wconf 84' lang='lat' dir='ltr'><strong>surae,</strong></span> <span class='ocrx_word' id='word_1_20' title='bbox 1147 522 1243 588; x_wconf 69' lang='lat' dir='ltr'><strong>arrian</strong></span> <span class='ocrx_word' id='word_1_21' title='bbox 1265 521 1292 587; x_wconf 91' lang='lat' dir='ltr'><strong>si</strong></span> <span class='ocrx_word' id='word_1_22' title='bbox 1314 520 1618 591; x_wconf 83' lang='lat' dir='ltr'><strong>mnninistmtionern</strong></span> <span class='ocrx_word' id='word_1_23' title='bbox 1640 525 1788 593; x_wconf 76' lang='lat' dir='ltr'><strong>lrabrsurt.</strong></span> 
     </span>
    </p>
   </div>
   <div class='ocr_carea' id='block_1_3' title="bbox 337 644 1889 2082">
    <p class='ocr_par' dir='ltr' id='par_1_3' title="bbox 337 644 1889 1962">
     <span class='ocr_line' id='line_1_4' title="bbox 442 644 1887 731; baseline 0.008 -25"><span class='ocrx_word' id='word_1_24' title='bbox 442 645 635 722; x_wconf 77' lang='lat' dir='ltr'><strong>sructptenm·</strong></span> <span class='ocrx_word' id='word_1_25' title='bbox 654 649 739 707; x_wconf 72' lang='lat' dir='ltr'><strong>socri</strong></span> <span class='ocrx_word' id='word_1_26' title='bbox 758 648 879 708; x_wconf 73' lang='lat' dir='ltr'><strong>ordiner</strong></span> <span class='ocrx_word' id='word_1_27' title='bbox 901 661 922 704; x_wconf 85' lang='lat' dir='ltr'><strong>a</strong></span> <span class='ocrx_word' id='word_1_28' title='bbox 941 644 1113 722; x_wconf 69' lang='lat' dir='ltr'><strong>praetoribus</strong></span> <span class='ocrx_word' id='word_1_29' title='bbox 1133 649 1311 707; x_wconf 80' lang='lat' dir='ltr'><strong>varriruurvuu.</strong></span> <span class='ocrx_word' id='word_1_30' title='bbox 1347 644 1524 710; x_wconf 69' lang='lat' dir='ltr'><strong>secuturum</strong></span> <span class='ocrx_word' id='word_1_31' title='bbox 1546 645 1653 727; x_wconf 84' lang='lat' dir='ltr'><strong>etiam,</strong></span> <span class='ocrx_word' id='word_1_32' title='bbox 1676 649 1760 731; x_wconf 86' lang='lat' dir='ltr'><strong>quod</strong></span> <span class='ocrx_word' id='word_1_33' title='bbox 1778 669 1887 718; x_wconf 82' lang='lat' dir='ltr'><strong>orrrnes</strong></span> 
     </span>
     <span class='ocr_line' id='line_1_5' title="bbox 338 735 1887 829; baseline 0.005 -18"><span class='ocrx_word' id='word_1_34' title='bbox 338 735 476 825; x_wconf 80' lang='lat' dir='ltr'><strong>abbates,</strong></span> <span class='ocrx_word' id='word_1_35' title='bbox 499 744 661 827; x_wconf 74' lang='lat' dir='ltr'><strong>prepositi,</strong></span> <span class='ocrx_word' id='word_1_36' title='bbox 684 745 813 828; x_wconf 78' lang='lat' dir='ltr'><strong>priores,</strong></span> <span class='ocrx_word' id='word_1_37' title='bbox 836 744 961 828; x_wconf 86' lang='lat' dir='ltr'><strong>plebani</strong></span> <span class='ocrx_word' id='word_1_38' title='bbox 983 751 1017 810; x_wconf 90' lang='lat' dir='ltr'><strong>et</strong></span> <span class='ocrx_word' id='word_1_39' title='bbox 1037 746 1090 811; x_wconf 90' lang='lat' dir='ltr'><strong>ulii</strong></span> <span class='ocrx_word' id='word_1_40' title='bbox 1113 745 1315 812; x_wconf 77' lang='lat' dir='ltr'><strong>ecclesiarum</strong></span> <span class='ocrx_word' id='word_1_41' title='bbox 1336 747 1449 829; x_wconf 85' lang='lat' dir='ltr'><strong>prelati</strong></span> <span class='ocrx_word' id='word_1_42' title='bbox 1473 753 1506 813; x_wconf 92' lang='lat' dir='ltr'><strong>et</strong></span> <span class='ocrx_word' id='word_1_43' title='bbox 1529 755 1666 815; x_wconf 79' lang='lat' dir='ltr'><strong>recurres</strong></span> <span class='ocrx_word' id='word_1_44' title='bbox 1688 769 1797 817; x_wconf 89' lang='lat' dir='ltr'><strong>euram</strong></span> <span class='ocrx_word' id='word_1_45' title='bbox 1819 753 1887 818; x_wconf 91' lang='lat' dir='ltr'><strong>ani·</strong></span> 
     </span>
     <span class='ocr_line' id='line_1_6' title="bbox 338 846 1888 934; baseline 0.004 -20"><span class='ocrx_word' id='word_1_46' title='bbox 338 865 457 914; x_wconf 89' lang='lat' dir='ltr'><strong>marum</strong></span> <span class='ocrx_word' id='word_1_47' title='bbox 479 846 673 926; x_wconf 81' lang='lat' dir='ltr'>habentium,</span> <span class='ocrx_word' id='word_1_48' title='bbox 696 849 831 932; x_wconf 90' lang='lat' dir='ltr'><strong>promoti</strong></span> <span class='ocrx_word' id='word_1_49' title='bbox 853 849 894 915; x_wconf 92' lang='lat' dir='ltr'><strong>ad</strong></span> <span class='ocrx_word' id='word_1_50' title='bbox 916 848 1086 928; x_wconf 80' lang='lat' dir='ltr'><strong>rligrritatas</strong></span> <span class='ocrx_word' id='word_1_51' title='bbox 1107 867 1163 914; x_wconf 89' lang='lat' dir='ltr'><strong>seu</strong></span> <span class='ocrx_word' id='word_1_52' title='bbox 1186 867 1278 916; x_wconf 81' lang='lat' dir='ltr'><strong>curas</strong></span> <span class='ocrx_word' id='word_1_53' title='bbox 1300 848 1457 933; x_wconf 78' lang='lat' dir='ltr'><strong>pnrrlictas</strong></span> <span class='ocrx_word' id='word_1_54' title='bbox 1479 859 1554 919; x_wconf 86' lang='lat' dir='ltr'><strong>anto</strong></span> <span class='ocrx_word' id='word_1_55' title='bbox 1571 851 1745 919; x_wconf 82' lang='lat' dir='ltr'><strong>Concilium</strong></span> <span class='ocrx_word' id='word_1_56' title='bbox 1760 855 1888 934; x_wconf 78' lang='lat' dir='ltr'><strong>Inrgdu-</strong></span> 
     </span>
     <span class='ocr_line' id='line_1_7' title="bbox 338 949 1889 1036; baseline 0.005 -20"><span class='ocrx_word' id='word_1_57' title='bbox 338 968 432 1017; x_wconf 87' lang='lat' dir='ltr'><strong>acnsu</strong></span> <span class='ocrx_word' id='word_1_58' title='bbox 451 950 575 1016; x_wconf 84' lang='lat' dir='ltr'><strong>noviter</strong></span> <span class='ocrx_word' id='word_1_59' title='bbox 596 949 796 1031; x_wconf 87' lang='lat' dir='ltr'><strong>celebratum,</strong></span> <span class='ocrx_word' id='word_1_60' title='bbox 817 953 843 1016; x_wconf 92' lang='lat' dir='ltr'><strong>si</strong></span> <span class='ocrx_word' id='word_1_61' title='bbox 866 952 1042 1036; x_wconf 80' lang='lat' dir='ltr'><strong>presbyteri</strong></span> <span class='ocrx_word' id='word_1_62' title='bbox 1064 970 1127 1017; x_wconf 94' lang='lat' dir='ltr'><strong>non</strong></span> <span class='ocrx_word' id='word_1_63' title='bbox 1149 957 1234 1031; x_wconf 86' lang='lat' dir='ltr'><strong>sunt,</strong></span> <span class='ocrx_word' id='word_1_64' title='bbox 1265 953 1298 1017; x_wconf 92' lang='lat' dir='ltr'><strong>in</strong></span> <span class='ocrx_word' id='word_1_65' title='bbox 1324 954 1475 1036; x_wconf 84' lang='lat' dir='ltr'><strong>proximis</strong></span> <span class='ocrx_word' id='word_1_66' title='bbox 1500 955 1616 1021; x_wconf 83' lang='lat' dir='ltr'><strong>futuris</strong></span> <span class='ocrx_word' id='word_1_67' title='bbox 1638 955 1780 1033; x_wconf 77' lang='lat' dir='ltr'><strong>Quotuor</strong></span> <span class='ocrx_word' id='word_1_68' title='bbox 1797 957 1889 1024; x_wconf 81' lang='lat' dir='ltr'><strong>Tem·</strong></span> 
     </span>
     <span class='ocr_line' id='line_1_8' title="bbox 338 1051 1889 1138; baseline 0.006 -20"><span class='ocrx_word' id='word_1_69' title='bbox 338 1051 466 1138; x_wconf 91' lang='lat' dir='ltr'><strong>poribus</strong></span> <span class='ocrx_word' id='word_1_70' title='bbox 487 1052 660 1119; x_wconf 87' lang='lat' dir='ltr'><strong>successive</strong></span> <span class='ocrx_word' id='word_1_71' title='bbox 682 1072 716 1120; x_wconf 90' lang='lat' dir='ltr'><strong>sc</strong></span> <span class='ocrx_word' id='word_1_72' title='bbox 737 1052 855 1120; x_wconf 88' lang='lat' dir='ltr'><strong>iaciant</strong></span> <span class='ocrx_word' id='word_1_73' title='bbox 876 1073 976 1138; x_wconf 78' lang='lat' dir='ltr'><strong>usquo</strong></span> <span class='ocrx_word' id='word_1_74' title='bbox 998 1054 1038 1120; x_wconf 92' lang='lat' dir='ltr'><strong>ad</strong></span> <span class='ocrx_word' id='word_1_75' title='bbox 1065 1053 1274 1121; x_wconf 89' lang='lat' dir='ltr'><strong>sacerdotium</strong></span> <span class='ocrx_word' id='word_1_76' title='bbox 1302 1056 1456 1137; x_wconf 76' lang='lat' dir='ltr'><strong>ordinari3</strong></span> <span class='ocrx_word' id='word_1_77' title='bbox 1483 1063 1541 1124; x_wconf 91' lang='lat' dir='ltr'><strong>aut</strong></span> <span class='ocrx_word' id='word_1_78' title='bbox 1570 1057 1696 1124; x_wconf 92' lang='lat' dir='ltr'><strong>omuino</strong></span> <span class='ocrx_word' id='word_1_79' title='bbox 1723 1059 1889 1128; x_wconf 89' lang='lat' dir='ltr'><strong>dimittant</strong></span> 
     </span>
     <span class='ocr_line' id='line_1_9' title="bbox 339 1154 1888 1244; baseline 0.004 -21"><span class='ocrx_word' id='word_1_80' title='bbox 339 1155 517 1224; x_wconf 85' lang='lat' dir='ltr'><strong>huiusmodi</strong></span> <span class='ocrx_word' id='word_1_81' title='bbox 537 1154 710 1239; x_wconf 75' lang='lat' dir='ltr'>dignitates</span> <span class='ocrx_word' id='word_1_82' title='bbox 731 1164 765 1236; x_wconf 76' lang='lat' dir='ltr'><strong>,et</strong></span> <span class='ocrx_word' id='word_1_83' title='bbox 786 1176 887 1237; x_wconf 88' lang='lat' dir='ltr'><strong>curas,</strong></span> <span class='ocrx_word' id='word_1_84' title='bbox 910 1163 944 1223; x_wconf 91' lang='lat' dir='ltr'><strong>et</strong></span> <span class='ocrx_word' id='word_1_85' title='bbox 964 1176 1022 1240; x_wconf 91' lang='lat' dir='ltr'><strong>per</strong></span> <span class='ocrx_word' id='word_1_86' title='bbox 1043 1175 1116 1223; x_wconf 87' lang='lat' dir='ltr'><strong>suos</strong></span> <span class='ocrx_word' id='word_1_87' title='bbox 1137 1156 1320 1223; x_wconf 89' lang='lat' dir='ltr'><strong>diocesanos</strong></span> <span class='ocrx_word' id='word_1_88' title='bbox 1342 1177 1397 1224; x_wconf 91' lang='lat' dir='ltr'><strong>seu</strong></span> <span class='ocrx_word' id='word_1_89' title='bbox 1418 1161 1606 1244; x_wconf 76' lang='lat' dir='ltr'><strong>superioris,</strong></span> <span class='ocrx_word' id='word_1_90' title='bbox 1635 1160 1762 1228; x_wconf 89' lang='lat' dir='ltr'><strong>sublato</strong></span> <span class='ocrx_word' id='word_1_91' title='bbox 1784 1163 1888 1229; x_wconf 90' lang='lat' dir='ltr'><strong>cuius·</strong></span> 
     </span>
     <span class='ocr_line' id='line_1_10' title="bbox 339 1257 1888 1348; baseline 0.006 -22"><span class='ocrx_word' id='word_1_92' title='bbox 339 1257 415 1326; x_wconf 89' lang='lat' dir='ltr'><strong>lrbet</strong></span> <span class='ocrx_word' id='word_1_93' title='bbox 435 1257 656 1343; x_wconf 79' lang='lat' dir='ltr'><strong>appellationis</strong></span> <span class='ocrx_word' id='word_1_94' title='bbox 678 1259 849 1341; x_wconf 87' lang='lat' dir='ltr'><strong>obstaculo,</strong></span> <span class='ocrx_word' id='word_1_95' title='bbox 872 1266 1077 1327; x_wconf 79' lang='lat' dir='ltr'><strong>amoveantur</strong></span> <span class='ocrx_word' id='word_1_96' title='bbox 1097 1279 1118 1326; x_wconf 93' lang='lat' dir='ltr'><strong>a</strong></span> <span class='ocrx_word' id='word_1_97' title='bbox 1138 1259 1345 1342; x_wconf 68' lang='lat' dir='ltr'><strong>dignitatibus</strong></span> <span class='ocrx_word' id='word_1_98' title='bbox 1367 1267 1401 1328; x_wconf 90' lang='lat' dir='ltr'><strong>et</strong></span> <span class='ocrx_word' id='word_1_99' title='bbox 1421 1264 1505 1329; x_wconf 83' lang='lat' dir='ltr'><strong>curis</strong></span> <span class='ocrx_word' id='word_1_100' title='bbox 1527 1265 1687 1348; x_wconf 81' lang='lat' dir='ltr'><strong>predictis,</strong></span> <span class='ocrx_word' id='word_1_101' title='bbox 1709 1266 1772 1331; x_wconf 88' lang='lat' dir='ltr'><strong>nisi</strong></span> <span class='ocrx_word' id='word_1_102' title='bbox 1791 1266 1824 1332; x_wconf 91' lang='lat' dir='ltr'><strong>in</strong></span> <span class='ocrx_word' id='word_1_103' title='bbox 1837 1285 1888 1335; x_wconf 87' lang='lat' dir='ltr'><strong>sa-</strong></span> 
     </span>
     <span class='ocr_line' id='line_1_11' title="bbox 339 1359 1888 1452; baseline 0.004 -23"><span class='ocrx_word' id='word_1_104' title='bbox 339 1359 480 1429; x_wconf 83' lang='lat' dir='ltr'><strong>cerdotes</strong></span> <span class='ocrx_word' id='word_1_105' title='bbox 500 1360 618 1428; x_wconf 85' lang='lat' dir='ltr'><strong>inerint</strong></span> <span class='ocrx_word' id='word_1_106' title='bbox 638 1360 786 1429; x_wconf 88' lang='lat' dir='ltr'><strong>ordinati.</strong></span> <span class='ocrx_word' id='word_1_107' title='bbox 830 1363 992 1429; x_wconf 81' lang='lat' dir='ltr'><strong>Institutio</strong></span> <span class='ocrx_word' id='word_1_108' title='bbox 1012 1369 1118 1429; x_wconf 88' lang='lat' dir='ltr'><strong>autern</strong></span> <span class='ocrx_word' id='word_1_109' title='bbox 1139 1364 1206 1430; x_wconf 90' lang='lat' dir='ltr'><strong>sive</strong></span> <span class='ocrx_word' id='word_1_110' title='bbox 1227 1364 1429 1430; x_wconf 82' lang='lat' dir='ltr'><strong>instituendis</strong></span> <span class='ocrx_word' id='word_1_111' title='bbox 1457 1372 1530 1449; x_wconf 89' lang='lat' dir='ltr'><strong>post</strong></span> <span class='ocrx_word' id='word_1_112' title='bbox 1559 1366 1733 1435; x_wconf 83' lang='lat' dir='ltr'><strong>Concilium</strong></span> <span class='ocrx_word' id='word_1_113' title='bbox 1761 1367 1888 1452; x_wconf 86' lang='lat' dir='ltr'><strong>Lugdu·</strong></span> 
     </span>
     <span class='ocr_line' id='line_1_12' title="bbox 338 1463 1889 1554; baseline 0.004 -22"><span class='ocrx_word' id='word_1_114' title='bbox 338 1483 433 1532; x_wconf 88' lang='lat' dir='ltr'><strong>nense</strong></span> <span class='ocrx_word' id='word_1_115' title='bbox 454 1463 621 1550; x_wconf 85' lang='lat' dir='ltr'><strong>prelatum,</strong></span> <span class='ocrx_word' id='word_1_116' title='bbox 649 1483 707 1548; x_wconf 89' lang='lat' dir='ltr'><strong>per</strong></span> <span class='ocrx_word' id='word_1_117' title='bbox 732 1466 917 1533; x_wconf 84' lang='lat' dir='ltr'><strong>diocesanos</strong></span> <span class='ocrx_word' id='word_1_118' title='bbox 943 1472 977 1533; x_wconf 90' lang='lat' dir='ltr'><strong>et</strong></span> <span class='ocrx_word' id='word_1_119' title='bbox 1005 1467 1085 1533; x_wconf 89' lang='lat' dir='ltr'><strong>alios</strong></span> <span class='ocrx_word' id='word_1_120' title='bbox 1113 1466 1291 1550; x_wconf 87' lang='lat' dir='ltr'><strong>superiores</strong></span> <span class='ocrx_word' id='word_1_121' title='bbox 1320 1485 1428 1533; x_wconf 87' lang='lat' dir='ltr'><strong>eorum</strong></span> <span class='ocrx_word' id='word_1_122' title='bbox 1455 1468 1663 1536; x_wconf 86' lang='lat' dir='ltr'><strong>denuncietur</strong></span> <span class='ocrx_word' id='word_1_123' title='bbox 1685 1470 1889 1554; x_wconf 74' lang='lat' dir='ltr'><strong>singularitas</strong></span> 
     </span>
     <span class='ocr_line' id='line_1_13' title="bbox 338 1567 1889 1654; baseline 0.003 -18"><span class='ocrx_word' id='word_1_124' title='bbox 338 1567 468 1652; x_wconf 86' lang='lat' dir='ltr'><strong>singulis</strong></span> <span class='ocrx_word' id='word_1_125' title='bbox 490 1575 523 1635; x_wconf 90' lang='lat' dir='ltr'><strong>et</strong></span> <span class='ocrx_word' id='word_1_126' title='bbox 543 1568 766 1636; x_wconf 79' lang='lat' dir='ltr'><strong>universaliter</strong></span> <span class='ocrx_word' id='word_1_127' title='bbox 785 1570 951 1649; x_wconf 85' lang='lat' dir='ltr'><strong>univorsis,</strong></span> <span class='ocrx_word' id='word_1_128' title='bbox 974 1570 1059 1654; x_wconf 94' lang='lat' dir='ltr'><strong>quod</strong></span> <span class='ocrx_word' id='word_1_129' title='bbox 1080 1570 1141 1636; x_wconf 93' lang='lat' dir='ltr'><strong>nisi</strong></span> <span class='ocrx_word' id='word_1_130' title='bbox 1163 1568 1248 1637; x_wconf 87' lang='lat' dir='ltr'><strong>inira</strong></span> <span class='ocrx_word' id='word_1_131' title='bbox 1268 1589 1385 1637; x_wconf 90' lang='lat' dir='ltr'><strong>anuum</strong></span> <span class='ocrx_word' id='word_1_132' title='bbox 1407 1591 1428 1637; x_wconf 94' lang='lat' dir='ltr'><strong>a</strong></span> <span class='ocrx_word' id='word_1_133' title='bbox 1448 1572 1500 1638; x_wconf 91' lang='lat' dir='ltr'><strong>die</strong></span> <span class='ocrx_word' id='word_1_134' title='bbox 1520 1591 1576 1639; x_wconf 90' lang='lat' dir='ltr'><strong>sne</strong></span> <span class='ocrx_word' id='word_1_135' title='bbox 1597 1574 1833 1641; x_wconf 89' lang='lat' dir='ltr'><strong>constitutionis</strong></span> <span class='ocrx_word' id='word_1_136' title='bbox 1855 1575 1889 1641; x_wconf 91' lang='lat' dir='ltr'><strong>in</strong></span> 
     </span>
     <span class='ocr_line' id='line_1_14' title="bbox 338 1669 1887 1759; baseline 0.004 -22"><span class='ocrx_word' id='word_1_137' title='bbox 338 1669 542 1755; x_wconf 80' lang='lat' dir='ltr'><strong>dignitatibus</strong></span> <span class='ocrx_word' id='word_1_138' title='bbox 564 1678 597 1739; x_wconf 92' lang='lat' dir='ltr'><strong>et</strong></span> <span class='ocrx_word' id='word_1_139' title='bbox 618 1672 776 1740; x_wconf 85' lang='lat' dir='ltr'><strong>beneficiis</strong></span> <span class='ocrx_word' id='word_1_140' title='bbox 798 1692 905 1740; x_wconf 89' lang='lat' dir='ltr'><strong>curam</strong></span> <span class='ocrx_word' id='word_1_141' title='bbox 925 1674 1100 1742; x_wconf 88' lang='lat' dir='ltr'><strong>animamm</strong></span> <span class='ocrx_word' id='word_1_142' title='bbox 1121 1672 1310 1739; x_wconf 78' lang='lat' dir='ltr'><strong>habentibus</strong></span> <span class='ocrx_word' id='word_1_143' title='bbox 1328 1674 1362 1740; x_wconf 94' lang='lat' dir='ltr'><strong>in</strong></span> <span class='ocrx_word' id='word_1_144' title='bbox 1384 1673 1585 1758; x_wconf 86' lang='lat' dir='ltr'><strong>presbyteros</strong></span> <span class='ocrx_word' id='word_1_145' title='bbox 1600 1675 1718 1742; x_wconf 86' lang='lat' dir='ltr'><strong>tuerint</strong></span> <span class='ocrx_word' id='word_1_146' title='bbox 1738 1676 1887 1759; x_wconf 83' lang='lat' dir='ltr'><strong>onlinati,</strong></span> 
     </span>
     <span class='ocr_line' id='line_1_15' title="bbox 338 1773 1888 1862; baseline 0.005 -24"><span class='ocrx_word' id='word_1_147' title='bbox 338 1773 405 1857; x_wconf 88' lang='lat' dir='ltr'><strong>ipso</strong></span> <span class='ocrx_word' id='word_1_148' title='bbox 426 1773 495 1841; x_wconf 92' lang='lat' dir='ltr'><strong>iure</strong></span> <span class='ocrx_word' id='word_1_149' title='bbox 515 1773 693 1842; x_wconf 90' lang='lat' dir='ltr'><strong>huiusmodi</strong></span> <span class='ocrx_word' id='word_1_150' title='bbox 715 1775 874 1842; x_wconf 79' lang='lat' dir='ltr'><strong>beneticds</strong></span> <span class='ocrx_word' id='word_1_151' title='bbox 896 1777 961 1842; x_wconf 91' lang='lat' dir='ltr'><strong>sint</strong></span> <span class='ocrx_word' id='word_1_152' title='bbox 978 1776 1105 1860; x_wconf 87' lang='lat' dir='ltr'><strong>privati,</strong></span> <span class='ocrx_word' id='word_1_153' title='bbox 1128 1782 1162 1842; x_wconf 92' lang='lat' dir='ltr'><strong>et</strong></span> <span class='ocrx_word' id='word_1_154' title='bbox 1183 1774 1333 1842; x_wconf 82' lang='lat' dir='ltr'><strong>beneficia</strong></span> <span class='ocrx_word' id='word_1_155' title='bbox 1353 1776 1418 1857; x_wconf 75' lang='lat' dir='ltr'><strong>illa,</strong></span> <span class='ocrx_word' id='word_1_156' title='bbox 1443 1795 1499 1860; x_wconf 87' lang='lat' dir='ltr'><strong>per</strong></span> <span class='ocrx_word' id='word_1_157' title='bbox 1520 1777 1592 1843; x_wconf 89' lang='lat' dir='ltr'><strong>illos</strong></span> <span class='ocrx_word' id='word_1_158' title='bbox 1620 1777 1662 1844; x_wconf 87' lang='lat' dir='ltr'><strong>ad</strong></span> <span class='ocrx_word' id='word_1_159' title='bbox 1681 1796 1761 1862; x_wconf 94' lang='lat' dir='ltr'><strong>quos</strong></span> <span class='ocrx_word' id='word_1_160' title='bbox 1779 1797 1888 1845; x_wconf 88' lang='lat' dir='ltr'><strong>eorum</strong></span> 
     </span>
     <span class='ocr_line' id='line_1_16' title="bbox 337 1875 1508 1962; baseline 0.003 -20"><span class='ocrx_word' id='word_1_161' title='bbox 337 1875 493 1943; x_wconf 86' lang='lat' dir='ltr'><strong>ordinatio</strong></span> <span class='ocrx_word' id='word_1_162' title='bbox 514 1882 647 1960; x_wconf 86' lang='lat' dir='ltr'><strong>spectat,</strong></span> <span class='ocrx_word' id='word_1_163' title='bbox 670 1897 709 1944; x_wconf 81' lang='lat' dir='ltr'><strong>es</strong></span> <span class='ocrx_word' id='word_1_164' title='bbox 730 1883 805 1945; x_wconf 91' lang='lat' dir='ltr'><strong>tuuc</strong></span> <span class='ocrx_word' id='word_1_165' title='bbox 826 1877 866 1945; x_wconf 91' lang='lat' dir='ltr'><strong>de</strong></span> <span class='ocrx_word' id='word_1_166' title='bbox 888 1879 1030 1962; x_wconf 90' lang='lat' dir='ltr'><strong>personis</strong></span> <span class='ocrx_word' id='word_1_167' title='bbox 1051 1878 1172 1945; x_wconf 88' lang='lat' dir='ltr'><strong>idoneis</strong></span> <span class='ocrx_word' id='word_1_168' title='bbox 1193 1876 1291 1944; x_wconf 87' lang='lat' dir='ltr'><strong>libere</strong></span> <span class='ocrx_word' id='word_1_169' title='bbox 1313 1879 1508 1946; x_wconf 89' lang='lat' dir='ltr'><strong>ordinentur.</strong></span> 
     </span>
    </p>

    <p class='ocr_par' dir='ltr' id='par_1_4' title="bbox 439 1996 1888 2082">
     <span class='ocr_line' id='line_1_17' title="bbox 439 1996 1888 2082; baseline 0.003 -21"><span class='ocrx_word' id='word_1_170' title='bbox 439 1999 634 2061; x_wconf 56' lang='lat' dir='ltr'><strong>&amp;ramalia</strong></span> <span class='ocrx_word' id='word_1_171' title='bbox 655 2007 685 2061; x_wconf 85' lang='lat' dir='ltr'><strong>et</strong></span> <span class='ocrx_word' id='word_1_172' title='bbox 713 2000 814 2062; x_wconf 77' lang='lat' dir='ltr'><strong>Olarm</strong></span> <span class='ocrx_word' id='word_1_173' title='bbox 846 2016 968 2062; x_wconf 81' lang='lat' dir='ltr'><strong>sunnon</strong></span> <span class='ocrx_word' id='word_1_174' title='bbox 995 2002 1146 2062; x_wconf 60' lang='lat' dir='ltr'><strong>sananda</strong></span> <span class='ocrx_word' id='word_1_175' title='bbox 1175 2003 1208 2062; x_wconf 83' lang='lat' dir='ltr'><strong>iu</strong></span> <span class='ocrx_word' id='word_1_176' title='bbox 1237 2004 1377 2064; x_wconf 73' lang='lat' dir='ltr'><strong>romeriis.</strong></span> <span class='ocrx_word' id='word_1_177' title='bbox 1422 1996 1610 2079; x_wconf 88' lang='lat' dir='ltr'><strong>Statuimus,</strong></span> <span class='ocrx_word' id='word_1_178' title='bbox 1638 2002 1676 2064; x_wconf 88' lang='lat' dir='ltr'><strong>ut</strong></span> <span class='ocrx_word' id='word_1_179' title='bbox 1701 2017 1758 2082; x_wconf 88' lang='lat' dir='ltr'><strong>per</strong></span> <span class='ocrx_word' id='word_1_180' title='bbox 1779 2017 1888 2066; x_wconf 88' lang='lat' dir='ltr'><strong>omnes</strong></span> 
     </span>
    </p>
   </div>
   <div class='ocr_carea' id='block_1_4' title="bbox 338 2096 1990 2188">
    <p class='ocr_par' dir='ltr' id='par_1_5' title="bbox 338 2096 1990 2188">
     <span class='ocr_line' id='line_1_18' title="bbox 338 2096 1990 2188; baseline 0.002 -23"><span class='ocrx_word' id='word_1_181' title='bbox 338 2096 484 2165; x_wconf 70' lang='lat' dir='ltr'><strong>aarum</strong></span> <span class='ocrx_word' id='word_1_182' title='bbox 506 2097 660 2179; x_wconf 79' lang='lat' dir='ltr'><strong>chrisma,</strong></span> <span class='ocrx_word' id='word_1_183' title='bbox 683 2098 795 2165; x_wconf 92' lang='lat' dir='ltr'><strong>Oleum</strong></span> <span class='ocrx_word' id='word_1_184' title='bbox 812 2104 956 2167; x_wconf 89' lang='lat' dir='ltr'><strong>sanctum</strong></span> <span class='ocrx_word' id='word_1_185' title='bbox 979 2105 1013 2166; x_wconf 91' lang='lat' dir='ltr'><strong>et</strong></span> <span class='ocrx_word' id='word_1_186' title='bbox 1033 2100 1235 2168; x_wconf 86' lang='lat' dir='ltr'><strong>Eucharistia</strong></span> <span class='ocrx_word' id='word_1_187' title='bbox 1256 2101 1315 2167; x_wconf 89' lang='lat' dir='ltr'><strong>snb</strong></span> <span class='ocrx_word' id='word_1_188' title='bbox 1336 2100 1423 2168; x_wconf 89' lang='lat' dir='ltr'><strong>tideli</strong></span> <span class='ocrx_word' id='word_1_189' title='bbox 1444 2101 1589 2166; x_wconf 90' lang='lat' dir='ltr'><strong>custodia</strong></span> <span class='ocrx_word' id='word_1_190' title='bbox 1610 2100 1750 2168; x_wconf 87' lang='lat' dir='ltr'><strong>clavibus</strong></span> <span class='ocrx_word' id='word_1_191' title='bbox 1765 2101 1888 2169; x_wconf 92' lang='lat' dir='ltr'><strong>adlribi·</strong></span> <span class='ocrx_word' id='word_1_192' title='bbox 1988 2185 1990 2188; x_wconf 11' lang='grc' dir='ltr'><em>Α</em></span> 
     </span>
    </p>
   </div>
   <div class='ocr_carea' id='block_1_5' title="bbox 338 2199 1887 2493">
    <p class='ocr_par' dir='ltr' id='par_1_6' title="bbox 338 2199 1887 2493">
     <span class='ocr_line' id='line_1_19' title="bbox 340 2199 1887 2288; baseline 0.004 -21"><span class='ocrx_word' id='word_1_193' title='bbox 340 2199 381 2267; x_wconf 88' lang='lat' dir='ltr'><strong>tis</strong></span> <span class='ocrx_word' id='word_1_194' title='bbox 398 2207 610 2283; x_wconf 88' lang='lat' dir='ltr'><strong>conservetur,</strong></span> <span class='ocrx_word' id='word_1_195' title='bbox 633 2201 680 2268; x_wconf 92' lang='lat' dir='ltr'><strong>ita</strong></span> <span class='ocrx_word' id='word_1_196' title='bbox 701 2207 737 2267; x_wconf 94' lang='lat' dir='ltr'><strong>nt</strong></span> <span class='ocrx_word' id='word_1_197' title='bbox 758 2221 822 2268; x_wconf 92' lang='lat' dir='ltr'><strong>uon</strong></span> <span class='ocrx_word' id='word_1_198' title='bbox 841 2202 943 2285; x_wconf 89' lang='lat' dir='ltr'><strong>possit</strong></span> <span class='ocrx_word' id='word_1_199' title='bbox 964 2202 1004 2268; x_wconf 91' lang='lat' dir='ltr'><strong>ad</strong></span> <span class='ocrx_word' id='word_1_200' title='bbox 1022 2201 1095 2269; x_wconf 88' lang='lat' dir='ltr'><strong>illas</strong></span> <span class='ocrx_word' id='word_1_201' title='bbox 1115 2223 1228 2270; x_wconf 89' lang='lat' dir='ltr'><strong>manus</strong></span> <span class='ocrx_word' id='word_1_202' title='bbox 1250 2203 1347 2287; x_wconf 91' lang='lat' dir='ltr'><strong>impia</strong></span> <span class='ocrx_word' id='word_1_203' title='bbox 1368 2204 1504 2270; x_wconf 83' lang='lat' dir='ltr'><strong>extendi.</strong></span> <span class='ocrx_word' id='word_1_204' title='bbox 1534 2203 1569 2269; x_wconf 82' lang='lat' dir='ltr'><strong>st</strong></span> <span class='ocrx_word' id='word_1_205' title='bbox 1590 2223 1663 2270; x_wconf 92' lang='lat' dir='ltr'><strong>vero</strong></span> <span class='ocrx_word' id='word_1_206' title='bbox 1685 2207 1713 2271; x_wconf 90' lang='lat' dir='ltr'><strong>is</strong></span> <span class='ocrx_word' id='word_1_207' title='bbox 1734 2204 1776 2272; x_wconf 88' lang='lat' dir='ltr'><strong>ad</strong></span> <span class='ocrx_word' id='word_1_208' title='bbox 1794 2224 1887 2288; x_wconf 91' lang='lat' dir='ltr'><strong>quem</strong></span> 
     </span>
     <span class='ocr_line' id='line_1_20' title="bbox 338 2303 1886 2392; baseline 0.004 -23"><span class='ocrx_word' id='word_1_209' title='bbox 338 2307 461 2386; x_wconf 88' lang='lat' dir='ltr'><strong>spectat</strong></span> <span class='ocrx_word' id='word_1_210' title='bbox 481 2303 624 2370; x_wconf 84' lang='lat' dir='ltr'><strong>custodia</strong></span> <span class='ocrx_word' id='word_1_211' title='bbox 644 2323 683 2370; x_wconf 91' lang='lat' dir='ltr'><strong>ea</strong></span> <span class='ocrx_word' id='word_1_212' title='bbox 704 2304 830 2372; x_wconf 84' lang='lat' dir='ltr'><strong>incaute</strong></span> <span class='ocrx_word' id='word_1_213' title='bbox 851 2305 1024 2388; x_wconf 72' lang='lat' dir='ltr'><strong>reliquerit</strong></span> <span class='ocrx_word' id='word_1_214' title='bbox 1048 2305 1149 2372; x_wconf 89' lang='lat' dir='ltr'><strong>tribus</strong></span> <span class='ocrx_word' id='word_1_215' title='bbox 1171 2306 1330 2372; x_wconf 90' lang='lat' dir='ltr'><strong>mensibus</strong></span> <span class='ocrx_word' id='word_1_216' title='bbox 1352 2305 1393 2372; x_wconf 90' lang='lat' dir='ltr'><strong>ab</strong></span> <span class='ocrx_word' id='word_1_217' title='bbox 1414 2304 1518 2373; x_wconf 87' lang='lat' dir='ltr'><strong>officio</strong></span> <span class='ocrx_word' id='word_1_218' title='bbox 1539 2311 1574 2373; x_wconf 92' lang='lat' dir='ltr'><strong>et</strong></span> <span class='ocrx_word' id='word_1_219' title='bbox 1591 2305 1741 2374; x_wconf 89' lang='lat' dir='ltr'><strong>beneficio</strong></span> <span class='ocrx_word' id='word_1_220' title='bbox 1756 2325 1886 2392; x_wconf 89' lang='lat' dir='ltr'><strong>suspen·</strong></span> 
     </span>
     <span class='ocr_line' id='line_1_21' title="bbox 339 2405 1740 2493; baseline 0.002 -20"><span class='ocrx_word' id='word_1_221' title='bbox 339 2405 441 2488; x_wconf 88' lang='lat' dir='ltr'><strong>datur,</strong></span> <span class='ocrx_word' id='word_1_222' title='bbox 463 2407 545 2473; x_wconf 92' lang='lat' dir='ltr'><strong>etsi</strong></span> <span class='ocrx_word' id='word_1_223' title='bbox 568 2426 625 2490; x_wconf 91' lang='lat' dir='ltr'><strong>per</strong></span> <span class='ocrx_word' id='word_1_224' title='bbox 647 2407 799 2474; x_wconf 88' lang='lat' dir='ltr'><strong>iacmiam</strong></span> <span class='ocrx_word' id='word_1_225' title='bbox 822 2407 942 2491; x_wconf 87' lang='lat' dir='ltr'><strong>aliquid</strong></span> <span class='ocrx_word' id='word_1_226' title='bbox 963 2407 1036 2473; x_wconf 89' lang='lat' dir='ltr'><strong>inde</strong></span> <span class='ocrx_word' id='word_1_227' title='bbox 1057 2406 1210 2475; x_wconf 84' lang='lat' dir='ltr'><strong>nefarium</strong></span> <span class='ocrx_word' id='word_1_228' title='bbox 1231 2408 1408 2491; x_wconf 90' lang='lat' dir='ltr'><strong>contigerit,</strong></span> <span class='ocrx_word' id='word_1_229' title='bbox 1430 2409 1558 2491; x_wconf 74' lang='lat' dir='ltr'><strong>gramm</strong></span> <span class='ocrx_word' id='word_1_230' title='bbox 1579 2409 1740 2493; x_wconf 88' lang='lat' dir='ltr'><strong>puniatur.</strong></span> 
     </span>
    </p>
   </div>
   <div class='ocr_carea' id='block_1_6' title="bbox 337 2536 1889 2920">
    <p class='ocr_par' dir='ltr' id='par_1_7' title="bbox 337 2536 1889 2920">
     <span class='ocr_line' id='line_1_22' title="bbox 445 2536 1888 2627; baseline 0.003 -18"><span class='ocrx_word' id='word_1_231' title='bbox 445 2546 659 2609; x_wconf 67' lang='lat' dir='ltr'><strong>celebrandum</strong></span> <span class='ocrx_word' id='word_1_232' title='bbox 680 2565 701 2609; x_wconf 91' lang='lat' dir='ltr'><strong>a</strong></span> <span class='ocrx_word' id='word_1_233' title='bbox 721 2547 926 2610; x_wconf 80' lang='lat' dir='ltr'><strong>sacerdotibus</strong></span> <span class='ocrx_word' id='word_1_234' title='bbox 947 2550 1083 2624; x_wconf 76' lang='lat' dir='ltr'><strong>diuinum,</strong></span> <span class='ocrx_word' id='word_1_235' title='bbox 1099 2536 1240 2624; x_wconf 64' lang='lat' dir='ltr'><strong>officinm</strong></span> <span class='ocrx_word' id='word_1_236' title='bbox 1268 2543 1383 2610; x_wconf 88' lang='lat' dir='ltr'><strong>Nullus</strong></span> <span class='ocrx_word' id='word_1_237' title='bbox 1404 2545 1610 2627; x_wconf 81' lang='lat' dir='ltr'><strong>permittatur</strong></span> <span class='ocrx_word' id='word_1_238' title='bbox 1622 2545 1779 2613; x_wconf 85' lang='lat' dir='ltr'><strong>deservire</strong></span> <span class='ocrx_word' id='word_1_239' title='bbox 1793 2545 1888 2613; x_wconf 89' lang='lat' dir='ltr'><strong>altari</strong></span> 
     </span>
     <span class='ocr_line' id='line_1_23' title="bbox 338 2645 1888 2732; baseline 0.001 -18"><span class='ocrx_word' id='word_1_240' title='bbox 338 2645 387 2714; x_wconf 83' lang='lat' dir='ltr'><strong>rel</strong></span> <span class='ocrx_word' id='word_1_241' title='bbox 404 2646 582 2730; x_wconf 85' lang='lat' dir='ltr'><strong>Epistulam</strong></span> <span class='ocrx_word' id='word_1_242' title='bbox 603 2647 716 2732; x_wconf 84' lang='lat' dir='ltr'><strong>legere,</strong></span> <span class='ocrx_word' id='word_1_243' title='bbox 739 2649 801 2715; x_wconf 90' lang='lat' dir='ltr'><strong>nisi</strong></span> <span class='ocrx_word' id='word_1_244' title='bbox 822 2649 855 2714; x_wconf 92' lang='lat' dir='ltr'><strong>in</strong></span> <span class='ocrx_word' id='word_1_245' title='bbox 877 2648 1095 2731; x_wconf 89' lang='lat' dir='ltr'><strong>superpellicio</strong></span> <span class='ocrx_word' id='word_1_246' title='bbox 1117 2653 1151 2714; x_wconf 90' lang='lat' dir='ltr'><strong>et</strong></span> <span class='ocrx_word' id='word_1_247' title='bbox 1172 2666 1272 2731; x_wconf 91' lang='lat' dir='ltr'><strong>cappa</strong></span> <span class='ocrx_word' id='word_1_248' title='bbox 1287 2646 1404 2713; x_wconf 87' lang='lat' dir='ltr'><strong>clausa.</strong></span> <span class='ocrx_word' id='word_1_249' title='bbox 1435 2646 1587 2713; x_wconf 87' lang='lat' dir='ltr'><strong>Sacerdos</strong></span> <span class='ocrx_word' id='word_1_250' title='bbox 1603 2666 1726 2732; x_wconf 91' lang='lat' dir='ltr'><strong>quoque</strong></span> <span class='ocrx_word' id='word_1_251' title='bbox 1740 2649 1888 2716; x_wconf 81' lang='lat' dir='ltr'><strong>diurnum</strong></span> 
     </span>
     <span class='ocr_line' id='line_1_24' title="bbox 337 2747 1889 2835; baseline 0.003 -20"><span class='ocrx_word' id='word_1_252' title='bbox 337 2747 474 2816; x_wconf 86' lang='lat' dir='ltr'><strong>cilicium</strong></span> <span class='ocrx_word' id='word_1_253' title='bbox 495 2750 669 2833; x_wconf 80' lang='lat' dir='ltr'><strong>peniteret</strong></span> <span class='ocrx_word' id='word_1_254' title='bbox 693 2758 882 2818; x_wconf 89' lang='lat' dir='ltr'><strong>nocturnum</strong></span> <span class='ocrx_word' id='word_1_255' title='bbox 910 2751 1059 2818; x_wconf 76' lang='lat' dir='ltr'><strong>distinde</strong></span> <span class='ocrx_word' id='word_1_256' title='bbox 1084 2757 1118 2819; x_wconf 90' lang='lat' dir='ltr'><strong>et</strong></span> <span class='ocrx_word' id='word_1_257' title='bbox 1142 2757 1261 2835; x_wconf 82' lang='lat' dir='ltr'><strong>aperta,</strong></span> <span class='ocrx_word' id='word_1_258' title='bbox 1288 2755 1442 2834; x_wconf 90' lang='lat' dir='ltr'><strong>quantum</strong></span> <span class='ocrx_word' id='word_1_259' title='bbox 1471 2749 1558 2817; x_wconf 87' lang='lat' dir='ltr'><strong>Deus</strong></span> <span class='ocrx_word' id='word_1_260' title='bbox 1588 2749 1720 2832; x_wconf 89' lang='lat' dir='ltr'><strong>dederit,</strong></span> <span class='ocrx_word' id='word_1_261' title='bbox 1752 2751 1889 2819; x_wconf 90' lang='lat' dir='ltr'><strong>celebret</strong></span> 
     </span>
     <span class='ocr_line' id='line_1_25' title="bbox 337 2853 512 2920; baseline 0 -1"><span class='ocrx_word' id='word_1_262' title='bbox 337 2857 371 2919; x_wconf 90' lang='lat' dir='ltr'><strong>et</strong></span> <span class='ocrx_word' id='word_1_263' title='bbox 390 2853 512 2920; x_wconf 89' lang='lat' dir='ltr'><strong>devote.</strong></span> 
     </span>
    </p>
   </div>
   <div class='ocr_carea' id='block_1_7' title="bbox 338 2990 1980 3384">
    <p class='ocr_par' dir='ltr' id='par_1_8' title="bbox 338 2990 1980 3384">
     <span class='ocr_line' id='line_1_26' title="bbox 443 2990 1889 3075; baseline 0 -17"><span class='ocrx_word' id='word_1_264' title='bbox 443 2995 567 3058; x_wconf 81' lang='lat' dir='ltr'><strong>Sanctio</strong></span> <span class='ocrx_word' id='word_1_265' title='bbox 588 2996 733 3056; x_wconf 64' lang='lat' dir='ltr'><strong>merare</strong></span> <span class='ocrx_word' id='word_1_266' title='bbox 755 2996 922 3064; x_wconf 80' lang='lat' dir='ltr'><strong>intrusores</strong></span> <span class='ocrx_word' id='word_1_267' title='bbox 943 3002 972 3056; x_wconf 83' lang='lat' dir='ltr'><strong>et</strong></span> <span class='ocrx_word' id='word_1_268' title='bbox 996 2996 1135 3056; x_wconf 75' lang='lat' dir='ltr'><strong>aunam.</strong></span> <span class='ocrx_word' id='word_1_269' title='bbox 1180 2990 1260 3070; x_wconf 88' lang='lat' dir='ltr'><strong>Quia</strong></span> <span class='ocrx_word' id='word_1_270' title='bbox 1287 2990 1458 3056; x_wconf 85' lang='lat' dir='ltr'><strong>multomm</strong></span> <span class='ocrx_word' id='word_1_271' title='bbox 1483 2991 1656 3058; x_wconf 82' lang='lat' dir='ltr'><strong>assertione</strong></span> <span class='ocrx_word' id='word_1_272' title='bbox 1681 2993 1889 3075; x_wconf 84' lang='lat' dir='ltr'><strong>comperimus</strong></span> 
     </span>
     <span class='ocr_line' id='line_1_27' title="bbox 339 3087 1980 3179; baseline -0.001 -16"><span class='ocrx_word' id='word_1_273' title='bbox 339 3101 372 3163; x_wconf 87' lang='lat' dir='ltr'><strong>et</strong></span> <span class='ocrx_word' id='word_1_274' title='bbox 392 3115 451 3179; x_wconf 86' lang='lat' dir='ltr'><strong>pm</strong></span> <span class='ocrx_word' id='word_1_275' title='bbox 473 3099 560 3162; x_wconf 90' lang='lat' dir='ltr'><strong>certo</strong></span> <span class='ocrx_word' id='word_1_276' title='bbox 580 3094 756 3173; x_wconf 87' lang='lat' dir='ltr'><strong>didicimus,</strong></span> <span class='ocrx_word' id='word_1_277' title='bbox 780 3095 865 3177; x_wconf 92' lang='lat' dir='ltr'><strong>quod</strong></span> <span class='ocrx_word' id='word_1_278' title='bbox 886 3095 920 3160; x_wconf 92' lang='lat' dir='ltr'><strong>in</strong></span> <span class='ocrx_word' id='word_1_279' title='bbox 938 3095 1049 3161; x_wconf 92' lang='lat' dir='ltr'><strong>multis</strong></span> <span class='ocrx_word' id='word_1_280' title='bbox 1071 3093 1209 3160; x_wconf 89' lang='lat' dir='ltr'><strong>eeclesiis</strong></span> <span class='ocrx_word' id='word_1_281' title='bbox 1232 3113 1269 3160; x_wconf 92' lang='lat' dir='ltr'><strong>ac</strong></span> <span class='ocrx_word' id='word_1_282' title='bbox 1290 3092 1491 3159; x_wconf 88' lang='lat' dir='ltr'><strong>monasteriis</strong></span> <span class='ocrx_word' id='word_1_283' title='bbox 1513 3092 1781 3161; x_wconf 88' lang='lat' dir='ltr'><strong>etecclesiasticis</strong></span> <span class='ocrx_word' id='word_1_284' title='bbox 1796 3094 1890 3162; x_wconf 90' lang='lat' dir='ltr'><strong>benc·</strong></span> <span class='ocrx_word' id='word_1_285' title='bbox 1975 3087 1980 3098; x_wconf 82' lang='lat'>&#39;</span> 
     </span>
     <span class='ocr_line' id='line_1_28' title="bbox 338 3194 1889 3280; baseline 0.001 -16"><span class='ocrx_word' id='word_1_286' title='bbox 338 3198 416 3265; x_wconf 88' lang='lat' dir='ltr'><strong>liciis</strong></span> <span class='ocrx_word' id='word_1_287' title='bbox 437 3203 545 3264; x_wconf 90' lang='lat' dir='ltr'><strong>nostre</strong></span> <span class='ocrx_word' id='word_1_288' title='bbox 565 3196 731 3280; x_wconf 76' lang='lat' dir='ltr'><strong>legationis</strong></span> <span class='ocrx_word' id='word_1_289' title='bbox 753 3197 847 3262; x_wconf 91' lang='lat' dir='ltr'><strong>multi</strong></span> <span class='ocrx_word' id='word_1_290' title='bbox 865 3216 922 3280; x_wconf 90' lang='lat' dir='ltr'><strong>per</strong></span> <span class='ocrx_word' id='word_1_291' title='bbox 943 3198 1114 3264; x_wconf 88' lang='lat' dir='ltr'><strong>secularem</strong></span> <span class='ocrx_word' id='word_1_292' title='bbox 1128 3197 1314 3280; x_wconf 89' lang='lat' dir='ltr'><strong>potentiam,</strong></span> <span class='ocrx_word' id='word_1_293' title='bbox 1336 3194 1455 3278; x_wconf 89' lang='lat' dir='ltr'><strong>absque</strong></span> <span class='ocrx_word' id='word_1_294' title='bbox 1469 3195 1567 3261; x_wconf 90' lang='lat' dir='ltr'><strong>libero</strong></span> <span class='ocrx_word' id='word_1_295' title='bbox 1589 3201 1622 3262; x_wconf 93' lang='lat' dir='ltr'><strong>et</strong></span> <span class='ocrx_word' id='word_1_296' title='bbox 1636 3196 1776 3279; x_wconf 87' lang='lat' dir='ltr'><strong>legitimo</strong></span> <span class='ocrx_word' id='word_1_297' title='bbox 1791 3198 1889 3265; x_wconf 87' lang='lat' dir='ltr'><strong>eccle·</strong></span> 
     </span>
     <span class='ocr_line' id='line_1_29' title="bbox 338 3297 1889 3384; baseline 0.002 -18"><span class='ocrx_word' id='word_1_298' title='bbox 338 3299 536 3367; x_wconf 87' lang='lat' dir='ltr'><strong>siasticarurn</strong></span> <span class='ocrx_word' id='word_1_299' title='bbox 558 3318 763 3384; x_wconf 88' lang='lat' dir='ltr'><strong>personarum</strong></span> <span class='ocrx_word' id='word_1_300' title='bbox 786 3318 918 3368; x_wconf 89' lang='lat' dir='ltr'><strong>assensu</strong></span> <span class='ocrx_word' id='word_1_301' title='bbox 939 3300 979 3366; x_wconf 93' lang='lat' dir='ltr'><strong>ad</strong></span> <span class='ocrx_word' id='word_1_302' title='bbox 1001 3318 1080 3382; x_wconf 90' lang='lat' dir='ltr'><strong>quas</strong></span> <span class='ocrx_word' id='word_1_303' title='bbox 1097 3300 1238 3383; x_wconf 85' lang='lat' dir='ltr'><strong>ipsanmr</strong></span> <span class='ocrx_word' id='word_1_304' title='bbox 1260 3298 1382 3379; x_wconf 91' lang='lat' dir='ltr'><strong>electio,</strong></span> <span class='ocrx_word' id='word_1_305' title='bbox 1405 3297 1573 3379; x_wconf 90' lang='lat' dir='ltr'><strong>ordinatio,</strong></span> <span class='ocrx_word' id='word_1_306' title='bbox 1597 3299 1734 3381; x_wconf 89' lang='lat' dir='ltr'><strong>provisio</strong></span> <span class='ocrx_word' id='word_1_307' title='bbox 1748 3305 1783 3366; x_wconf 91' lang='lat' dir='ltr'><strong>et</strong></span> <span class='ocrx_word' id='word_1_308' title='bbox 1796 3301 1889 3369; x_wconf 88' lang='lat' dir='ltr'><strong>insti·</strong></span> 
     </span>
    </p>
   </div>
   <div class='ocr_carea' id='block_1_8' title="bbox 340 3397 1996 3485">
    <p class='ocr_par' dir='ltr' id='par_1_9' title="bbox 340 3397 1996 3485">
     <span class='ocr_line' id='line_1_30' title="bbox 340 3397 1996 3485; baseline 0.001 -19"><span class='ocrx_word' id='word_1_309' title='bbox 340 3400 422 3467; x_wconf 91' lang='lat' dir='ltr'><strong>tutio</strong></span> <span class='ocrx_word' id='word_1_310' title='bbox 443 3401 601 3485; x_wconf 89' lang='lat' dir='ltr'><strong>pertinere</strong></span> <span class='ocrx_word' id='word_1_311' title='bbox 622 3400 827 3484; x_wconf 87' lang='lat' dir='ltr'><strong>dignoscitur,</strong></span> <span class='ocrx_word' id='word_1_312' title='bbox 850 3401 1070 3468; x_wconf 82' lang='lat' dir='ltr'><strong>vlamuabiliter</strong></span> <span class='ocrx_word' id='word_1_313' title='bbox 1092 3407 1167 3467; x_wconf 91' lang='lat' dir='ltr'><strong>sunt</strong></span> <span class='ocrx_word' id='word_1_314' title='bbox 1187 3401 1303 3467; x_wconf 85' lang='lat' dir='ltr'><strong>intrusi</strong></span> <span class='ocrx_word' id='word_1_315' title='bbox 1321 3419 1358 3466; x_wconf 85' lang='lat' dir='ltr'><strong>aa</strong></span> <span class='ocrx_word' id='word_1_316' title='bbox 1380 3400 1522 3484; x_wconf 89' lang='lat' dir='ltr'><strong>quotidie</strong></span> <span class='ocrx_word' id='word_1_317' title='bbox 1549 3400 1756 3468; x_wconf 89' lang='lat' dir='ltr'><strong>intruduntur</strong></span> <span class='ocrx_word' id='word_1_318' title='bbox 1777 3407 1890 3469; x_wconf 88' lang='lat' dir='ltr'><strong>contra</strong></span> <span class='ocrx_word' id='word_1_319' title='bbox 1923 3397 1927 3405; x_wconf 84' lang='grc'><strong>’</strong></span> <span class='ocrx_word' id='word_1_320' title='bbox 1994 3463 1996 3467; x_wconf 79' lang='grc'>,</span> 
     </span>
    </p>
   </div>
   <div class='ocr_carea' id='block_1_9' title="bbox 338 3500 1974 5217">
    <p class='ocr_par' dir='ltr' id='par_1_10' title="bbox 338 3500 1974 5217">
     <span class='ocr_line' id='line_1_31' title="bbox 338 3500 1974 3597; baseline 0.002 -28"><span class='ocrx_word' id='word_1_321' title='bbox 338 3503 498 3569; x_wconf 83' lang='lat' dir='ltr'><strong>sacrarum</strong></span> <span class='ocrx_word' id='word_1_322' title='bbox 519 3508 642 3569; x_wconf 88' lang='lat' dir='ltr'><strong>statuta</strong></span> <span class='ocrx_word' id='word_1_323' title='bbox 663 3521 817 3569; x_wconf 71' lang='lat' dir='ltr'><strong>maenum</strong></span> <span class='ocrx_word' id='word_1_324' title='bbox 839 3509 872 3570; x_wconf 92' lang='lat' dir='ltr'><strong>et</strong></span> <span class='ocrx_word' id='word_1_325' title='bbox 893 3504 1136 3571; x_wconf 89' lang='lat' dir='ltr'><strong>ecclesiasticam</strong></span> <span class='ocrx_word' id='word_1_326' title='bbox 1158 3502 1347 3582; x_wconf 85' lang='lat' dir='ltr'><strong>libertatem,</strong></span> <span class='ocrx_word' id='word_1_327' title='bbox 1366 3521 1405 3567; x_wconf 83' lang='lat' dir='ltr'><strong>ex</strong></span> <span class='ocrx_word' id='word_1_328' title='bbox 1425 3521 1489 3585; x_wconf 93' lang='lat' dir='ltr'><strong>qno</strong></span> <span class='ocrx_word' id='word_1_329' title='bbox 1510 3500 1611 3569; x_wconf 89' lang='lat' dir='ltr'><strong>multu</strong></span> <span class='ocrx_word' id='word_1_330' title='bbox 1629 3511 1843 3586; x_wconf 90' lang='lat' dir='ltr'><strong>provenerunt</strong></span> <span class='ocrx_word' id='word_1_331' title='bbox 1856 3512 1889 3572; x_wconf 90' lang='lat' dir='ltr'><strong>et</strong></span> <span class='ocrx_word' id='word_1_332' title='bbox 1970 3592 1974 3597; x_wconf 26' lang='grc' dir='ltr'>Ι</span> 
     </span>
     <span class='ocr_line' id='line_1_32' title="bbox 338 3602 1890 3689; baseline 0.002 -18"><span class='ocrx_word' id='word_1_333' title='bbox 338 3605 525 3687; x_wconf 88' lang='lat' dir='ltr'><strong>proveniunt</strong></span> <span class='ocrx_word' id='word_1_334' title='bbox 545 3605 687 3689; x_wconf 92' lang='lat' dir='ltr'><strong>quotidie</strong></span> <span class='ocrx_word' id='word_1_335' title='bbox 701 3605 900 3677; x_wconf 72' lang='lat' dir='ltr'><strong>,detrimenta</strong></span> <span class='ocrx_word' id='word_1_336' title='bbox 921 3611 954 3671; x_wconf 91' lang='lat' dir='ltr'><strong>et</strong></span> <span class='ocrx_word' id='word_1_337' title='bbox 976 3605 1154 3684; x_wconf 85' lang='lat' dir='ltr'><strong>animarum¹</strong></span> <span class='ocrx_word' id='word_1_338' title='bbox 1171 3602 1365 3686; x_wconf 88' lang='lat' dir='ltr'><strong>deploranda</strong></span> <span class='ocrx_word' id='word_1_339' title='bbox 1385 3603 1526 3687; x_wconf 86' lang='lat' dir='ltr'><strong>pericula</strong></span> <span class='ocrx_word' id='word_1_340' title='bbox 1550 3603 1801 3688; x_wconf 88' lang='lat' dir='ltr'><strong>subsequuntur:</strong></span> <span class='ocrx_word' id='word_1_341' title='bbox 1823 3612 1890 3674; x_wconf 90' lang='lat' dir='ltr'><strong>sta·</strong></span> 
     </span>
     <span class='ocr_line' id='line_1_33' title="bbox 339 3707 1890 3792; baseline 0.003 -19"><span class='ocrx_word' id='word_1_342' title='bbox 339 3707 466 3789; x_wconf 90' lang='lat' dir='ltr'><strong>tuimns,</strong></span> <span class='ocrx_word' id='word_1_343' title='bbox 486 3707 570 3792; x_wconf 91' lang='lat' dir='ltr'><strong>qnod</strong></span> <span class='ocrx_word' id='word_1_344' title='bbox 591 3707 696 3773; x_wconf 90' lang='lat' dir='ltr'><strong>nullus</strong></span> <span class='ocrx_word' id='word_1_345' title='bbox 718 3708 826 3788; x_wconf 90' lang='lat' dir='ltr'><strong>laicus,</strong></span> <span class='ocrx_word' id='word_1_346' title='bbox 849 3707 1061 3789; x_wconf 89' lang='lat' dir='ltr'><strong>cuiuscunque</strong></span> <span class='ocrx_word' id='word_1_347' title='bbox 1081 3707 1282 3773; x_wconf 87' lang='lat' dir='ltr'><strong>auctoritatis</strong></span> <span class='ocrx_word' id='word_1_348' title='bbox 1304 3707 1447 3773; x_wconf 73' lang='lat' dir='ltr'><strong>erudierit</strong></span> <span class='ocrx_word' id='word_1_349' title='bbox 1469 3707 1535 3772; x_wconf 91' lang='lat' dir='ltr'><strong>sive</strong></span> <span class='ocrx_word' id='word_1_350' title='bbox 1556 3711 1670 3788; x_wconf 86' lang='lat' dir='ltr'><strong>status,</strong></span> <span class='ocrx_word' id='word_1_351' title='bbox 1692 3708 1830 3791; x_wconf 89' lang='lat' dir='ltr'><strong>aliquem</strong></span> <span class='ocrx_word' id='word_1_352' title='bbox 1850 3710 1890 3777; x_wconf 89' lang='lat' dir='ltr'><strong>de</strong></span> 
     </span>
     <span class='ocr_line' id='line_1_34' title="bbox 339 3807 1889 3896; baseline 0.001 -22"><span class='ocrx_word' id='word_1_353' title='bbox 339 3813 442 3874; x_wconf 87' lang='lat' dir='ltr'><strong>cetero</strong></span> <span class='ocrx_word' id='word_1_354' title='bbox 463 3807 497 3874; x_wconf 88' lang='lat' dir='ltr'><strong>in</strong></span> <span class='ocrx_word' id='word_1_355' title='bbox 519 3807 657 3874; x_wconf 89' lang='lat' dir='ltr'><strong>ecclesiis</strong></span> <span class='ocrx_word' id='word_1_356' title='bbox 676 3808 724 3874; x_wconf 93' lang='lat' dir='ltr'><strong>vel</strong></span> <span class='ocrx_word' id='word_1_357' title='bbox 745 3808 945 3874; x_wconf 86' lang='lat' dir='ltr'><strong>monasteriis</strong></span> <span class='ocrx_word' id='word_1_358' title='bbox 967 3813 1024 3874; x_wconf 91' lang='lat' dir='ltr'><strong>ant</strong></span> <span class='ocrx_word' id='word_1_359' title='bbox 1045 3808 1264 3874; x_wconf 80' lang='lat' dir='ltr'><strong>ecclesiasticis</strong></span> <span class='ocrx_word' id='word_1_360' title='bbox 1286 3807 1444 3874; x_wconf 82' lang='lat' dir='ltr'><strong>benefieiis</strong></span> <span class='ocrx_word' id='word_1_361' title='bbox 1471 3808 1638 3891; x_wconf 78' lang='lat' dir='ltr'><strong>legationis</strong></span> <span class='ocrx_word' id='word_1_362' title='bbox 1671 3808 1812 3891; x_wconf 90' lang='lat' dir='ltr'><strong>predicte</strong></span> <span class='ocrx_word' id='word_1_363' title='bbox 1834 3830 1889 3896; x_wconf 83' lang='lat' dir='ltr'><strong>po</strong></span> 
     </span>
     <span class='ocr_line' id='line_1_35' title="bbox 339 3908 1890 3995; baseline 0.003 -21"><span class='ocrx_word' id='word_1_364' title='bbox 339 3927 413 3977; x_wconf 89' lang='lat' dir='ltr'><strong>uere</strong></span> <span class='ocrx_word' id='word_1_365' title='bbox 430 3909 480 3977; x_wconf 88' lang='lat' dir='ltr'><strong>vel</strong></span> <span class='ocrx_word' id='word_1_366' title='bbox 500 3910 662 3976; x_wconf 91' lang='lat' dir='ltr'><strong>intrudere</strong></span> <span class='ocrx_word' id='word_1_367' title='bbox 684 3928 880 3993; x_wconf 86' lang='lat' dir='ltr'><strong>quacumque</strong></span> <span class='ocrx_word' id='word_1_368' title='bbox 908 3910 1071 3976; x_wconf 87' lang='lat' dir='ltr'><strong>occasione</strong></span> <span class='ocrx_word' id='word_1_369' title='bbox 1100 3909 1149 3974; x_wconf 91' lang='lat' dir='ltr'><strong>vel</strong></span> <span class='ocrx_word' id='word_1_370' title='bbox 1175 3909 1375 3988; x_wconf 88' lang='lat' dir='ltr'><strong>auctoritate,</strong></span> <span class='ocrx_word' id='word_1_371' title='bbox 1405 3909 1482 3991; x_wconf 90' lang='lat' dir='ltr'><strong>quin</strong></span> <span class='ocrx_word' id='word_1_372' title='bbox 1511 3908 1617 3992; x_wconf 90' lang='lat' dir='ltr'><strong>potius</strong></span> <span class='ocrx_word' id='word_1_373' title='bbox 1640 3913 1890 3995; x_wconf 88' lang='lat' dir='ltr'><strong>transgressione</strong></span> 
     </span>
     <span class='ocr_line' id='line_1_36' title="bbox 339 4010 1889 4098; baseline 0.002 -20"><span class='ocrx_word' id='word_1_374' title='bbox 339 4029 394 4078; x_wconf 89' lang='lat' dir='ltr'><strong>seu</strong></span> <span class='ocrx_word' id='word_1_375' title='bbox 414 4013 604 4093; x_wconf 82' lang='lat' dir='ltr'><strong>temeritate,</strong></span> <span class='ocrx_word' id='word_1_376' title='bbox 627 4020 804 4095; x_wconf 82' lang='lat' dir='ltr'><strong>presrunat3</strong></span> <span class='ocrx_word' id='word_1_377' title='bbox 824 4011 912 4078; x_wconf 92' lang='lat' dir='ltr'><strong>salvo</strong></span> <span class='ocrx_word' id='word_1_378' title='bbox 933 4016 967 4076; x_wconf 92' lang='lat' dir='ltr'><strong>et</strong></span> <span class='ocrx_word' id='word_1_379' title='bbox 985 4016 1143 4076; x_wconf 88' lang='lat' dir='ltr'><strong>reservato</strong></span> <span class='ocrx_word' id='word_1_380' title='bbox 1166 4012 1235 4076; x_wconf 92' lang='lat' dir='ltr'><strong>iure</strong></span> <span class='ocrx_word' id='word_1_381' title='bbox 1250 4015 1437 4092; x_wconf 84' lang='lat' dir='ltr'><strong>patronatus</strong></span> <span class='ocrx_word' id='word_1_382' title='bbox 1451 4010 1517 4076; x_wconf 91' lang='lat' dir='ltr'><strong>veri</strong></span> <span class='ocrx_word' id='word_1_383' title='bbox 1532 4013 1739 4095; x_wconf 91' lang='lat' dir='ltr'><strong>competentis</strong></span> <span class='ocrx_word' id='word_1_384' title='bbox 1752 4016 1889 4098; x_wconf 90' lang='lat' dir='ltr'><strong>patroni,</strong></span> 
     </span>
     <span class='ocr_line' id='line_1_37' title="bbox 340 4112 1891 4197; baseline 0.002 -18"><span class='ocrx_word' id='word_1_385' title='bbox 340 4118 435 4197; x_wconf 92' lang='lat' dir='ltr'><strong>prout</strong></span> <span class='ocrx_word' id='word_1_386' title='bbox 455 4115 604 4181; x_wconf 87' lang='lat' dir='ltr'><strong>canoniea</strong></span> <span class='ocrx_word' id='word_1_387' title='bbox 625 4114 696 4182; x_wconf 91' lang='lat' dir='ltr'><strong>iura</strong></span> <span class='ocrx_word' id='word_1_388' title='bbox 717 4115 889 4181; x_wconf 77' lang='lat' dir='ltr'><strong>alcalaraut.</strong></span> <span class='ocrx_word' id='word_1_389' title='bbox 933 4113 1136 4179; x_wconf 77' lang='lat' dir='ltr'><strong>Decernimus</strong></span> <span class='ocrx_word' id='word_1_390' title='bbox 1158 4120 1266 4179; x_wconf 88' lang='lat' dir='ltr'><strong>autern</strong></span> <span class='ocrx_word' id='word_1_391' title='bbox 1288 4112 1503 4178; x_wconf 88' lang='lat' dir='ltr'><strong>institutiones</strong></span> <span class='ocrx_word' id='word_1_392' title='bbox 1532 4112 1597 4178; x_wconf 91' lang='lat' dir='ltr'><strong>sive</strong></span> <span class='ocrx_word' id='word_1_393' title='bbox 1628 4114 1820 4182; x_wconf 82' lang='lat' dir='ltr'><strong>intrusiones</strong></span> <span class='ocrx_word' id='word_1_394' title='bbox 1843 4124 1891 4182; x_wconf 91' lang='lat' dir='ltr'><strong>ta·</strong></span> 
     </span>
     <span class='ocr_line' id='line_1_38' title="bbox 341 4214 1890 4299; baseline 0.002 -18"><span class='ocrx_word' id='word_1_395' title='bbox 341 4214 416 4282; x_wconf 88' lang='lat' dir='ltr'><strong>lium</strong></span> <span class='ocrx_word' id='word_1_396' title='bbox 437 4215 541 4282; x_wconf 90' lang='lat' dir='ltr'><strong>nullas</strong></span> <span class='ocrx_word' id='word_1_397' title='bbox 560 4236 638 4297; x_wconf 86' lang='lat' dir='ltr'><strong>esse,</strong></span> <span class='ocrx_word' id='word_1_398' title='bbox 661 4217 845 4299; x_wconf 89' lang='lat' dir='ltr'><strong>nullumque</strong></span> <span class='ocrx_word' id='word_1_399' title='bbox 866 4216 915 4281; x_wconf 89' lang='lat' dir='ltr'><strong>ius</strong></span> <span class='ocrx_word' id='word_1_400' title='bbox 937 4220 1114 4296; x_wconf 87' lang='lat' dir='ltr'><strong>competere</strong></span> <span class='ocrx_word' id='word_1_401' title='bbox 1136 4215 1181 4280; x_wconf 85' lang='lat' dir='ltr'><strong>sic</strong></span> <span class='ocrx_word' id='word_1_402' title='bbox 1204 4215 1350 4294; x_wconf 81' lang='lat' dir='ltr'><strong>intrusis3</strong></span> <span class='ocrx_word' id='word_1_403' title='bbox 1374 4220 1408 4278; x_wconf 92' lang='lat' dir='ltr'><strong>et</strong></span> <span class='ocrx_word' id='word_1_404' title='bbox 1428 4214 1489 4279; x_wconf 89' lang='lat' dir='ltr'><strong>uisi</strong></span> <span class='ocrx_word' id='word_1_405' title='bbox 1512 4214 1627 4280; x_wconf 89' lang='lat' dir='ltr'><strong>intrusi</strong></span> <span class='ocrx_word' id='word_1_406' title='bbox 1641 4216 1819 4284; x_wconf 90' lang='lat' dir='ltr'><strong>huiusmodi</strong></span> <span class='ocrx_word' id='word_1_407' title='bbox 1843 4220 1890 4284; x_wconf 92' lang='lat' dir='ltr'><strong>in-</strong></span> 
     </span>
     <span class='ocr_line' id='line_1_39' title="bbox 341 4314 1890 4404; baseline 0.002 -22"><span class='ocrx_word' id='word_1_408' title='bbox 341 4315 388 4382; x_wconf 87' lang='lat' dir='ltr'><strong>ira</strong></span> <span class='ocrx_word' id='word_1_409' title='bbox 408 4335 464 4383; x_wconf 83' lang='lat' dir='ltr'><strong>sex</strong></span> <span class='ocrx_word' id='word_1_410' title='bbox 484 4336 607 4384; x_wconf 78' lang='lat' dir='ltr'><strong>menses</strong></span> <span class='ocrx_word' id='word_1_411' title='bbox 628 4319 785 4398; x_wconf 81' lang='lat' dir='ltr'><strong>ecelesias,</strong></span> <span class='ocrx_word' id='word_1_412' title='bbox 808 4316 1008 4396; x_wconf 79' lang='lat' dir='ltr'><strong>monasteria,</strong></span> <span class='ocrx_word' id='word_1_413' title='bbox 1028 4316 1094 4380; x_wconf 89' lang='lat' dir='ltr'><strong>sive</strong></span> <span class='ocrx_word' id='word_1_414' title='bbox 1117 4316 1275 4396; x_wconf 87' lang='lat' dir='ltr'><strong>beneficia,</strong></span> <span class='ocrx_word' id='word_1_415' title='bbox 1298 4335 1359 4399; x_wconf 92' lang='lat' dir='ltr'><strong>que</strong></span> <span class='ocrx_word' id='word_1_416' title='bbox 1385 4314 1425 4380; x_wconf 92' lang='lat' dir='ltr'><strong>de</strong></span> <span class='ocrx_word' id='word_1_417' title='bbox 1455 4314 1538 4382; x_wconf 89' lang='lat' dir='ltr'><strong>lacto</strong></span> <span class='ocrx_word' id='word_1_418' title='bbox 1565 4317 1657 4382; x_wconf 91' lang='lat' dir='ltr'><strong>modo</strong></span> <span class='ocrx_word' id='word_1_419' title='bbox 1687 4325 1762 4384; x_wconf 90' lang='lat' dir='ltr'><strong>sunt</strong></span> <span class='ocrx_word' id='word_1_420' title='bbox 1783 4320 1890 4404; x_wconf 89' lang='lat' dir='ltr'><strong>adepti</strong></span> 
     </span>
     <span class='ocr_line' id='line_1_40' title="bbox 342 4418 1892 4505; baseline 0.003 -21"><span class='ocrx_word' id='word_1_421' title='bbox 342 4419 490 4500; x_wconf 86' lang='lat' dir='ltr'><strong>predicto,</strong></span> <span class='ocrx_word' id='word_1_422' title='bbox 514 4420 639 4486; x_wconf 89' lang='lat' dir='ltr'><strong>omnino</strong></span> <span class='ocrx_word' id='word_1_423' title='bbox 661 4426 694 4486; x_wconf 90' lang='lat' dir='ltr'><strong>et</strong></span> <span class='ocrx_word' id='word_1_424' title='bbox 716 4421 783 4485; x_wconf 91' lang='lat' dir='ltr'><strong>sine</strong></span> <span class='ocrx_word' id='word_1_425' title='bbox 804 4420 991 4486; x_wconf 81' lang='lat' dir='ltr'><strong>difficultate</strong></span> <span class='ocrx_word' id='word_1_426' title='bbox 1012 4418 1199 4498; x_wconf 88' lang='lat' dir='ltr'><strong>dimiserint,</strong></span> <span class='ocrx_word' id='word_1_427' title='bbox 1226 4427 1259 4484; x_wconf 89' lang='lat' dir='ltr'><strong>et</strong></span> <span class='ocrx_word' id='word_1_428' title='bbox 1286 4419 1474 4501; x_wconf 86' lang='lat' dir='ltr'><strong>quicumque</strong></span> <span class='ocrx_word' id='word_1_429' title='bbox 1499 4418 1555 4483; x_wconf 88' lang='lat' dir='ltr'><strong>alii</strong></span> <span class='ocrx_word' id='word_1_430' title='bbox 1582 4418 1621 4484; x_wconf 91' lang='lat' dir='ltr'><strong>de</strong></span> <span class='ocrx_word' id='word_1_431' title='bbox 1647 4425 1754 4487; x_wconf 89' lang='lat' dir='ltr'><strong>cetera</strong></span> <span class='ocrx_word' id='word_1_432' title='bbox 1783 4422 1892 4505; x_wconf 92' lang='lat' dir='ltr'><strong>aliqua</strong></span> 
     </span>
     <span class='ocr_line' id='line_1_41' title="bbox 342 4518 1889 4605; baseline 0.003 -19"><span class='ocrx_word' id='word_1_433' title='bbox 342 4518 490 4588; x_wconf 84' lang='lat' dir='ltr'><strong>beneficia</strong></span> <span class='ocrx_word' id='word_1_434' title='bbox 509 4523 721 4588; x_wconf 78' lang='lat' dir='ltr'><strong>ecclesiastica</strong></span> <span class='ocrx_word' id='word_1_435' title='bbox 743 4542 800 4605; x_wconf 86' lang='lat' dir='ltr'><strong>per</strong></span> <span class='ocrx_word' id='word_1_436' title='bbox 822 4540 933 4587; x_wconf 90' lang='lat' dir='ltr'><strong>nranus</strong></span> <span class='ocrx_word' id='word_1_437' title='bbox 956 4520 1130 4602; x_wconf 79' lang='lat' dir='ltr'><strong>reeqnuint</strong></span> <span class='ocrx_word' id='word_1_438' title='bbox 1143 4520 1304 4599; x_wconf 86' lang='lat' dir='ltr'><strong>laieorum,</strong></span> <span class='ocrx_word' id='word_1_439' title='bbox 1327 4526 1360 4585; x_wconf 92' lang='lat' dir='ltr'><strong>et</strong></span> <span class='ocrx_word' id='word_1_440' title='bbox 1374 4519 1591 4600; x_wconf 81' lang='lat' dir='ltr'><strong>electionibus,</strong></span> <span class='ocrx_word' id='word_1_441' title='bbox 1614 4524 1889 4604; x_wconf 89' lang='lat' dir='ltr'><strong>postulationibus,</strong></span> 
     </span>
     <span class='ocr_line' id='line_1_42' title="bbox 342 4611 1891 4708; baseline 0.002 -20"><span class='ocrx_word' id='word_1_442' title='bbox 342 4623 570 4705; x_wconf 83' lang='lat' dir='ltr'><strong>provisionibus</strong></span> <span class='ocrx_word' id='word_1_443' title='bbox 592 4644 648 4689; x_wconf 82' lang='lat' dir='ltr'><strong>seu</strong></span> <span class='ocrx_word' id='word_1_444' title='bbox 671 4624 932 4702; x_wconf 81' lang='lat' dir='ltr'><strong>institutionibus,</strong></span> <span class='ocrx_word' id='word_1_445' title='bbox 956 4623 996 4688; x_wconf 90' lang='lat' dir='ltr'><strong>ad</strong></span> <span class='ocrx_word' id='word_1_446' title='bbox 1019 4622 1129 4702; x_wconf 79' lang='lat' dir='ltr'><strong>urinas,</strong></span> <span class='ocrx_word' id='word_1_447' title='bbox 1146 4623 1413 4701; x_wconf 73' lang='lat' dir='ltr'><strong>ronnnirratioms,</strong></span> <span class='ocrx_word' id='word_1_448' title='bbox 1437 4628 1573 4687; x_wconf 78' lang='lat' dir='ltr'><strong>terrorum</strong></span> <span class='ocrx_word' id='word_1_449' title='bbox 1588 4623 1653 4688; x_wconf 92' lang='lat' dir='ltr'><strong>sive</strong></span> <span class='ocrx_word' id='word_1_450' title='bbox 1671 4611 1891 4708; x_wconf 71' lang='lat' dir='ltr'><strong>impressiones</strong></span> 
     </span>
     <span class='ocr_line' id='line_1_43' title="bbox 342 4723 1891 4809; baseline 0.002 -19"><span class='ocrx_word' id='word_1_451' title='bbox 342 4723 490 4793; x_wconf 88' lang='lat' dir='ltr'><strong>laicarum</strong></span> <span class='ocrx_word' id='word_1_452' title='bbox 511 4745 779 4809; x_wconf 90' lang='lat' dir='ltr'><strong>quorumcumque</strong></span> <span class='ocrx_word' id='word_1_453' title='bbox 801 4727 935 4792; x_wconf 86' lang='lat' dir='ltr'><strong>aliorum</strong></span> <span class='ocrx_word' id='word_1_454' title='bbox 958 4725 1206 4807; x_wconf 76' lang='lat' dir='ltr'><strong>prrnmnpserint</strong></span> <span class='ocrx_word' id='word_1_455' title='bbox 1228 4725 1415 4804; x_wconf 84' lang='lat' dir='ltr'><strong>corrserrtiru,</strong></span> <span class='ocrx_word' id='word_1_456' title='bbox 1438 4743 1477 4789; x_wconf 86' lang='lat' dir='ltr'><strong>cx</strong></span> <span class='ocrx_word' id='word_1_457' title='bbox 1498 4731 1572 4791; x_wconf 89' lang='lat' dir='ltr'><strong>tunc</strong></span> <span class='ocrx_word' id='word_1_458' title='bbox 1589 4746 1623 4790; x_wconf 87' lang='lat' dir='ltr'><strong>se</strong></span> <span class='ocrx_word' id='word_1_459' title='bbox 1645 4727 1747 4792; x_wconf 86' lang='lat' dir='ltr'><strong>sciant</strong></span> <span class='ocrx_word' id='word_1_460' title='bbox 1768 4748 1891 4794; x_wconf 86' lang='lat' dir='ltr'><strong>excom·</strong></span> 
     </span>
     <span class='ocr_line' id='line_1_44' title="bbox 344 4827 1890 4912; baseline 0.001 -19"><span class='ocrx_word' id='word_1_461' title='bbox 344 4829 560 4894; x_wconf 80' lang='lat' dir='ltr'><strong>murriurtionis</strong></span> <span class='ocrx_word' id='word_1_462' title='bbox 581 4831 737 4894; x_wconf 84' lang='lat' dir='ltr'><strong>sententie</strong></span> <span class='ocrx_word' id='word_1_463' title='bbox 759 4830 930 4907; x_wconf 80' lang='lat' dir='ltr'><strong>srrlviarerr,</strong></span> <span class='ocrx_word' id='word_1_464' title='bbox 954 4829 1100 4909; x_wconf 79' lang='lat' dir='ltr'><strong>ipsosque</strong></span> <span class='ocrx_word' id='word_1_465' title='bbox 1124 4847 1179 4908; x_wconf 85' lang='lat' dir='ltr'><strong>prr</strong></span> <span class='ocrx_word' id='word_1_466' title='bbox 1206 4827 1404 4893; x_wconf 73' lang='lat' dir='ltr'><strong>rlirrcrmnnnn</strong></span> <span class='ocrx_word' id='word_1_467' title='bbox 1435 4833 1468 4890; x_wconf 90' lang='lat' dir='ltr'><strong>et</strong></span> <span class='ocrx_word' id='word_1_468' title='bbox 1496 4827 1586 4907; x_wconf 84' lang='lat' dir='ltr'><strong>alios,</strong></span> <span class='ocrx_word' id='word_1_469' title='bbox 1611 4827 1724 4911; x_wconf 89' lang='lat' dir='ltr'><strong>quibus</strong></span> <span class='ocrx_word' id='word_1_470' title='bbox 1750 4830 1890 4912; x_wconf 83' lang='lat' dir='ltr'><strong>ecclesie,</strong></span> 
     </span>
     <span class='ocr_line' id='line_1_45' title="bbox 344 4928 1892 5010; baseline 0.002 -16"><span class='ocrx_word' id='word_1_471' title='bbox 344 4931 531 4996; x_wconf 78' lang='lat' dir='ltr'><strong>nurerum-ia</strong></span> <span class='ocrx_word' id='word_1_472' title='bbox 552 4937 586 4995; x_wconf 89' lang='lat' dir='ltr'><strong>et</strong></span> <span class='ocrx_word' id='word_1_473' title='bbox 607 4930 756 4995; x_wconf 87' lang='lat' dir='ltr'><strong>berrclicin</strong></span> <span class='ocrx_word' id='word_1_474' title='bbox 778 4938 853 4995; x_wconf 82' lang='lat' dir='ltr'><strong>sunt</strong></span> <span class='ocrx_word' id='word_1_475' title='bbox 872 4931 1015 4994; x_wconf 85' lang='lat' dir='ltr'><strong>subiecta</strong></span> <span class='ocrx_word' id='word_1_476' title='bbox 1036 4928 1186 5009; x_wconf 80' lang='lat' dir='ltr'><strong>muliera,</strong></span> <span class='ocrx_word' id='word_1_477' title='bbox 1218 4930 1339 4993; x_wconf 83' lang='lat' dir='ltr'><strong>metius</strong></span> <span class='ocrx_word' id='word_1_478' title='bbox 1363 4928 1593 5010; x_wconf 84' lang='lat' dir='ltr'><strong>compellendos</strong></span> <span class='ocrx_word' id='word_1_479' title='bbox 1616 4951 1655 4995; x_wconf 85' lang='lat' dir='ltr'><strong>err</strong></span> <span class='ocrx_word' id='word_1_480' title='bbox 1679 4930 1840 4996; x_wconf 85' lang='lat' dir='ltr'><strong>dimittere</strong></span> <span class='ocrx_word' id='word_1_481' title='bbox 1859 4940 1892 4997; x_wconf 92' lang='lat' dir='ltr'><strong>rt</strong></span> 
     </span>
     <span class='ocr_line' id='line_1_46' title="bbox 345 5021 1891 5116; baseline 0.005 -22"><span class='ocrx_word' id='word_1_482' title='bbox 345 5031 520 5098; x_wconf 78' lang='lat' dir='ltr'><strong>autislirrruu</strong></span> <span class='ocrx_word' id='word_1_483' title='bbox 541 5021 581 5097; x_wconf 80' lang='lat' dir='ltr'><strong>de</strong></span> <span class='ocrx_word' id='word_1_484' title='bbox 603 5032 756 5098; x_wconf 78' lang='lat' dir='ltr'><strong>tractibus</strong></span> <span class='ocrx_word' id='word_1_485' title='bbox 778 5041 811 5098; x_wconf 90' lang='lat' dir='ltr'><strong>et</strong></span> <span class='ocrx_word' id='word_1_486' title='bbox 834 5031 1036 5116; x_wconf 78' lang='lat' dir='ltr'><strong>proremibus</strong></span> <span class='ocrx_word' id='word_1_487' title='bbox 1052 5031 1163 5094; x_wconf 81' lang='lat' dir='ltr'><strong>exinde</strong></span> <span class='ocrx_word' id='word_1_488' title='bbox 1178 5031 1343 5113; x_wconf 78' lang='lat' dir='ltr'><strong>qmrrrptis,</strong></span> <span class='ocrx_word' id='word_1_489' title='bbox 1360 5031 1502 5097; x_wconf 84' lang='lat' dir='ltr'><strong>invoarto</strong></span> <span class='ocrx_word' id='word_1_490' title='bbox 1517 5031 1558 5096; x_wconf 88' lang='lat' dir='ltr'><strong>ud</strong></span> <span class='ocrx_word' id='word_1_491' title='bbox 1574 5032 1686 5097; x_wconf 89' lang='lat' dir='ltr'><strong>talium</strong></span> <span class='ocrx_word' id='word_1_492' title='bbox 1701 5035 1891 5114; x_wconf 89' lang='lat' dir='ltr'><strong>proterviam</strong></span> 
     </span>
     <span class='ocr_line' id='line_1_47' title="bbox 346 5132 1314 5217; baseline 0.001 -19"><span class='ocrx_word' id='word_1_493' title='bbox 346 5133 573 5215; x_wconf 82' lang='lat' dir='ltr'><strong>earrterendam,</strong></span> <span class='ocrx_word' id='word_1_494' title='bbox 596 5134 623 5199; x_wconf 85' lang='lat' dir='ltr'><strong>si</strong></span> <span class='ocrx_word' id='word_1_495' title='bbox 646 5154 725 5217; x_wconf 86' lang='lat' dir='ltr'><strong>opus</strong></span> <span class='ocrx_word' id='word_1_496' title='bbox 747 5132 992 5215; x_wconf 83' lang='lat' dir='ltr'><strong>l’uer·it,aunilie</strong></span> <span class='ocrx_word' id='word_1_497' title='bbox 1015 5133 1133 5200; x_wconf 86' lang='lat' dir='ltr'><strong>bruchii</strong></span> <span class='ocrx_word' id='word_1_498' title='bbox 1156 5134 1314 5200; x_wconf 80' lang='lat' dir='ltr'><strong>secularis.</strong></span> 
     </span>
    </p>
   </div>
   <div class='ocr_carea' id='block_1_10' title="bbox 0 0 2249 6180">
    <p class='ocr_par' dir='ltr' id='par_1_11' title="bbox 0 0 2249 6180">
     <span class='ocr_line' id='line_1_48' title="bbox 0 0 2249 6180; baseline 0 0"><span class='ocrx_word' id='word_1_499' title='bbox 0 0 2249 6180; x_wconf 95' lang='lat' dir='ltr'><strong> </strong></span> 
     </span>
    </p>
   </div>
  </div>
 </body>
</html>
