4860 6180
434 391 509 468 aaa
571 330 577 340 ’

430 594 611 664 ateroieasis
632 593 746 663 ibidem
766 596 799 663 iu
820 595 879 663 Dei
900 590 1032 662 servicio
1052 590 1114 675 piis
1136 589 1282 674 oporibus
1296 589 1523 674 laborantibus,
1543 609 1616 658 euin
1631 589 1777 658 omuibus
1790 591 1980 680 attinenciis,
2013 685 2016 692 ¹

432 697 526 783 agris,
552 697 663 781 pratis,
691 699 791 783 aquis,
818 695 1009 777 nemoribus,
1038 693 1135 774 silvis,
1167 693 1303 776 muricis,
1336 699 1370 761 et
1392 694 1514 761 eunctis
1540 692 1736 761 utilitatibus
1756 710 1819 778 que
1837 699 1913 762 sunt
1933 699 1981 768 vel

435 798 504 867 lieri
525 804 660 884 possum
681 799 713 867 in
734 807 878 885 protacta
899 797 1074 866 hereditate
1095 813 1179 862 nune
1200 801 1234 862 et
1255 796 1287 861 iu
1309 794 1426 878 laturo,
1447 797 1517 863 iure
1538 795 1730 864 berouliuuio
1752 794 1982 882 imperpetuum

316 978 318 982 Α
433 900 603 988 possidere.
647 900 684 970 Iu
707 904 795 971 cuius
817 909 968 990 perpetue
988 899 1035 967 rei
1055 897 1247 981 memorium,
1270 903 1448 983 presentem
1469 897 1610 967 litteram
1632 898 1728 983 sigilli
1748 898 1811 967 mei
1829 902 1864 966 et
1877 897 1982 974 framis

435 1003 497 1076 urei
517 1005 647 1074 Falaris
665 1005 854 1093 supradietis
875 1003 1028 1074 iratribus
1047 1001 1220 1070 munimine
1240 1001 1393 1070 roborant

440 1215 442 1220 ’
538 1210 708 1299 Gomtnoe,
734 1215 900 1303 ὅλοωὶᾳὶα
942 1205 1133 1294 sannam,
1154 1208 1382 1293 mammea.
1426 1205 1634 1293 Laokneusis,
1661 1210 1699 1276 de
1718 1209 1830 1275 lelna

1104 1506 1180 1595 Νι.
1211 1498 1313 1594 277.

435 1705 640 1793 Baleslana
667 1707 745 1790 iux
770 1705 919 1792 Polouia
946 1709 1078 1788 1249
1102 1704 1191 1809 tpr.
1218 1707 1306 1802 20,
1330 1702 1374 1787 iu
1390 1701 1522 1813 Kalis;
1556 1719 1750 1788 nonnata
1782 1720 1921 1791 aaron
1953 1728 1987 1793 et

436 1819 632 1896 mnenon
652 1824 802 1896 manubia
820 1827 860 1896 ue
881 1825 1007 1894 Olobois
1026 1824 1177 1907 restituit
1199 1822 1431 1909 possessionem
1449 1827 1649 1893 oaetararum
1666 1821 1900 1908 possessionum
1914 1842 1986 1893 oau-

436 1928 554 2015 firmat,
574 1948 747 2015 earumque
767 1929 886 2000 incolas
905 1927 1051 2015 plurimis
1071 1926 1271 1996 libertatibus
1292 1926 1405 1995 munit
1552 1958 1553 1962 ¹

541 2031 707 2116 Potamia
727 2053 771 2100 aa
790 2031 907 2116 klismo
926 2033 1003 2120 rplrp
1024 2032 1122 2098 1111
1138 2033 1235 2097 micina
1255 2032 1280 2095 4
1300 2032 1482 2096 dammula
1501 2030 1661 2112 odpbmo.
1705 2032 1769 2099 Bet
1786 2029 1876 2096 iudet
1891 2050 1987 2116 pray-

437 2139 596 2204 nlmealo
608 2140 753 2224 pleczpet

542 2237 681 2324 haam,
705 2241 823 2322 Romal
846 2240 952 2305 &aaa
971 2240 1063 2307 Arci„
1091 2239 1205 2307 moon
1224 2240 1257 2307 1.

541 2443 581 2514 Ia
601 2443 727 2516 mutue
747 2442 873 2515 Domui
894 2462 995 2514 amen.
1039 2443 1195 2526 Quoniam
1211 2442 1376 2530 genualia
1400 2443 1537 2529 preterit
1556 2449 1592 2513 et
1611 2445 1774 2528 maereba
1796 2443 1936 2530 maurit,
1956 2453 1990 2516 et

437 2547 624 2637 plerumom
644 2546 683 2617 iit
702 2549 778 2634 quia
795 2547 880 2633 quod
900 2546 1019 2634 scripto
1047 2564 1110 2616 aaa
1135 2546 1306 2615 roboratur
1329 2546 1393 2615 aito
1414 2547 1607 2615 anemoria
1626 2544 1755 2632 labitur,
1783 2546 1855 2617 ideo
1879 2554 1990 2618 natum

437 2648 571 2722 hmanas
593 2654 659 2720 tam
680 2649 878 2737 presentibus
898 2668 994 2736 quam
1021 2649 1137 2719 mutuis
1162 2648 1308 2719 omuibus
1337 2647 1380 2717 ad
1405 2653 1551 2717 ausuum
1572 2648 1723 2718 ducatum
1749 2650 1990 2737 petinentibus,

437 2750 524 2841 quoti
544 2769 603 2821 uos
618 2749 680 2820 Dei
700 2750 806 2837 gratia
825 2750 995 2821 Boleslans
1014 2750 1080 2819 dax
1098 2750 1228 2821 Palania
1247 2751 1400 2820 uomitus
1420 2750 1603 2836 inspirams,
1625 2752 1755 2822 cenobio
1768 2752 1991 2824 santumniu-

439 2853 518 2925 lium
540 2853 760 2925 ciamreiensis
781 2852 909 2923 Ordinis
929 2854 964 2921 ia
984 2853 1113 2938 Oioboc,
1135 2858 1205 2923 tum
1225 2872 1285 2941 pro
1303 2852 1442 2923 remedio
1466 2852 1572 2924 anima
1600 2855 1703 2940 patria
1728 2856 1830 2926 nostrl
1850 2856 1908 2943 qui
1927 2855 1991 2943 pri·

438 2957 536 3028 mitm
557 2957 697 3026 eiusdem
714 2955 777 3025 looi
797 2955 946 3024 nudatur
964 2956 1126 3040 extiterat,
1150 2956 1336 3025 tumetium
1358 2972 1417 3042 pro
1438 2956 1587 3025 remedia
1612 2952 1731 3027 nonnis
1757 2959 1938 3029 eaeeasibus
1958 2966 1992 3028 et

439 3078 499 3150 pro
518 3058 721 3146 auipuoeum
741 3063 852 3128 eterna
869 3059 999 3145 premia,
1019 3059 1214 3130 hereditates
1234 3078 1298 3146 que
1319 3059 1366 3128 eis
1385 3076 1444 3145 per
1456 3059 1639 3130 violmuam
1652 3062 1758 3131 ablate
1770 3060 1908 3147 inerant,
1930 3062 1993 3133 cu·

438 3180 517 3233 ravo
535 3160 682 3231 mdelioet
702 3166 737 3231 at
757 3159 920 3231 Giucbova
940 3165 974 3229 et
994 3167 1118 3246 partem
1138 3181 1221 3248 aque
1240 3180 1313 3233 eom
1333 3161 1489 3245 mstonb,
1510 3161 1614 3232 iorum
1634 3182 1760 3251 quoqne
1773 3168 1808 3234 in
1821 3164 1941 3235 Oloboo
1954 3184 1992 3235 eo

379 3326 381 3330 .
443 3265 514 3336 lure
533 3283 598 3353 quo
619 3267 752 3350 anatra
773 3269 883 3334 nostro
903 3264 1079 3349 antiquitus
1100 3265 1311 3334 oonuonatnm
1330 3263 1403 3348 init,
1424 3261 1557 3350 henim
1577 3284 1760 3336 minuamus
1781 3272 1816 3337 et
1828 3267 1992 3338 matirnra·

437 3369 541 3440 umus
561 3367 632 3437 lura
652 3367 843 3441 hereditario
863 3373 898 3437 et
917 3374 1069 3455 perpetuo
1089 3367 1287 3454 possidenda
1315 3368 1450 3456 Insuper
1462 3367 1585 3455 largam
1598 3369 1779 3440 liberatem
1793 3371 1877 3439 siliis
1891 3371 1992 3439 omui·

438 3471 499 3543 bm
515 3469 656 3544 amiam
673 3468 806 3540 clamat
826 3469 1026 3552 aautuiimus,
1048 3475 1212 3556 sperantes
1230 3489 1288 3558 per
1305 3473 1465 3542 ammones
1485 3472 1643 3542 iustorum
1663 3478 1699 3540 et
1715 3471 1864 3559 largitate
1876 3472 1992 3544 memo

438 3574 580 3647 mcum
600 3573 718 3644 salvari
738 3574 864 3644 dicente
883 3573 1042 3658 apostolo:
1064 3571 1126 3655 our
1146 3592 1241 3659 parce
1261 3575 1399 3644 seminat
1419 3594 1514 3662 parea
1533 3582 1569 3645 et
1588 3581 1699 3659 metet,
1725 3581 1760 3645 et
1780 3578 1836 3662 qui
1857 3576 1994 3646 seminat

439 3677 474 3748 iu
492 3674 776 3765 mationibus,
795 3677 836 3745 de
855 3674 1124 3745 benediafioaibus
1145 3682 1180 3745 et
1199 3682 1309 3747 metet
1353 3678 1491 3746 Nomina
1511 3696 1588 3748 vero
1606 3679 1754 3747 villarum
1774 3684 1852 3748 saut
1871 3678 1931 3748 bec
1952 3678 1993 3748 ad

439 3778 618 3868 mediatum
639 3777 812 3847 claustrum
832 3777 1072 3863 peturanum:
1101 3778 1229 3863 Oloboe,
1258 3777 1394 3864 carano,
1423 3779 1597 3864 Gluoboua
1622 3779 1796 3864 Milessina
1823 3779 1992 3864 chaaiuo,

440 3899 575 3974 quarum
595 3879 737 3950 homines
758 3884 912 3967 perpetuo
932 3877 1125 3947 absolvimus
1145 3878 1186 3949 ab
1208 3881 1401 3966 apellatione
1413 3876 1521 3966 matri,
1544 3901 1565 3950 a
1584 3888 1702 3967 suasu,
1722 3902 1743 3953 a
1764 3882 1993 3966 mutuatorie,

445 4004 466 4055 a
486 3982 673 4071 maurone,
695 4001 717 4050 a
736 3999 882 4064 ammae,
903 3979 945 4049 ab
967 3983 1166 4073 expeditione
1185 3983 1262 4052 beili
1282 3990 1317 4053 et
1335 3983 1378 4054 ab
1399 3985 1545 4053 omuibus
1563 3985 1773 4055 solutionibus
1792 3992 1828 4056 et
1839 3986 1994 4073 gravami-

361 4115 365 4121 ·
440 4084 534 4155 nibus
555 4090 664 4172 preter
684 4083 782 4154 uestri
804 4082 985 4151 munitione
1015 4082 1060 4151 Et
1080 4103 1121 4152 na
1142 4086 1308 4170 quisquam
1330 4087 1531 4157 damtione·
1551 4094 1695 4158 aostram
1715 4088 1834 4159 violare
1854 4094 1914 4158 aut
1926 4107 1994 4157 mu·

442 4191 513 4257 tara
530 4185 636 4256 nalem
649 4186 701 4255 vel
715 4187 886 4273 presumat
902 4184 1064 4270 privilegio
1085 4192 1119 4255 et
1138 4188 1235 4273 sigilli
1251 4191 1354 4258 nostri
1371 4191 1543 4259 munimiae
1558 4190 1789 4260 ooufirmamus.
1818 4192 1902 4261 Aeta
1920 4195 1995 4259 saut

443 4294 552 4359 autem
571 4288 632 4358 bea
651 4289 686 4357 iu
707 4289 800 4360 liniis
819 4287 881 4356 llll
900 4287 1059 4355 Kalendas
1074 4289 1159 4374 lisy,
1180 4289 1222 4358 ab
1235 4290 1457 4361 iuoamatione
1477 4292 1604 4361 Domini
1626 4312 1710 4363 anuo
1729 4293 1878 4363 Mccxn
1900 4312 1993 4375 nouo,

441 4410 514 4464 oum
535 4410 688 4463 uomensa
714 4396 749 4460 et
773 4390 936 4460 voluntate
967 4391 1051 4461 bona
1079 4393 1220 4462 omnium
1245 4394 1398 4463 mruaum
1423 4401 1619 4478 nostrorum,
1642 4414 1749 4466 eoram
1772 4396 1823 4465 his
1843 4396 1993 4465 testibus:

440 4492 603 4578 mano,
634 4495 820 4578 Veuoealao,
852 4494 934 4580 Elya
965 4493 1150 4579 capellania
1187 4496 1332 4582 'l'royauo
1365 4496 1502 4581 tribuno,
1540 4497 1716 4584 Bmyamiu
1751 4498 1994 4580 suboaueran‘o,

444 4595 613 4668 Obrestlao
633 4596 853 4682 subpineema,
874 4595 1046 4665 Laurentio
1068 4597 1133 4664 tilio
1156 4597 1302 4682 Omana,
1323 4598 1491 4683 (leuraldo,
1512 4600 1650 4685 Auum,
1679 4601 1832 4686 vallabo,
1854 4601 1995 4670 Martiuo

441 4703 655 4788 panaretum,
676 4698 860 4785 Dirsioraio,
881 4699 1070 4785 Dobeguem
1091 4705 1125 4769 et
1145 4700 1217 4769 aliis
1238 4701 1507 4788 quampluribus

544 4903 673 4989 oiaboc,
699 4907 822 4989 motu,
845 4903 979 4988 caroso,
1000 4908 1139 4975 Kauono.
1181 4904 1355 4994 alamon,
1383 4911 1571 4976 &maioma
1615 4906 1789 4996 blilmsino,
1821 4911 1993 4992 radam.

442 5006 611 5097 Othtdlln,
639 5010 799 5100 chpdzitt
1612 5015 1616 5024 '
