4860 6180
1898 353 1973 431 535

431 565 551 644 nossa
583 561 772 630 domnorum
804 565 838 628 st
869 558 945 626 cleri
977 558 1189 644 predictomm
1219 558 1344 626 uomina
1368 577 1426 643 per
1453 562 1597 628 nostrum
1622 556 1789 645 specialem
1815 558 1974 640 nuncium,

432 669 541 734 nostru
561 665 746 734 inomaus
767 663 916 750 periculo,
938 661 999 729 sibi
1021 662 1289 743 transmittendas,
1312 680 1350 730 ac
1370 680 1492 745 cornere
1512 682 1579 746 sus
1599 664 1775 748 ubicunque
1793 662 1899 752 fucrit,
1918 682 1975 737 aaa

432 767 657 836 mcroetoribus
682 768 749 835 suis
775 764 972 850 integraliter
999 765 1217 850 assignandas:
1250 765 1390 848 sboqum
1416 783 1474 832 nos
1499 786 1538 834 ex
1566 786 1650 836 nunc
1671 775 1766 853 prout
1786 789 1824 838 ex
1846 777 1922 840 tune
1941 773 1975 840 iu

432 869 559 954 seriptis
578 871 645 937 suis
666 870 707 939 ab
728 871 870 954 ingressu
891 867 1020 935 ecclesie
1045 867 1265 952 suspendebat,
1287 873 1322 934 ct
1347 869 1375 934 si
1401 867 1507 936 forsan
1533 868 1711 939 huiusmodi
1740 875 1975 957 suspensionem

432 991 490 1058 per
509 972 616 1040 dacem
637 973 704 1040 dics
724 972 830 1039 animo
851 971 1076 1038 sustineremus
1097 970 1254 1052 indurato,
1276 989 1316 1036 ex
1336 976 1412 1038 tunc
1427 972 1459 1038 in
1474 973 1600 1056 scriptis
1614 975 1680 1041 suis
1696 994 1717 1040 s
1731 974 1903 1059 pontificali
1917 998 1975 1046 nos

432 1074 536 1146 silicio
556 1073 776 1159 suspendebat,
805 1073 889 1139 etsi
918 1090 975 1157 per
998 1072 1077 1139 alios
1105 1071 1211 1139 decem
1238 1071 1305 1138 dies
1330 1072 1513 1142 duceremus
1541 1077 1774 1160 suspensionem
1797 1078 1976 1149 huiusmodi

431 1175 648 1259 talamum,
668 1193 727 1242 nos
748 1194 787 1242 cx
807 1192 891 1241 nunc
911 1179 1008 1258 prout
1028 1193 1066 1240 ex
1088 1179 1165 1242 tune
1185 1175 1219 1241 in
1233 1174 1349 1242 eisdem
1365 1176 1491 1260 scriptis
1505 1178 1837 1247 excommunicacionis
1851 1181 1976 1250 noculo

431 1277 611 1349 mabar,
656 1277 760 1358 Certe,
783 1277 810 1344 si
831 1276 976 1344 dominus
998 1283 1106 1345 amtor
1126 1280 1295 1347 cardinalis
1317 1279 1476 1363 predictus
1497 1282 1594 1348 sciret
1614 1282 1846 1350 subversionem
1867 1289 1902 1350 et
1921 1285 1975 1354 de·

432 1382 622 1454 solucionem
642 1379 845 1450 coclearum
863 1385 1053 1462 nostrarum,
1075 1382 1151 1464 quis
1171 1381 1365 1449 (lucanensis
1386 1381 1525 1464 eeclesia,
1548 1403 1605 1468 per
1624 1383 1704 1451 alios
1724 1385 1976 1471 archiepiscopos

431 1490 645 1554 antecessores
666 1484 762 1551 variis
784 1489 818 1550 et
844 1483 967 1566 magma
994 1482 1108 1551 debitis
1135 1485 1220 1566 apud
1245 1490 1435 1551 morosiores
1460 1485 1601 1552 Romane
1628 1487 1714 1554 curie
1739 1486 1888 1573 obligata,
1918 1509 1976 1558 suo

431 1607 515 1681 nunc
536 1586 770 1672 archiepiscopo
791 1586 824 1652 in
845 1585 991 1670 expensis
1013 1587 1196 1654 omassum
1214 1605 1277 1654 non
1298 1592 1403 1671 potest
1417 1589 1578 1656 commode
1591 1590 1770 1672 subvenire3
1790 1590 1977 1660 cmcovicn·

431 1692 486 1775 sis,
506 1710 564 1777 per
583 1689 738 1758 maximas
758 1707 888 1774 guerras
909 1687 1087 1772 intestinas,
1108 1695 1358 1773 superstante
1378 1689 1513 1773 babitus,
1536 1697 1570 1759 et
1590 1711 1648 1776 per
1666 1693 1810 1761 insumus
1831 1693 1977 1780 frmueu·

414 1800 483 1887 ¹toe
501 1792 667 1880 gentilium
689 1799 739 1860 est
759 1791 980 1860 miserabiliter
997 1792 1178 1874 devastata3
1197 1791 1467 1860 wratizlavleusis
1484 1800 1591 1862 autem
1610 1797 1751 1880 oeclesb,
1781 1797 1881 1865 eiecto
1897 1816 1977 1882 ,pre-
2058 1858 2061 1866 ,

431 1897 499 1967 lato
519 1914 578 1965 suo
598 1914 656 1980 per
668 1899 859 1980 potestatem
873 1893 1045 1962 secularem
1060 1895 1100 1963 de
1113 1895 1187 1963 sede
1200 1913 1267 1976 sua,
1282 1894 1427 1962 omuibus
1441 1887 1534 1964 rebus
1549 1898 1716 1966 mobilibus
1730 1904 1764 1967 et
1778 1899 1978 1969 inmobilibus

432 2019 505 2071 cum
524 1999 609 2068 clero
628 1998 772 2067 totalitm
791 1998 937 2083 spobata,
955 1999 1025 2084 ipso
1046 1999 1179 2083 prelato,
1200 1998 1233 2065 in
1254 1997 1317 2065 line
1334 1997 1476 2082 dyocesis
1500 2018 1557 2067 suc
1577 2006 1707 2086 propter
1726 2008 1846 2071 metum
1866 2003 1979 2071 mortis

393 2120 397 2127 ·
433 2122 504 2171 cum
525 2102 635 2188 peuda
654 2107 792 2186 recepto,
814 2100 987 2169 eotddiauo
1007 2099 1094 2168 victu
1114 2100 1167 2167 rix
1188 2104 1296 2185 potest
1315 2099 1462 2169 audiar
1481 2103 1669 2186 sustennri3
1690 2103 1850 2172 Plocensis
1871 2110 1977 2172 autem

432 2206 565 2276 coeloela
582 2204 648 2274 sire
667 2205 885 2288 Mazorienma
906 2223 964 2290 per
985 2202 1129 2272 meamus
1145 2203 1311 2288 gentilium
1331 2203 1441 2272 occisis
1465 2209 1500 2271 et
1523 2203 1668 2272 affluatis
1689 2205 1800 2274 incolis
1820 2205 1903 2274 lacet
1923 2225 1979 2291 ps-

434 2309 521 2377 nitus
541 2307 695 2391 uacuas
717 2308 765 2375 ita
784 2308 870 2393 quod
890 2306 1031 2392 prelatus
1051 2307 1150 2392 ipsius
1171 2325 1228 2392 per
1248 2307 1327 2375 alios
1341 2307 1563 2375 miserabiliter
1576 2315 1787 2391 sustenmtur3
1809 2309 1979 2379 wladisla-

431 2412 547 2481 vicuais
564 2411 758 2480 aetenum
778 2409 981 2495 capariensis
1002 2409 1144 2492 acoleia
1165 2410 1249 2476 sicut
1268 2414 1303 2476 et
1319 2409 1382 2477 alie
1400 2428 1458 2494 per
1478 2409 1667 2478 cottidianas
1689 2413 1906 2498 oppressiones
1920 2412 1976 2481 ba·

432 2532 545 2582 ronum
565 2517 599 2583 et
618 2514 806 2600 principum,
825 2530 864 2580 ac
881 2512 1046 2597 gentilium
1067 2511 1211 2582 incursus
1232 2531 1272 2580 ex
1291 2512 1454 2580 vicisima
1482 2531 1540 2597 pro
1570 2520 1662 2597 purte
1687 2515 1826 2582 maxima
1852 2521 1903 2583 set
1923 2515 1977 2584 de-

432 2621 569 2699 suucta3
590 2615 813 2685 Poauauiensis
831 2614 930 2683 mam
951 2613 1091 2695 enclesis,
1113 2615 1258 2682 ambiar
1279 2615 1362 2683 sicut
1381 2621 1415 2684 ct
1428 2615 1490 2684 ulie
1503 2635 1561 2701 per
1573 2616 1693 2685 viciuos
1715 2618 1872 2703 principes
1885 2619 1977 2703 quasi

432 2737 472 2787 ex
492 2719 579 2786 omni
597 2718 698 2786 latera
718 2717 878 2785 audaeus
898 2716 1045 2801 impetus,
1068 2716 1197 2783 cottidie
1217 2717 1354 2801 dampna
1374 2717 1408 2784 in
1428 2717 1522 2786 rebus
1543 2719 1609 2786 suis
1624 2720 1747 2804 patitur
1759 2726 1794 2788 ct
1807 2721 1977 2802 iacturum

434 2826 469 2890 st
488 2818 683 2888 Lubucensis
713 2838 753 2887 ex
779 2819 864 2885 omui
894 2824 985 2903 parte
1013 2817 1156 2885 totaliter
1180 2819 1317 2903 spoliata
1343 2824 1402 2902 snt,
1432 2825 1499 2888 taur
1527 2821 1561 2887 in
1589 2821 1708 2890 duostu
1727 2823 1979 2892 Wrstislasieusi

433 2942 529 3008 quam
550 2923 584 2991 in
604 2921 677 2991 aliis
697 2921 850 3007 partibus,
873 2940 944 2989 cum
965 2921 1177 3006 massalenas
1198 2938 1272 2988 suas
1293 2921 1327 2988 ln
1348 2921 1479 2988 disemis
1500 2921 1644 3005 partibus
1665 2922 1781 2992 babeat
1801 2925 1977 3009 dispersam

432 3026 516 3096 unde
535 3025 619 3095 idern
641 3024 786 3092 dommus
808 3023 976 3092 cardinalis
996 3023 1075 3107 ipsis
1095 3023 1235 3090 emissis
1255 3023 1455 3107 comedistis,
1478 3024 1581 3091 musis
1598 3025 1758 3110 inspeetis,
1779 3025 1988 3110 importabile·
2053 3089 2057 3099 .

433 3147 514 3198 onus
533 3129 791 3214 procuracionem
813 3131 847 3195 et
859 3125 921 3193 sibi
934 3123 1126 3210 impossibile
1140 3124 1320 3192 nullatenus
1332 3124 1529 3208 iniunximct,
1552 3145 1624 3194 cum
1637 3126 1877 3210 impossibilium
1891 3128 1980 3196 adh

434 3232 478 3301 sit
498 3229 661 3317 obligaris,
683 3235 717 3299 ct
738 3227 865 3298 afflictis
887 3226 1018 3296 affliccio
1036 3227 1164 3295 minima
1185 3227 1228 3294 sit
1240 3225 1397 3307 addendn3
1419 3244 1524 3311 ymmo
1538 3228 1648 3311 seiam
1670 3228 1824 3297 sinostrc
1838 3230 1977 3313 ecclesia,

432 3333 611 3403 huiusmodi
627 3333 810 3419 grammius
830 3349 893 3399 non
915 3331 1116 3411 annuentes,
1135 3327 1309 3397 redditibus
1338 3327 1565 3412 habundarent,
1592 3331 1626 3396 in
1647 3334 1713 3397 tam
1734 3329 1822 3398 brevi
1844 3333 1979 3401 termino

433 3455 498 3505 aon
517 3441 625 3522 pumat
651 3435 786 3521 pannis
814 3452 876 3518 que
903 3431 1160 3516 procuraciouum
1188 3430 1309 3514 petitur
1333 3430 1459 3498 nominc
1485 3431 1680 3514 mngregari3
1708 3436 1743 3499 et
1770 3438 1924 3517 preterea,
1951 3434 1980 3501 si

433 3538 498 3608 iam
519 3537 654 3625 pecunia
673 3541 758 3605 esset
779 3537 812 3603 in
833 3534 927 3603 amul
949 3538 1148 3618 mugregata,
1169 3550 1232 3598 noa
1247 3536 1354 3615 posset
1368 3530 1409 3599 ad
1424 3549 1579 3598 cameram
1592 3531 1711 3599 domini
1726 3533 1894 3602 cardinalis
1909 3555 1980 3620 pre-

433 3639 521 3723 dicti,
542 3639 592 3708 val
609 3636 836 3707 mermtoribus
856 3637 933 3718 suis,
954 3640 1084 3719 propter
1102 3633 1329 3717 longitudinem
1349 3632 1400 3698 rie
1420 3636 1454 3698 st
1474 3631 1655 3700 dbcmmina
1668 3641 1702 3702 et
1716 3641 1783 3702 tam
1797 3634 1885 3703 brevi
1900 3643 1979 3704 tam·

434 3759 512 3827 pore
532 3739 695 3808 destinari.
738 3739 887 3807 Preterea
908 3737 1099 3821 parcendum
1119 3735 1232 3802 merito
1250 3732 1341 3801 nobis
1361 3739 1455 3814 esset,
1486 3734 1562 3817 quia
1589 3754 1646 3819 per
1666 3738 1907 3820 procuraciones
1928 3758 1980 3806 vs-

434 3840 584 3911 uerabilis
616 3842 717 3927 patris
748 3839 866 3907 domini
895 3839 1034 3923 Philippi
1062 3837 1202 3904 Firmani
1233 3834 1380 3919 episcopi,
1412 3835 1584 3918 apostolice
1614 3835 1704 3905 Sedis
1733 3839 1839 3923 legati,
1871 3845 1981 3909 nosue

436 3943 566 4012 eoelcsie
587 3948 622 4012 et
636 3948 723 4010 totus
745 3942 846 4010 uerus
868 3941 991 4007 novitrn
1012 3943 1088 4005 sunt
1107 3938 1239 4022 gravati,
1267 3942 1301 4003 et
1321 3953 1405 4002 nune
1430 3936 1529 4002 eciam
1555 3955 1723 4021 gravamur
1748 3959 1806 4024 per
1832 3960 1981 4025 procura·

435 4044 541 4114 dones
562 4062 642 4129 quas
660 4043 759 4127 exigit
776 4043 902 4110 nomine
919 4041 1061 4108 Rosam
1083 4039 1168 4107 curie
1189 4038 1333 4106 dominus
1347 4035 1502 4104 lohannes
1523 4038 1761 4108 archidiaconus
1776 4041 1981 4112 Lauchicieu·

437 4146 492 4228 sis,
512 4145 661 4214 oodocter
681 4144 803 4212 denarii
824 4144 925 4210 saneti
946 4142 1050 4222 Petrl3
1073 4146 1107 4209 et
1126 4140 1346 4208 nichilominus
1367 4139 1513 4205 similiter
1526 4158 1704 4223 gravamur,
1727 4160 1785 4208 nos
1799 4148 1833 4211 et
1851 4145 1981 4213 ecclesie

435 4253 552 4330 nosue,
574 4265 614 4314 ex
634 4246 910 4331 procuracionibus
929 4264 1009 4329 quas
1030 4244 1149 4311 demini
1170 4249 1203 4311 et
1223 4243 1366 4325 magistri
1387 4240 1489 4307 Adam
1511 4246 1544 4308 et
1557 4240 1716 4324 Nicotaus,
1739 4245 1873 4328 predicti
1886 4266 1978 4314 vene·

436 4346 545 4416 rabilis
565 4348 666 4431 putris
686 4346 804 4414 domiui
826 4346 923 4430 legati
943 4346 1050 4411 nuncii
1072 4346 1233 4429 speciales,
1255 4344 1394 4426 exigunt,
1418 4344 1656 4411 immoderatam
1686 4363 1790 4412 secum
1819 4347 1980 4417 trahentes

435 4449 470 4516 iu
486 4448 719 4516 multitudinem
738 4453 806 4515 tarn
826 4448 1023 4515 camdenum
1044 4465 1139 4530 quam
1161 4446 1259 4514 eciam
1280 4464 1493 4529 personarum.
1538 4446 1716 4514 vaamar
1745 4448 1846 4516 eciam
1870 4469 1910 4517 an
1931 4471 1979 4534 eo,

435 4550 520 4636 quod
540 4550 622 4618 idem
637 4550 823 4617 venembilis
844 4555 944 4633 pater,
966 4548 1147 4631 dignitates,
1169 4549 1355 4631 prelaturas,
1377 4553 1571 4631 personatum,
1593 4547 1705 4629 silicia,
1725 4549 1872 4618 abbacias
1892 4571 1980 4620 secu·

435 4652 528 4734 lares,
547 4657 581 4720 et
600 4650 666 4720 alia
686 4651 836 4719 mucida
856 4653 890 4717 iu
911 4650 1050 4718 ecclesiis
1071 4649 1309 4716 kathedralibus
1327 4654 1360 4715 et
1381 4648 1565 4731 collegiatis,
1594 4667 1632 4715 ac
1657 4650 1721 4716 ulio
1746 4653 1852 4719 omniu
1873 4672 1980 4721 curum

435 4753 589 4822 &masis
610 4754 797 4835 summum,
820 4773 882 4820 nou
904 4752 1005 4819 solum
1027 4752 1184 4832 ramucio,
1206 4770 1311 4836 ymmo
1333 4756 1367 4818 et
1385 4751 1511 4832 quaudo
1531 4751 1573 4816 ad
1594 4750 1628 4819 id
1649 4751 1801 4819 obtulerit
1826 4773 1861 4822 so
1882 4754 1980 4822 acul-

438 4861 498 4936 aa,
520 4855 553 4922 in
575 4860 644 4921 tota
664 4860 774 4923 nostra
795 4855 955 4939 provincia
974 4853 1094 4937 absquo
1115 4855 1331 4937 presunrcione
1354 4854 1502 4936 temporis
1520 4870 1576 4919 sue
1602 4853 1764 4919 collacioui
1793 4857 1982 4924 reservanda

437 4954 584 5023 decrerit
628 4955 731 5038 Unde,
758 4975 829 5022 cunr
857 4955 985 5022 melesio
1010 4961 1118 5021 nostro
1142 4974 1181 5020 or
1202 4955 1345 5038 predicta
1372 4954 1628 5038 procuracionem
1659 4955 1860 5038 imposicione
1884 4976 1982 5042 supra

439 5057 522 5123 vires
542 5062 576 5123 et
597 5054 764 5123 facultates
786 5063 820 5124 ct
840 5076 878 5123 ex
900 5055 1111 5140 proliatomnr
1134 5057 1351 5123 beneficiorum
1379 5057 1555 5123 retrusione
1577 5062 1757 5138 moventur,
1783 5077 1841 5126 uec
1867 5060 1900 5125 in
1922 5059 1981 5126 uli·

438 5175 530 5240 quem
552 5175 660 5224 casum
679 5163 745 5223 tarn
766 5178 877 5238 graus
898 5160 1138 5243 procuraciones
1159 5164 1192 5224 et
1213 5158 1425 5224 intolerabiles
1446 5157 1573 5224 valeant
1587 5159 1752 5238 sustinere,
1775 5178 1832 5224 nec
1847 5159 1980 5244 predicti

437 5259 554 5341 nuncii,
578 5258 719 5342 quamue
741 5279 798 5346 per
819 5279 876 5327 nos
898 5260 1010 5343 rogati,
1033 5260 1215 5344 prerrrisaaru
1236 5260 1447 5342 quantitatem
1466 5261 1596 5345 presumo
1615 5265 1648 5326 et
1669 5259 1888 5328 beneficiorum
1910 5280 1980 5345 pre·
