4860 6180
848 273 921 401 260

847 474 982 561 propriis
1002 474 1155 543 limitibus
1177 473 1320 558 signans
1341 473 1430 557 iant,
1447 474 1501 559 qui
1516 473 1558 541 ad
1570 473 1707 540 Domum
1720 471 2029 553 l'nlkcnburgensem
2043 472 2077 534 ct
2091 484 2163 549 cum
2181 483 2220 530 ca
2241 462 2281 529 ad
2303 464 2402 543 Man,

847 578 949 646 chum
971 579 1117 664 pertinet
1138 578 1247 664 (Dicta
1260 596 1333 645 veru
1347 578 1397 643 via
1411 597 1431 644 a
1443 576 1565 644 duabus
1584 575 1655 642 istiu
1676 576 1759 660 pinis
1780 574 1869 641 ducit
1883 574 2017 640 ulterius
2034 590 2091 656 per
2105 569 2242 635 Brotean
2256 568 2296 634 ml
2311 588 2388 641 arva

847 680 999 750 uindicta
1019 682 1226 750 Thumbrnch
1248 686 1281 746 ct
1302 680 1420 763 spivum
1442 680 1577 748 nominis
1599 679 1747 746 ciusdem.
1785 677 1946 761 Incipiunt
1963 681 2071 743 autem
2092 674 2157 740 istu
2178 691 2253 738 arva
2266 671 2391 756 inque-

847 783 919 852 dsm
941 785 1007 852 riva
1029 786 1113 853 dicta
1135 784 1265 851 Dubritz
1286 782 1341 849 ubi
1362 783 1413 848 viu
1432 784 1472 851 ‹le
1492 784 1589 850 Brotu
1608 798 1717 848 cursus
1737 779 1888 848 Landack
1908 778 2011 859 ducit,
2037 784 2071 844 et
2090 775 2283 860 protendunt
2303 794 2338 843 se
2359 778 2391 848 in

847 885 910 952 ista
930 887 982 954 viu
1003 888 1089 970 regia
1109 887 1197 953 Nove
1217 883 1359 951 Marclric
1379 884 1527 970 quicquid
1548 885 1638 951 iuxta
1656 883 1743 949 illius
1763 881 1910 949 dextrum
1932 888 1966 948 et
1983 880 2074 947 iuxta
2093 878 2222 945 fluuium
2243 879 2391 949 maiorum

848 987 917 1056 Pilo
937 990 1033 1058 situm
1053 985 1220 1056 invenitur.
1264 987 1348 1054 Hinc
1372 988 1490 1056 ‹liructe
1515 989 1549 1054 in
1576 989 1658 1053 viun
1687 985 1845 1054 Machelin
1872 985 1913 1052 ad
1933 983 2043 1051 Krane
2063 1000 2173 1049 nemus
2195 980 2394 1062 Kdnigslortt

846 1091 1020 1174 ducentem,
1047 1113 1085 1160 ac
1105 1111 1140 1160 se
1161 1092 1252 1157 iuxta
1275 1090 1385 1158 silvam
1410 1091 1615 1160 Brissieueem
1638 1095 1672 1156 et
1696 1089 1808 1156 silvam
1835 1088 1993 1155 Tuxorum
2021 1084 2224 1152 adsenseum
2253 1083 2393 1166 stipitem

849 1195 1096 1278 protendentem.
1141 1194 1224 1260 Hinc
1245 1199 1279 1259 et
1300 1196 1457 1276 aequando
1478 1197 1573 1262 istum
1594 1192 1677 1259 viem
1699 1211 1760 1276 quc
1780 1191 1897 1259 iterum
1918 1189 1953 1257 in
1973 1188 2058 1255 viam
2079 1187 2197 1271 regium
2218 1187 2394 1255 Pnueicam

847 1297 945 1379 ducit,
967 1300 1017 1366 cui
1039 1298 1190 1364 allabitur
1215 1296 1302 1362 rivus
1320 1296 1459 1379 Dulcia,
1489 1299 1522 1364 in
1549 1315 1611 1382 quo
1630 1295 1776 1362 similiter
1796 1292 1918 1360 scincus
1938 1291 2038 1376 stipes
2059 1290 2273 1375 inveniendus,
2295 1307 2395 1372 usque

848 1398 965 1466 iterum
982 1401 1023 1466 nl
1044 1401 1133 1467 illum
1155 1399 1259 1466 locum
1281 1398 1336 1464 ubi
1357 1401 1498 1483 predicta
1517 1401 1599 1467 silua
1619 1398 1745 1464 initium
1766 1396 1865 1481 fecit)
1898 1395 1948 1462 De
1968 1394 2118 1479 predictis
2140 1392 2292 1460 ambabus
2313 1393 2395 1474 pinis

849 1499 985 1566 tendunt
1005 1501 1132 1568 termini
1152 1500 1271 1568 directe
1292 1507 1381 1573 tmns
1402 1505 1483 1571 uum
1505 1522 1595 1571 secus
1609 1501 1737 1569 arbores
1750 1501 1856 1568 alueos
1877 1503 1983 1581 apium,
2003 1496 2048 1562 ibi
2068 1497 2102 1563 in
2116 1516 2227 1580 oempn
2240 1494 2396 1562 Plaviansi

850 1607 985 1684 sunus,
1007 1623 1139 1688 quarum
1160 1603 1223 1670 alie
1242 1607 1317 1670 sunt
1335 1605 1456 1687 signata
1476 1607 1596 1674 directe
1615 1610 1689 1689 post
1709 1605 1813 1671 lucum
1833 1601 1955 1669 dictum
1968 1599 2095 1667 Andree
2109 1600 2197 1666 lacus
2211 1604 2397 1681 exterasque

849 1703 947 1787 lanu,
969 1704 1083 1791 Capita
1104 1707 1216 1775 canina
1236 1707 1348 1788 dictus,
1370 1728 1426 1792 par
1448 1711 1594 1794 paludem
1613 1708 1819 1776 arundineam
1833 1705 1867 1772 in
1881 1705 1965 1771 uiam
1980 1722 2042 1787 que
2055 1702 2097 1770 de
2109 1699 2273 1768 Phirehuu
2289 1718 2398 1768 versus

849 1807 1007 1876 Mecholin
1025 1809 1121 1891 ducit,
1141 1828 1240 1894 usquc
1262 1810 1304 1877 ad
1324 1811 1480 1894 signatam
1498 1830 1648 1897 quercum
1668 1812 1759 1879 iuxta
1773 1809 1864 1876 illins
1885 1809 1937 1876 vie
1951 1807 2096 1874 dextram
2110 1810 2258 1885 sunum,
2280 1803 2399 1888 deque

849 1910 891 1978 ad
911 1911 1025 1979 vadum
1044 1931 1220 1994 arenarum,
1243 1920 1277 1980 et
1297 1931 1336 1979 ex
1358 1913 1412 1980 illo
1433 1915 1559 1998 Aquam
1579 1921 1737 1981 mortuam
1751 1913 1924 1981 sauricum
1944 1929 2120 1995 caprarum,
2135 1907 2293 1993 sequenda
2307 1907 2398 1974 illum

849 2032 950 2099 usque
970 2016 1004 2083 in
1024 2015 1127 2083 lacum
1147 2013 1304 2082 Machelin
1325 2015 1380 2098 qui
1404 2016 1446 2083 ad
1466 2017 1588 2085 Novam
1608 2015 1785 2084 ldunehiam
1802 2014 1951 2100 partinet,
1972 2019 2007 2082 et
2026 2013 2111 2080 circa
2131 2011 2222 2078 illum
2236 2028 2336 2094 usqne
2357 2008 2399 2076 ad

849 2114 943 2184 duem
962 2118 1114 2184 territorii
1143 2116 1283 2184 eiusdem
1309 2116 1370 2184 loci
1397 2123 1432 2184 et
1455 2118 1488 2185 in
1515 2120 1613 2187 calles
1634 2118 1779 2200 mnam,
1807 2117 1967 2202 sequenda
1995 2117 2076 2183 istas
2105 2131 2206 2197 nsquue
2233 2114 2268 2180 in
2296 2112 2398 2179 rivum

851 2218 1006 2302 quendam
1033 2219 1153 2287 dictum
1179 2217 1357 2285 Phalbeeke
1388 2219 1442 2286 ubi
1469 2221 1585 2288 iterum
1611 2220 1731 2288 sunaus
1758 2219 1859 2304 stipes
1886 2218 2110 2302 inveniendum·
2130 2215 2345 2284 descendendo
2364 2216 2399 2283 in

849 2319 912 2387 ista
931 2320 1000 2388 ritu
1019 2320 1139 2389 uneeoe
1160 2326 1194 2388 et
1213 2319 1366 2387 indirecta
1387 2340 1487 2406 usque
1508 2325 1550 2392 ad
1571 2323 1729 2409 quendam
1750 2327 1888 2408 mntem
1926 2322 2011 2389 Hinc
2031 2327 2121 2388 trans
2142 2319 2264 2387 dictum
2285 2319 2398 2399 mmm,

850 2421 906 2489 ubl
925 2422 1005 2489 silva
1025 2421 1187 2491 Simieusis
1208 2441 1271 2507 que
1292 2421 1333 2488 ad
1351 2423 1527 2494 Muruhinm
1548 2431 1674 2511 spectat
1693 2426 1819 2494 initium
1833 2425 1941 2507 sumit,
1962 2425 2082 2492 directa
2095 2423 2138 2491 ad
2150 2422 2280 2490 arbores
2293 2422 2400 2489 alveoe

730 2554 734 2560 ·
849 2541 945 2609 apum
966 2524 1006 2592 de
1024 2544 1089 2594 unu
1109 2526 1150 2593 ad
1170 2525 1304 2593 alteram
1334 2527 1542 2610 procedendo,
1571 2547 1706 2613 quarum
1733 2528 1795 2597 elie
1823 2534 1900 2596 sunt
1919 2526 2059 2612 signata,
2086 2544 2187 2611 usque
2207 2524 2249 2592 ad
2268 2523 2400 2591 fundum

849 2626 1005 2711 quandam
1027 2646 1196 2712 aquosum,
1225 2627 1345 2694 dictum
1370 2629 1512 2697 madidus
1539 2631 1713 2716 Pridnngls3
1744 2629 1939 2717 procedendo
1965 2630 2001 2697 in
2025 2630 2089 2698 ista
2110 2629 2232 2698 directa
2256 2635 2290 2695 et
2318 2626 2400 2694 indi·

850 2733 936 2797 reeta
955 2728 997 2798 ad
1018 2730 1112 2798 callae
1134 2729 1212 2798 dicti
1229 2729 1460 2814 Mdckalberge,
1482 2734 1537 2817 qui
1557 2735 1655 2802 etiam
1669 2734 1806 2802 limitum
1827 2734 1896 2801 luae
1917 2731 2083 2800 habentur.
2126 2731 2176 2799 De
2196 2730 2269 2798 istis
2288 2730 2329 2797 ad
2349 2749 2401 2796 er·

849 2829 958 2899 berem
978 2832 1266 2918 quadrimrmitam,
1288 2833 1446 2917 sequendo
1466 2836 1600 2903 ulterius
1619 2837 1744 2905 alveum
1764 2837 1825 2905 rivi
1844 2836 1996 2918 Pridenk,
2023 2854 2125 2920 usqm
2153 2835 2188 2903 ln
2208 2835 2312 2902 lmum
2333 2853 2401 2901 me

848 2951 946 3017 gnum
966 2933 1083 3003 Kobitn
1105 2940 1196 3004 etex
1222 2935 1279 3002 illo
1303 2935 1336 3002 in
1359 2953 1491 3019 parvum
1516 2938 1647 3022 Kobitz,
1676 2939 1718 3007 de
1742 2957 1806 3024 qno
1832 2938 1953 3007 directe
1972 2943 2007 3006 et
2033 2937 2186 3024 indirecta
2206 2943 2295 3004 unns
2315 2935 2400 3004 vum

849 3034 1015 3104 dueentem
1037 3037 1077 3106 de
1097 3036 1281 3106 Sehdnieldt
1307 3055 1416 3105 vernus
1436 3040 1672 3110 Fridelandiam
1697 3040 1851 3126 usquein
1871 3041 1955 3109 viam
1973 3040 2178 3120 Maeuium
2200 3039 2401 3122 ubiquaque

849 3136 970 3206 furens
990 3139 1090 3224 stipes
1109 3138 1331 3222 catinianum
1352 3145 1387 3208 et
1407 3141 1441 3208 in
1461 3142 1526 3210 ista
1545 3144 1599 3212 via
1619 3144 1825 3230 praoedenda
1847 3161 1950 3227 usque
1963 3143 2005 3211 ad
2019 3148 2159 3211 montem
2179 3139 2400 3224 Kabelssberg,

849 3239 890 3307 de
910 3257 973 3324 qua
994 3239 1113 3310 directa
1132 3241 1174 3311 ad
1193 3240 1387 3310 mumdum
1405 3243 1499 3311 rivuli
1520 3264 1560 3313 ex
1579 3246 1653 3314 lacu
1675 3245 2049 3328 christiunennimuiare,
2069 3243 2402 3313 nirecnetinuiraeta

849 3359 950 3427 usqua
970 3341 1005 3409 iu
1025 3362 1158 3428 purum
1180 3343 1457 3413 christianeneem
1500 3348 1584 3415 Hinc
1605 3349 1640 3415 in
1660 3349 1765 3417 lacum
1785 3347 2035 3431 Winkerensem
2064 3348 2156 3415 iuxta
2176 3346 2295 3415 indices
2312 3364 2402 3413 mon·

849 3444 931 3512 tium
950 3442 1216 3514 Wurloviensium
1237 3464 1339 3532 usque
1364 3446 1406 3513 ad
1430 3455 1553 3518 montes
1581 3450 1760 3533 Bullenses,
1789 3450 1864 3519 hinc
1888 3450 1930 3518 ad
1952 3449 2031 3519 lines
2059 3447 2338 3519 heobsdorffianos
2368 3452 2403 3515 et

849 3553 978 3631 pontem
1006 3547 1268 3633 winckelansem,
1301 3551 1392 3617 iuxta
1422 3570 1499 3619 arva
1529 3552 1782 3621 Iaunbsdorfiana
1806 3551 2003 3622 ascendendo
2031 3570 2142 3620 vesus
2169 3549 2400 3635 Rndaspmngk,

849 3647 925 3718 hinc
944 3651 979 3718 iu
999 3651 1103 3718 lacum
1124 3651 1245 3720 dictum
1265 3651 1366 3736 Iespe,
1388 3671 1427 3719 ex
1440 3653 1496 3721 illo
1510 3655 1544 3722 in
1556 3674 1728 3724 ennmvum
1740 3655 1873 3723 fundum
1886 3654 2058 3722 secundum
2073 3653 2160 3720 illius
2173 3651 2401 3736 longitudinem

850 3757 971 3827 rectam
988 3757 1023 3820 et
1044 3752 1239 3836 indirectam,
1262 3752 1423 3837 usquead
1444 3755 1603 3838 quandam
1624 3757 1781 3841 signatam
1801 3756 1918 3841 tagum.
1962 3755 2011 3824 De
2031 3775 2098 3840 qus
2117 3754 2244 3822 termini
2265 3753 2403 3838 porrecti

775 3938 780 3944 Ι
850 3852 1012 3921 civitatem
1032 3854 1141 3922 Kaliss
1158 3859 1343 3941 pretereunt
1371 3854 1427 3922 ubi
1447 3855 1558 3925 definit
1579 3858 1667 3926 locus
1687 3857 1791 3925 dictus
1810 3857 1985 3926 Alandrum
2012 3864 2047 3925 et
2066 3857 2121 3926 ubi
2139 3855 2308 3925 mutinium
2329 3873 2403 3922 eon·

850 3955 997 4024 stitudtnr
1017 3958 1114 4024 trium
1136 3976 1327 4041 camporum,
1347 3956 1502 4026 (liniensis
1524 3965 1621 4044 atque
1642 3959 1882 4027 Pammmemis
1903 3965 1938 4027 at
1958 3958 2160 4040 dumiensis,
2179 3958 2403 4043 precedentes

850 4075 887 4127 se
906 4058 997 4126 iuxta
1016 4059 1134 4128 dictam
1155 4060 1302 4145 paludem
1323 4059 1497 4129 Alandrum
1515 4081 1618 4148 usque
1638 4061 1680 4129 ad
1698 4061 1802 4129 lacum
1823 4060 1966 4143 diessen,
1988 4067 2023 4129 et
2039 4061 2074 4128 iu
2088 4060 2188 4146 ipsius
2201 4059 2309 4128 littore
2330 4077 2403 4143 prn-

849 4161 1018 4246 gredlendo
1038 4181 1139 4248 usque
1160 4162 1201 4229 ad
1223 4161 1402 4230 afluentiam
1420 4165 1583 4233 cuiusdam
1611 4165 1672 4232 rivi
1693 4183 1712 4233 e
1732 4164 1817 4232 dicta
1837 4163 1925 4246 lacu,
1952 4163 2173 4249 sequendoque
2192 4163 2283 4230 illum
2302 4164 2404 4230 nuum

849 4281 952 4349 suque
972 4265 1014 4332 ad
1034 4285 1179 4351 aggerem
1200 4263 1386 4332 Vaccarum.
1420 4265 1550 4335 Dictum
1571 4272 1679 4335 autem
1701 4285 1845 4352 campum
1867 4265 2044 4335 Gisiennem
2064 4265 2210 4334 vendicat
2230 4266 2291 4332 sibi
2312 4265 2404 4333 Pulu-

850 4365 915 4435 nia
957 4367 1081 4436 Relicta
1101 4387 1216 4454 aggere
1237 4367 1429 4451 Vaccatum,
1457 4378 1534 4438 suut
1561 4369 1828 4457 preter-gradiendi
1857 4369 1986 4453 quidam
2007 4368 2062 4436 alii
2084 4368 2201 4436 cumuli
2223 4367 2404 4435 terminales

849 4469 935 4536 inter
955 4469 1116 4538 anunm
1136 4471 1243 4538 Kaliss
1264 4477 1299 4538 et
1319 4470 1463 4554 diessen,
1487 4473 1521 4539 in
1541 4476 1595 4541 via
1614 4472 1784 4542 Kalisiensi
1805 4471 1993 4538 daumeutaa
2026 4472 2056 4538 A
2078 4489 2213 4555 quarum
2234 4475 2403 4555 postremo,

851 4570 936 4639 dieta
955 4571 1005 4639 via
1026 4591 1138 4658 nempe
1160 4573 1312 4655 viciniori,
1332 4574 1467 4641 ulterius
1487 4575 1750 4660 progrediendum
1770 4591 1871 4658 usque
1892 4573 1934 4640 ad
1954 4573 2123 4640 confinium
2144 4591 2324 4657 camporum
2344 4571 2405 4638 Le-

850 4672 1001 4742 bitnensis
1022 4680 1057 4743 ct
1077 4676 1247 4744 Giasensis.
1291 4675 1464 4744 Dimidium
1486 4697 1560 4747 uero
1590 4680 1693 4764 campi
1716 4676 1898 4746 [abinensis
1919 4675 2058 4759 pertinet
2078 4674 2120 4744 sd
2140 4674 2313 4743 Polouiam.
2355 4673 2405 4741 Ile

851 4794 962 4862 campo
981 4775 1161 4846 lebitzansi
1186 4779 1321 4846 ulterius
1346 4780 1609 4863 progrediendum
1635 4782 1677 4849 ad
1701 4782 1804 4848 rivum
1833 4777 1991 4864 quendem
2015 4795 2034 4845 e
2054 4776 2185 4846 umbus
2206 4775 2405 4845 Frielluudie

850 4877 1040 4963 effluentem,
1062 4881 1182 4950 dictum
1203 4880 1399 4962 Ietilluvins,
1421 4883 1477 4966 qui
1499 4902 1557 4952 suo
1577 4886 1698 4952 duecte
1718 4884 1751 4949 in
1770 4880 1925 4949 indirecte
1940 4878 2027 4946 fluxu
2040 4880 2192 4949 terminos
2206 4886 2295 4948 tenet
2307 4878 2406 4946 donec

852 4998 925 5048 cum
945 4979 1143 5050 Karbiziausi
1162 4984 1230 5049 rivo
1252 4981 1391 5050 canduit
1427 4982 1481 5052 Sic
1501 4987 1588 5054 rivus
1609 4984 1833 5064 linrbizieusis‚
1856 4982 1972 5048 iterum
1994 4981 2191 5050 ascendendo
2209 4982 2295 5048 inter
2315 4980 2406 5048 Frid·

851 5079 991 5148 lsudlum
1013 5088 1047 5149 et
1063 5084 1169 5150 villam
1190 5083 1361 5151 Kurtenitn
1383 5088 1550 5179 usquead
1573 5089 1676 5157 locum
1703 5086 1757 5152 ubi
1783 5083 1947 5151 ambarum
1969 5083 2094 5150 illusum
2116 5083 2195 5151 lines
2216 5090 2351 5165 mamni
2372 5089 2406 5150 et

852 5199 948 5267 porro
965 5182 1041 5254 hinc
1060 5186 1257 5256 canendnum
1278 5186 1363 5256 inter
1384 5187 1482 5274 Zadu,
1504 5193 1594 5262 ndns
1615 5192 1689 5261 ville
1709 5189 1874 5258 dimidium
1895 5187 1937 5256 nd
1957 5185 2139 5257 Palanienm
2160 5187 2406 5256 iurisdictionem
