4860 6180
451 436 526 511 468

449 637 529 708 simo
555 637 766 707 dueentesimo
796 640 986 726 octogesimo
1006 640 1040 707 iu
1061 639 1113 708 dio
1133 642 1235 709 suncti
1257 640 1390 710 Martini
1411 641 1606 744 ooniessorIs,
1636 662 1693 729 por
1720 662 1832 713 munus
1853 641 1994 711 lbilonis

449 741 564 812 notarii
585 741 671 811 eurio
691 749 808 813 nostro.

550 949 692 1019 Dobmne
715 952 816 1050 maior
841 957 875 1020 et
902 941 1014 1035 minor,
1041 953 1176 1018 Bobrzec
1203 957 1300 1019 niella·
1325 956 1394 1018 il).
1416 957 1507 1036 moly.
1557 951 1652 1021 Olsse
1681 974 1715 1035 p.
1737 974 1777 1020 m.
1802 956 1918 1037 Kassa,
1943 958 1994 1019 oie

448 1056 644 1135 Μοῦώιίοηι.
687 1051 790 1138 Piala,
812 1060 944 1138 szum.

1115 1354 1190 1440 Nr.
1221 1350 1322 1439 499.
1406 1343 1411 1353 ’

549 1564 744 1672 Philippus
787 1567 984 1654 Firmanus
1028 1571 1235 1676 episeopus,
1288 1568 1488 1673 apostoliae
1527 1567 1631 1652 Souis
1674 1567 1823 1671 legatus
1865 1570 1992 1650 1281

444 1685 553 1773 liuli-
583 1692 668 1790 25,
701 1688 832 1794 libum
858 1708 1023 1776 eonfirmat
1042 1727 1150 1776 omnes
1168 1706 1353 1775 donationes
1371 1713 1406 1775 et
1426 1706 1608 1790 libertates,
1630 1705 1779 1775 menobio
1806 1706 1845 1773 de
1867 1705 1993 1775 Olobok

443 1827 466 1877 s
484 1807 678 1895 principibus
696 1814 730 1876 et
749 1808 906 1878 nobilibus
929 1829 1101 1880 eonemsss.

549 1911 688 1982 Pomm.
732 1916 852 1994 Kentos.
876 1917 982 1980 Stoma
999 1919 1119 1981 Arabim
1168 1914 1287 1991 Olobolc,
1302 1919 1381 1979 Aeto
1399 1933 1460 1979 non
1479 1916 1597 1992 solioto
1641 1913 1683 1999 (Ζ
1698 1933 1836 1996 popum
1857 1917 1987 1997 orppba,

433 2036 466 2108 'a
484 2015 608 2098 Μάνεω
628 2036 672 2082 no
690 2020 813 2082 nimum
826 2020 1025 2102 jemmnpm
1038 2036 1181 2085 eam
1202 2016 1297 2082 libis.
1311 2022 1500 2084 mimano
1519 2020 1614 2085 ballo:
1636 2021 1791 2085 Mortem
1811 2022 1869 2099 Pp.
1886 2017 1993 2102 1111.)

545 2239 710 2325 Philippus
730 2240 934 2333 miseracione
953 2242 1061 2311 diulus
1080 2242 1248 2310 Iirmunus
1268 2241 1433 2326 epIsoopus
1454 2239 1626 2326 apostolioe
1648 2238 1739 2307 Sedis
1760 2239 1895 2324 legabis,
1917 2239 1993 2309 reii-

442 2341 539 2428 giosIs
560 2342 745 2412 dominabus
765 2343 925 2412 abbatisse
945 2352 980 2414 et
1004 2347 1171 2414 oonseutui
1195 2344 1379 2412 monasterii
1408 2344 1449 2412 de
1477 2342 1601 2412 Olobok
1629 2342 1823 2412 Gneznensis
1847 2344 1991 2427 dionesie,

443 2444 660 2516 cisterciensis
682 2446 819 2531 Ordinis,
842 2448 978 2516 salutem
998 2449 1033 2515 in
1052 2448 1197 2516 Domino.
1225 2446 1323 2514 Iustis
1344 2447 1520 2537 petentIum
1541 2445 1705 2514 desideriis
1725 2447 1856 2532 dignum
1869 2453 1920 2514 ost
1932 2464 1992 2515 nos

439 2547 563 2618 fusilem
583 2549 714 2635 prebete
733 2568 907 2635 assensum,
929 2558 963 2620 et
982 2556 1057 2620 uota
1077 2570 1139 2637 pue
1158 2570 1180 2619 a
1200 2551 1333 2619 rebonis
1347 2551 1477 2618 mamito
1494 2568 1558 2617 non
1578 2549 1770 2634 immulant,
1792 2549 1905 2619 effectu
1918 2568 1991 2634 pro·

440 2660 592 2740 sequente
612 2654 777 2739 somniem.
822 2654 1000 2740 Eapropter
1019 2655 1134 2724 dilecta
1155 2655 1189 2722 in
1210 2654 1344 2722 Domino
1364 2654 1440 2736 iiiie,
1460 2655 1576 2721 vasula
1596 2654 1689 2722 iustis
1722 2653 1991 2739 postulacionibns

394 2791 396 2794 ·
439 2761 530 2842 puato
551 2763 771 2827 ounuurrentes
793 2777 933 2841 assensu,
955 2757 1147 2836 ballationes,
1169 2756 1364 2838 donationes,
1384 2756 1558 2838 ubertates,
1579 2757 1796 2825 immunitates
1818 2763 1852 2824 et
1864 2776 1991 2842 exennp-

439 2859 552 2944 boum,
579 2879 618 2928 ex
639 2861 807 2930 collatinus
836 2862 1022 2947 principum,
1051 2861 1220 2928 donatione
1251 2859 1405 2927 nobilium
1427 2864 1461 2927 et
1492 2858 1660 2944 largitione
1688 2858 1828 2928 fidelium
1848 2860 1937 2928 vobis
1957 2865 1992 2929 et

440 2963 631 3032 monasterio
648 2969 754 3032 vostro
775 2963 877 3033 factas
897 2971 931 3032 et
953 2982 1126 3047 coamens,
1148 2968 1245 3048 prout
1265 2962 1395 3047 provide
1416 2960 1499 3031 lacte
1521 2968 1596 3030 sunt
1617 2968 1652 3030 et
1671 2981 1817 3031 noncesse
1831 2970 1919 3032 ratas
1933 2963 1990 3030 ha·

390 3139 395 3150 ,
440 3065 551 3137 bontas
571 3073 605 3137 et
623 3075 742 3154 gratas,
764 3087 818 3138 eas
840 3071 1115 3155 auctoritateque
1135 3066 1295 3152 fungimur
1316 3066 1538 3135 ooniirmamus
1559 3072 1593 3134 et
1613 3068 1769 3151 presentis
1798 3066 1909 3151 scripti
1933 3085 1990 3152 pa·

439 3170 573 3240 nouom
594 3173 830 3240 eommunimus.
875 3171 963 3239 Nulli
985 3191 1059 3257 eppo
1081 3172 1207 3240 omnino
1229 3171 1391 3238 hominum
1413 3170 1508 3238 libem
1529 3169 1611 3237 hanc
1631 3170 1780 3256 pagiuam
1796 3177 1904 3238 nostae
1917 3188 1990 3239 oon·

438 3271 624 3343 iirmatIonis
644 3274 813 3360 infringere
834 3275 884 3342 vel
906 3276 935 3342 ei
957 3294 1036 3343 ausu
1058 3276 1225 3343 temeratio
1244 3276 1411 3343 oontraim.
1441 3274 1569 3360 Siquis
1591 3281 1698 3343 autem
1720 3275 1780 3344 hoe
1799 3280 1990 3358 attemptare

440 3379 675 3463 proenmpseuit,
698 3377 945 3462 indignationem
966 3379 1190 3462 omnipotentis
1211 3376 1272 3445 Dei
1293 3385 1328 3446 et
1340 3378 1505 3446 beatorum
1520 3377 1735 3462 apostolorum
1749 3377 1837 3445 Petri
1850 3381 1885 3445 et
1898 3376 1989 3446 Pauli

439 3480 507 3548 eins
527 3499 562 3548 se
580 3481 703 3548 nouauit
723 3481 931 3548 incursurum.
976 3479 1013 3547 In
1035 3482 1123 3548 unlus
1145 3480 1191 3547 rei
1212 3482 1396 3549 memoriam
1418 3487 1452 3549 et
1465 3487 1651 3567 perpetuam
1664 3481 1847 3549 firmitatem
1863 3498 1989 3565 presen-

384 3638 390 3651 .
438 3586 487 3651 tes
504 3585 713 3652 oonoessimus
734 3583 869 3666 litteras,
891 3583 986 3668 siguli
1008 3583 1109 3650 nostri
1130 3583 1302 3652 munimine
1323 3585 1518 3653 roborantes.
1563 3587 1683 3654 Datum
1703 3585 1803 3654 Βοωο
1824 3584 1902 3652 VIII
1924 3584 1990 3653 Ka·

436 3683 545 3754 leudos
570 3687 690 3772 Aprilis
714 3684 987 3770 M.CC.LXXXII,
1018 3685 1193 3754 Indictione
1214 3687 1255 3771 x,
1283 3687 1487 3773 pontifioatus
1512 3687 1629 3758 domini
1657 3687 1790 3756 Martini
1815 3688 1900 3773 Pape
1924 3686 1990 3756 1111

436 3807 520 3858 anno
541 3809 653 3876 primo.

539 3995 672 4080 omme,
701 3998 824 4063 mous.

1105 4209 1177 4294 Nn.
1211 4208 1312 4296 500.

537 4423 695 4509 hamisl
721 4423 799 4505 iun
822 4422 974 4505 Polonie
1000 4425 1121 4504 1281
1149 4423 1267 4508 octob.
1295 4429 1377 4525 23,
1403 4425 1446 4508 in
1468 4425 1674 4530 Ponnsnia3
1697 4443 1818 4511 confert
1838 4445 1987 4513 acclama

435 4544 641 4613 PuznanIunsi
664 4563 721 4628 pro
743 4562 818 4611 area
845 4543 984 4610 eiusdem
1006 4543 1039 4609 in
1061 4543 1190 4611 civitam
1220 4545 1346 4614 Pnznan
1372 4546 1446 4631 sita,
1471 4547 1660 4630 particulam
1687 4567 1764 4616 suae
1790 4548 1985 4632 hereditatis,

433 4647 528 4716 villae
549 4647 729 4715 Umiszewo
750 4646 957 4713 miiacnntem.

537 4751 669 4816 Postumi
716 4753 833 4814 Arabio.
862 4753 1002 4830 Capillacii.
1047 4751 1109 4815 mu.
1131 4755 1232 4831 privil.
1253 4756 1289 4818 B.
1312 4755 1368 4818 It'r.
1390 4755 1466 4820 151.

534 4974 719 5042 innomine
748 4973 875 5040 Domini
900 4992 1001 5040 amen.
1046 4976 1285 5060 Quoniamque
1314 4982 1454 5055 aguntur
1481 4976 1514 5044 in
1543 4981 1684 5060 tempore
1713 4976 1806 5044 simul
1836 4976 1985 5044 labuntur

432 5097 505 5148 eum
526 5084 674 5163 tompmm,
696 5096 822 5143 numme
844 5083 894 5143 est
914 5098 953 5144 ua
971 5078 1148 5145 litterarum
1170 5079 1399 5162 submuiptiune
1421 5085 1456 5145 et
1475 5079 1649 5160 sigillatum
1665 5081 1836 5147 munimine
1852 5080 1985 5164 perbon-

326 5169 330 5176 ’
431 5182 512 5250 nuri.
555 5181 621 5248 Nos
644 5182 741 5264 igitur
761 5180 892 5247 Promisi
916 5181 972 5247 liei
993 5183 1096 5262 putatia
1113 5183 1177 5249 dux
1200 5183 1327 5250 Polemio
1350 5189 1461 5249 nautum
1483 5183 1615 5248 luminum
1636 5183 1783 5251 omuibus
1805 5191 1982 5268 piaesentem

431 5284 570 5353 Iltteram
593 5286 790 5370 inspecturis,
810 5284 895 5367 quml
918 5305 973 5368 pum
995 5305 1071 5353 auum
1090 5288 1221 5353 eusimio
1242 5286 1325 5353 beati
1348 5286 1436 5352 Petri
1467 5286 1499 5351 in
1526 5287 1694 5368 l‘ouuuniu,
1723 5307 1818 5371 quum
1848 5286 1982 5370 Stepha-

431 5406 491 5455 nus
512 5391 676 5456 uuuouiuus
698 5388 837 5454 niualem
860 5389 988 5453 useless·
1010 5390 1321 5472 potentissumis
1343 5388 1532 5474 pmutiumium
1554 5390 1740 5457 insumatis
1754 5398 1865 5456 sumite
1887 5409 1985 5474 quam
