4860 6180
1896 313 1969 390 eet

431 537 564 602 murus,
578 516 729 586 sidentes
743 516 894 603 predictis
908 515 1057 584 iratribus
1071 513 1111 582 de
1124 513 1240 583 Lulrno
1253 516 1311 584 hes
1325 516 1499 598 libertates,
1517 514 1664 584 videlieet
1677 517 1762 602 quod
1776 515 1900 600 quando
1913 516 1972 585 eli·

431 621 503 709 quis
522 621 563 690 (ie
583 621 724 706 ipsorum
744 620 920 690 hominibus
940 619 974 686 in
996 637 1104 687 eorum
1119 618 1295 688 hereditate
1308 622 1463 690 oouiditnr
1475 618 1525 687 vel
1539 620 1639 687 eoinm
1653 620 1839 706 ubieunque,
1861 643 1974 710 penum

433 726 474 795 de
491 723 595 810 cupite
615 743 710 808 super
735 725 795 792 hoo
820 724 974 808 recipiant
1002 723 1193 790 denotatum.
1238 722 1370 808 Insuper
1397 742 1456 791 nee
1484 740 1548 790 non
1575 720 1749 806 herodium,
1776 727 1860 811 quod
1884 728 1974 797 sokei

430 827 557 911 diuitum
578 825 693 895 stauos
715 827 872 895 custodire
892 844 951 894 neo
971 825 1091 893 solvere
1113 825 1313 894 tenebuntur.
1357 825 1402 893 iit
1419 826 1495 910 quie
1515 826 1633 893 donum
1655 825 1723 893 Deo
1745 827 1892 898 oolistum
1910 851 1974 900 nen
2110 852 2112 854 ·
2224 808 2227 815 ’

433 929 561 1016 expedit
580 928 701 1013 iegibus
720 929 934 995 universorum
956 927 1126 1009 subiecere,
1148 927 1292 996 volumus
1309 934 1348 995 ut
1367 948 1459 997 nemo
1480 935 1661 998 nostrorum
1683 928 1821 997 iudicum
1845 939 1903 1000 eut
1922 953 1976 1002 eu·

430 1033 636 1104 rumperem
657 1033 707 1100 rel
728 1033 938 1118 cuiuscunque
958 1033 1081 1100 retium
1102 1032 1254 1112 beneficii,
1275 1032 1316 1097 nd
1338 1032 1423 1117 ipsos
1449 1033 1541 1100 vilius
1564 1032 1702 1116 aliquem
1728 1041 1904 1116 respectum
1925 1037 1976 1105 vei

432 1141 623 1224 potestatem
644 1134 801 1202 iudicandi
821 1134 938 1203 hubent
958 1136 992 1201 in
1010 1141 1168 1215 etemum3
1202 1133 1259 1199 sed
1287 1133 1401 1218 prefati
1426 1133 1542 1203 iratres
1571 1155 1643 1204 eum
1670 1154 1728 1203 sno
1754 1135 1856 1203 iudice
1882 1155 1976 1222 quem
2047 1180 2052 1190 ·

432 1239 664 1321 constituerint,
679 1256 752 1306 suos
766 1236 907 1305 homines
920 1255 992 1305 eum
1006 1236 1150 1305 omuibus
1169 1234 1257 1303 etin
1275 1234 1421 1303 omnibns
1434 1237 1568 1322 iudiciis,
1590 1238 1830 1325 quibuscunque
1843 1240 1976 1309 voeabu-

431 1342 472 1412 iis
491 1340 680 1425 vocitentur,
702 1359 772 1409 eum
790 1359 870 1425 opus
891 1339 989 1408 inerit
1007 1338 1200 1417 indienbnnt,
1223 1355 1337 1421 penem
1357 1339 1397 1405 de
1418 1339 1566 1409 indicetis
1585 1342 1804 1427 percipientes.
1846 1342 1880 1410 Si
1901 1362 1976 1413 vero

431 1443 538 1531 ulique
558 1462 654 1513 muse
672 1441 808 1511 difficilis
835 1443 974 1512 oriretur
1000 1460 1096 1527 quem
1120 1439 1199 1509 dieti
1225 1438 1341 1508 trenes
1366 1459 1437 1508 eum
1463 1461 1520 1511 sno
1548 1445 1652 1513 iudiee
1678 1445 1889 1515 determinare
1912 1466 1976 1516 non

408 1546 602 1635 potuerint,
620 1551 697 1614 tune
716 1563 822 1614 eorum
841 1546 931 1615 nobis
952 1551 1060 1614 nostro
1081 1543 1200 1613 ennnlo
1220 1544 1311 1611 eitnti
1332 1546 1560 1628 eompnrebunt
1588 1548 1836 1633 diiudicendum3
1862 1569 1976 1635 penum

431 1655 539 1721 entem
557 1653 627 1718 tnm
644 1648 774 1717 iudieuti
793 1647 946 1717 frutribus
966 1648 1174 1718 remittemus.
1219 1646 1267 1714 Ut
1292 1652 1399 1714 eutem
1425 1647 1484 1715 hee
1509 1655 1620 1716 nostre
1646 1651 1779 1720 ‹ionsoio
1807 1660 1841 1721 et
1864 1652 1976 1721 ooniir·

431 1753 532 1824 mnoio
551 1751 648 1822 robur
665 1750 824 1820 firmitatis
845 1752 997 1834 obtinent
1019 1751 1162 1820 dedimus
1184 1755 1361 1834 presentem
1375 1750 1521 1834 peginam
1536 1753 1687 1835 predictis
1701 1752 1850 1824 frutribus
1864 1757 1897 1823 in
1912 1756 1976 1824 Lu·

431 1856 497 1924 ω
516 1854 619 1925 nosti
639 1854 735 1941 sigilli
761 1855 933 1922 munimine
956 1854 1144 1922 roboretum
1187 1853 1308 1919 Dntum
1333 1852 1368 1918 in
1394 1851 1526 1920 Gneznu
1548 1873 1632 1923 enno
1655 1857 1783 1924 Domini
1812 1859 1976 1928 millesimo

432 1958 648 2028 dueentesimo
669 1957 925 2042 quinquagesimo
946 1963 1068 2039 ootevo,
1090 1956 1244 2023 sedecimo
1263 1953 1424 2022 Kelendus
1441 1955 1563 2023 Murtii
1607 1957 1688 2026 (inm
1716 1959 1776 2028 heo
1794 1968 1977 2046 generentur

431 2060 477 2129 lui
502 2066 665 2146 presentes
690 2060 874 2128 uenerunt:
904 2058 1101 2128 Dermnrmus
1127 2057 1287 2142 puletinm
1312 2056 1517 2139 Gneeneusis,
1543 2058 1652 2126 Simon
1677 2062 1866 2132 enstelinnus
1890 2064 1976 2134 Gne·

432 2163 567 2246 ruem,
601 2161 815 2230 Snentosluns
843 2162 1032 2230 enstelisnus
1057 2160 1097 2226 ‹ie
1118 2158 1237 2240 Nekili,
1263 2159 1408 2226 Andreas
1428 2158 1534 2242 iudex,
1563 2161 1673 2228 Zbilnt
1697 2163 1738 2232 de
1762 2165 1878 2234 Kozeiz
1902 2185 1975 2235 eum

432 2265 498 2334 onie
519 2263 594 2334 iliis
614 2264 741 2334 Zbilnto
761 2271 795 2334 et
815 2265 1012 2350 Drogomiro‚
1030 2262 1186 2331 Heminns
1208 2261 1389 2346 aputeum
1410 2260 1452 2330 de
1472 2260 1641 2349 Neetynini
1662 2271 1697 2334 et
1717 2267 1773 2334 elii
1792 2287 1885 2352 quem
1904 2268 1976 2354 piu.

430 2385 483 2438 res
503 2365 661 2453 ideiigni.

534 2571 663 2658 Ianknn,
683 2575 796 2642 letne.
839 2573 960 2657 Nuitili
982 2575 1096 2639 Notio.
1139 2570 1267 2654 Kozola,
1288 2574 1453 2638 Kozielrto.
1496 2571 1676 2659 Neezynioi,
1698 2575 1765 2640 ‹izii
1782 2579 1954 2658 Nieezujnu

1097 2937 1173 3026 Nn.
1205 2933 1306 3025 368.

412 3113 415 3120 ¹
533 3135 728 3253 Bolosluns
755 3137 832 3220 iux
848 3135 1001 3220 Polonie
1017 3133 1172 3218 iiuioris
1189 3136 1322 3216 1258
1338 3133 1441 3218 Febr.
1459 3139 1547 3236 22,
1572 3135 1616 3218 in
1631 3134 1798 3239 Pomm
1815 3076 1978 3224 sonnms

331 3342 334 3348 .
431 3274 627 3361 puviiegium
653 3275 737 3361 quoi
762 3276 892 3343 dederet
924 3273 1114 3341 monasterio
1138 3271 1179 3339 de
1208 3270 1327 3339 Lubin:
1356 3252 1589 3338 Wloiislens
1615 3253 1694 3337 dux
1725 3275 1885 3357 mugnus
1910 3255 1976 3339 Po·

430 3377 600 3462 ionorum
625 3381 739 3460 1181
765 3377 847 3479 (iit)
874 3375 957 3459 But.
982 3379 1069 3473 26,
1095 3374 1139 3457 in
1162 3373 1302 3474 Irubln,
1321 3409 1381 3459 nee
1397 3407 1463 3459 non
1480 3397 1515 3459 et
1528 3392 1757 3477 possessionem
1770 3393 1908 3460 omnium
1921 3392 1977 3461 bo·

433 3515 546 3566 norum
567 3497 706 3567 eiusdem
726 3498 918 3565 monusten’i
1973 3553 1977 3560 .

401 3612 405 3619 '
537 3605 678 3683 &pose
700 3605 816 3683 epatre
859 3604 909 3666 No
929 3599 1265 3680 musmonem
1286 3600 1482 3680 cummi
1506 3601 1732 3680 przynimono
1746 3597 1870 3686 penge
1891 3600 1978 3666 Boio·

434 3706 534 3770 dm
552 3705 682 3790 keipeim
702 3713 848 3782 (plectet
864 3712 961 3776 xvii.

538 3804 674 3872 eom
717 3808 834 3885 tuum.
859 3807 964 3871 Seuere
984 3807 1075 3870 Arci.
1097 3805 1196 3869 Lumo
1217 3805 1249 3870 2.

536 4007 575 4076 In
596 4008 721 4076 nomine
741 4008 860 4076 domini
881 4007 942 4076 Dei
962 4008 1064 4076 eterni
1085 4027 1187 4076 umen.
1222 4006 1347 4088 Quanto
1365 4007 1467 4074 meior
1487 4014 1522 4075 et
1539 4007 1636 4075 nltior
1656 4013 1706 4077 est
1724 4027 1866 4092 persone,
1888 4014 1979 4078 tento

433 4111 528 4181 debet
548 4131 661 4181 ournre
679 4113 813 4194 oeueins,
840 4118 879 4192 nt
899 4130 937 4178 ee
958 4131 1020 4196 qne
1039 4113 1123 4198 gerit
1149 4111 1278 4196 negotiu
1302 4110 1408 4178 nullus
1433 4111 1535 4195 possit
1560 4128 1724 4194 prooessns
1753 4112 1902 4196 temporis
1921 4113 1979 4178 im·

362 4273 366 4280 .
435 4214 555 4300 pedire:
577 4214 659 4283 solet
678 4215 761 4281 enim
783 4213 963 4299 frequenter
991 4215 1144 4297 uendere,
1171 4215 1256 4300 quod
1283 4214 1428 4280 humenis
1454 4213 1578 4280 entibus
1594 4218 1776 4298 -ettemptut
1803 4214 1980 4298 euiumpnie

434 4316 604 4386 noveremi
648 4315 801 4384 Noverint
821 4317 920 4400 igitur
939 4318 1077 4384 universi
1099 4318 1156 4384 tilii
1177 4323 1287 4399 sancte
1308 4316 1420 4382 metris
1442 4314 1582 4383 Eoeiesie
1610 4321 1773 4400 presentes
1800 4322 1834 4383 et
1861 4315 1979 4400 posteri

435 4419 573 4506 siquos
594 4438 723 4506 presens
743 4419 896 4503 scriptum
917 4420 1104 4503 pervenerit
1124 4419 1208 4504 quod
1228 4437 1287 4486 nos
1307 4417 1473 4485 Bolesieus
1494 4417 1554 4485 Dei
1574 4419 1679 4503 gretie
1691 4419 1756 4484 dux
1769 4418 1896 4486 Polonie
1910 4418 1979 4485 iiu-

434 4521 521 4606 ioris,
542 4522 737 4591 revolventes
756 4522 789 4588 in
809 4523 915 4590 onimo
933 4523 987 4607 pie
1004 4521 1090 4589 fecte
1110 4523 1162 4588 uvi
1183 4521 1284 4588 nostri
1306 4519 1406 4587 ielieis
1427 4521 1577 4588 memorie
1606 4521 1696 4588 ducis
1716 4520 1889 4595 Wlndislni,
1918 4538 1980 4604 qne

435 4621 511 4693 ierit
529 4624 638 4694 domei
659 4632 768 4693 ennete
786 4624 888 4692 Muris
908 4625 942 4691 in
963 4624 1067 4691 Lubin
1085 4632 1119 4692 et
1139 4623 1292 4691 iratribus
1312 4623 1346 4690 iu
1367 4641 1406 4690 ee
1426 4624 1628 4692 manentibus
1647 4622 1776 4692 Ordinis
1796 4622 1897 4690 suncti
1920 4621 1980 4690 Be·

433 4719 563 4811 medieti
585 4728 627 4795 ob
648 4728 782 4798 sulutem
803 4729 899 4796 etium
919 4729 1023 4795 anime
1044 4733 1162 4809 nostre,
1184 4725 1226 4794 sd
1245 4725 1430 4794 instnntinm
1448 4727 1508 4793 viri
1528 4726 1650 4812 providi
1670 4732 1705 4794 et
1726 4725 1849 4793 honesti
1862 4724 1980 4792 domini

432 4828 538 4898 Iueobi
560 4829 695 4914 mistis,
716 4850 840 4899 omnem
860 4830 1040 4900 libertatem
1061 4837 1096 4898 et
1117 4831 1328 4913 demtionem,
1357 4831 1446 4898 uelut
1471 4829 1505 4897 in
1527 4831 1691 4916 privilegio
1711 4849 1732 4898 e
1754 4826 1875 4913 preieto
1899 4827 1979 4896 duee

434 4929 521 5017 (into,
542 4933 577 5001 in
597 4933 681 5001 hune
699 4933 825 5001 modum
847 4935 1059 5003 eontinentem
1081 4933 1311 5002 ooutirmemus.
1355 4933 1517 5014 (Sequitur
1537 4939 1670 5016 diploma
1691 4936 1746 4998 Nr.
1767 4932 1855 5008 119).

536 5034 588 5105 He
605 5041 682 5104 snnt
702 5037 776 5103 ville
799 5055 873 5121 sepe
899 5036 1064 5105 memorati
1086 5036 1285 5104 monosterii:
1312 5036 1416 5120 ipsum
1439 5035 1545 5103 Lubin
1570 5053 1642 5103 eum
1670 5033 1814 5101 omnibus
1842 5030 1980 5102 sortibus

335 5135 339 5143 '
436 5137 679 5224 nrmmquuque
696 5137 922 5220 redimentibus,
945 5138 1108 5207 cumeneo
1127 5145 1201 5224 post
1220 5157 1318 5206 unum
1341 5139 1555 5206 uenturionem
1577 5145 1611 5206 et
1631 5154 1740 5204 omnes
1761 5134 1834 5202 ville
1850 5137 1892 5204 ui
1909 5155 1982 5206 erum

437 5238 641 5325 pertinentes,
670 5259 742 5310 enm
766 5240 923 5311 solutione
951 5248 1065 5325 strom,
1091 5247 1174 5324 stum
1201 5260 1306 5324 nmnz,
1336 5259 1435 5327 povoz
1462 5258 1532 5309 oum
1566 5239 1637 5310 eliis
1664 5237 1888 5314 motionibus.
1931 5239 1982 5316 fle
