4860 6180
1806 304 1883 382 esa
1948 272 1950 276 ⁴

335 523 399 588 rac,
419 525 441 574 a
461 525 569 592 ponec,
589 504 754 593 aprevod
777 526 798 573 a
818 495 979 590 pedsonne
1008 505 1091 592 (sic),
1112 526 1133 576 a
1152 506 1248 575 castri
1279 506 1437 590 citatione,
1464 528 1485 575 a
1513 508 1601 592 bove,
1623 529 1645 577 a
1664 526 1776 588 saeca3
1806 504 1885 573 nulli

334 609 433 676 ωἰαω
454 610 626 678 castellano
647 611 810 678 subiacere
832 615 1010 676 tencantur.
1053 610 1264 677 nomicidium
1286 617 1501 695 perpetratum
1520 613 1605 678 inter
1626 611 1744 679 incolas
1765 616 1799 677 ct
1822 615 1886 675 ter·

336 709 438 778 minos
457 711 612 780 dictamno
633 709 873 796 proprietatum,
895 712 1012 779 tratres
1030 713 1142 781 domm
1163 715 1284 799 Templi
1306 733 1364 799 pro
1385 732 1419 781 sc
1434 720 1569 795 tantum,
1591 714 1726 782 exclusis
1740 711 1886 779 omnibus

336 811 417 894 aliis,
436 814 612 899 percipiant
633 835 671 881 ex
693 816 831 897 inupm3
855 812 993 881 iudicare
1014 817 1113 882 eciam
1133 815 1272 883 lmbumt
1289 835 1397 884 omues
1418 835 1531 885 causus
1553 836 1667 900 parvas
1688 822 1722 883 et
1743 832 1884 897 magnos,

337 913 475 999 ciusdem
496 914 602 983 iudicii
625 915 745 983 fruetus
766 916 964 998 irntmmliter
986 916 1194 1001 percipiendo.
1229 918 1319 1003 Ipsos
1341 939 1414 987 vero
1436 921 1645 1004 proprietates
1664 923 1816 1001 perpetuo
1830 915 1886 984 ab·

337 1016 485 1085 solvimus
505 1020 547 1087 ab
568 1019 711 1087 omnibus
733 1019 949 1087 exactionibus
967 1039 1029 1104 que
1049 1039 1133 1087 nunc
1154 1028 1230 1087 sunt
1250 1028 1284 1088 et
1304 1042 1451 1107 processu
1474 1022 1624 1106 temporis
1645 1025 1796 1103 poterunt
1809 1038 1885 1086 exo·

337 1118 404 1202 rlrl,
422 1136 610 1205 quacunque
623 1123 748 1189 nomine
769 1128 966 1203 censeantur,
988 1124 1071 1188 sicut
1092 1122 1124 1187 in
1145 1122 1308 1207 privilegio
1329 1125 1380 1190 avi
1402 1126 1504 1191 nostri
1525 1124 1603 1190 dicti
1624 1121 1770 1205 superius
1784 1119 1887 1186 conti·

337 1227 440 1291 netur.
455 1258 499 1273 -
515 1259 551 1274 -
570 1223 689 1292 Datum
710 1225 743 1291 iu
756 1223 884 1291 Poznan
898 1243 981 1292 anno
995 1225 1098 1308 matie
1113 1223 1240 1292 Domini
1254 1225 1354 1293 blec
1363 1225 1545 1310 mxxnn,
1568 1224 1675 1293 Nonas
1689 1221 1886 1289 Novembris.

439 1393 633 1477 Qummano
655 1417 673 1460 z
694 1400 860 1461 nimirem
887 1398 1084 1472 Ouortseben.
1114 1394 1259 1478 Velenus,
1277 1396 1404 1478 pdiuidj
1415 1420 1433 1460 z
1448 1403 1535 1463 niem
1551 1391 1773 1477 Grossendori
1793 1412 1887 1474 prue-

337 1501 502 1577 ocptorbmn
527 1497 784 1579 Ternplariuszdm
806 1501 902 1564 oredo
918 1502 1033 1564 milla

560 1682 586 1764 ί
1007 1727 1081 1812 Nn.
1114 1719 1217 1813 517.

440 1853 628 1972 iohannes
656 1888 847 1992 episeopus
873 1888 1114 1972 Pomaniens.
1140 1893 1278 1971 1282
1303 1889 1394 1973 lion.
1412 1893 1461 1988 6,
1487 1889 1530 1973 in
1547 1848 1729 1991 banacim
1750 1923 1887 1974 ommu-
1990 1935 1992 1939 <
2021 1935 2026 1945 -
2058 1933 2061 1939 ·

338 2010 389 2074 tat
407 2005 514 2074 vlllam
535 2007 687 2076 eeclesiae
709 2026 786 2075 suae
806 2008 925 2076 dictam
946 2008 1063 2094 Iiatyd,
1086 2028 1157 2076 cum
1179 2009 1255 2075 villa
1275 2010 1458 2077 monasterii
1483 2009 1524 2077 de
1541 2009 1612 2094 bad
1640 2009 1766 2076 nomine
1787 2007 1886 2075 Skar-

336 2107 490 2192 boszevo,
511 2114 546 2176 et
566 2109 788 2177 limitationem
809 2111 1005 2195 quarundam
1027 2109 1174 2177 villanum
1194 2111 1359 2195 utriusque
1379 2111 1482 2195 partis
1503 2111 1628 2178 statuit

339 2313 348 2330 ·
445 2214 640 2330 Dcosuacnrpt
653 2232 736 2294 oryp.
747 2217 975 2294 petromoso
985 2233 1096 2294 przcz:
1110 2211 1254 2280 Andreas
1267 2213 1403 2297 episcop.
1418 2212 1623 2281 Pompieus.
1640 2210 1723 2280 1298
1738 2212 1816 2296 Apr.
1833 2210 1887 2294 25,

338 2331 372 2381 ¹¹¹
393 2311 578 2484 Ἥ.
622 2419 742 2483 Arelate.
769 2419 902 2499 Capituli
926 2420 954 2495 1,
976 2420 1008 2486 8.

441 2585 480 2654 ln
498 2586 625 2654 nomine
646 2586 773 2655 Domini
794 2607 896 2658 amen.
941 2587 1021 2656 Cum
1042 2589 1195 2657 memoria
1216 2588 1350 2658 bominis
1371 2608 1436 2657 una
1456 2607 1528 2657 cum
1552 2588 1678 2657 bomine
1705 2585 1831 2655 decidat
1856 2592 1890 2654 et

337 2693 471 2770 meat,
493 2688 622 2774 expedit
642 2695 681 2757 ut
700 2696 860 2774 gestarum
884 2709 990 2759 rerum
1011 2691 1108 2760 series
1129 2692 1322 2760 inscribatur
1341 2691 1533 2760 litteralibus
1552 2689 1758 2772 documentis,
1779 2694 1817 2756 ut
1830 2708 1890 2775 pro

337 2789 384 2856 eis
405 2808 467 2875 que
488 2809 509 2858 a
529 2793 680 2860 memoria
698 2792 912 2876 revolvuntur,
930 2813 1130 2862 recurramus
1153 2800 1259 2861 tamen
1281 2793 1321 2860 ed
1338 2794 1500 2878 speculum
1522 2793 1572 2861 vel
1593 2792 1762 2876 exemplar.
1805 2790 1889 2859 Hinc

337 2891 493 2976 estquod
513 2911 572 2961 nos
593 2893 749 2963 Iohannes
769 2896 830 2963 Dei
850 2897 955 2980 grstia
976 2897 1140 2981 episeopus
1160 2896 1383 2964 Poznauiensis
1404 2915 1469 2963 una
1486 2914 1558 2962 cum
1579 2912 1733 2963 consensu
1749 2892 1889 2978 capituli

339 2994 442 3062 nostrl
462 2994 686 3064 Poenauiensis
704 3004 818 3065 notum
837 3016 906 3065 esse
921 2998 1064 3069 volumus
1078 2997 1223 3065 omuibus
1237 3004 1414 3082 presentem
1429 2997 1569 3065 litteram
1583 2996 1780 3080 inspecturis,
1803 2996 1887 3080 quod
1942 3047 1945 3052 .

341 3094 425 3164 inter
441 3094 500 3164 nos
522 3102 555 3166 et
575 3098 660 3166 viros
680 3099 853 3184 religiosos,
875 3099 1036 3167 dominum
1058 3099 1205 3168 abbatem
1225 3106 1260 3166 et
1281 3105 1467 3167 conventum
1480 3099 1521 3166 de
1539 3097 1647 3165 Lenda
1669 3095 1887 3165 cistersiensis

341 3197 480 3282 Ordinis,
501 3199 575 3268 talis
598 3208 779 3269 contractus
795 3202 862 3269 sine
884 3203 1088 3270 commutatio
1108 3201 1256 3268 villarum
1277 3203 1461 3270 intervenit:
1484 3200 1639 3282 videlicet,
1657 3199 1741 3284 quod
1755 3218 1813 3267 nos
1829 3201 1889 3285 ipsi

338 3301 466 3369 domino
484 3301 592 3370 abbati
614 3308 648 3370 et
666 3306 833 3372 couventui
856 3304 962 3371 villam
984 3312 1125 3372 nostram
1140 3304 1307 3373 Dratiuam
1321 3304 1494 3389 vulgariter
1516 3309 1726 3386 nuncupatam
1741 3301 1885 3369 dedimus

338 3403 404 3471 sire
426 3406 686 3473 commutavimus
707 3425 764 3491 pro
785 3407 862 3473 ville
880 3406 1020 3473 eiusdem
1042 3406 1167 3474 abbatis
1189 3414 1224 3474 et
1245 3412 1416 3474 conventus
1429 3404 1648 3485 Scarboszevo‚
1670 3402 1822 3471 addentes
1836 3403 1890 3471 lit·

338 3511 392 3573 tus
411 3505 451 3574 de
470 3506 546 3574 nilla
567 3515 676 3575 nostra
697 3507 831 3592 Slupcza
852 3510 1030 3577 molendino
1052 3511 1193 3593 ipsorum
1214 3510 1298 3593 quod
1328 3515 1379 3576 est
1401 3527 1497 3593 super
1522 3507 1657 3574 mvulum
1679 3505 1822 3588 Virbecn
1851 3524 1889 3574 eo

337 3607 422 3692 quod
440 3608 584 3693 predicta
605 3628 713 3676 eorum
735 3609 896 3678 hereditas
917 3611 1127 3678 Scarboszevo
1148 3629 1217 3678 esse
1239 3611 1375 3695 amplior
1389 3610 1558 3690 rideretur,
1582 3627 1651 3676 cum
1666 3609 1812 3676 omuibus
1826 3610 1890 3676 uti·

337 3708 737 3794 buatmpiscationibus
759 3713 968 3797 stellisque
994 3713 1027 3779 in
1048 3714 1147 3796 ipsius
1176 3712 1345 3781 molendini
1375 3718 1488 3796 stagno
1516 3713 1655 3795 poterint
1683 3711 1827 3794 inveniri,
1856 3719 1891 3778 et

337 3811 419 3878 dam
440 3811 480 3878 ad
499 3812 603 3896 ipsum
624 3812 838 3881 molendinum
859 3832 897 3881 ae
916 3821 1032 3880 tenum
1053 3814 1092 3881 de
1114 3814 1256 3898 predicto
1275 3814 1382 3881 littore
1403 3833 1461 3898 pro
1483 3820 1595 3898 stagno
1616 3813 1791 3898 reparando
1813 3833 1889 3883 con·

338 3912 488 3980 maianus
509 3913 697 3983 fodiendam.
742 3914 901 3997 Prolem,
923 3916 1075 3999 quidquid
1097 3915 1313 4000 ambiguitatis
1334 3935 1429 4000 super
1450 3917 1522 3983 aliis
1544 3915 1629 3983 villis
1647 3917 1782 3984 uostris:
1811 3917 1890 3984 Gol-

338 4015 446 4098 eocici,
469 4015 608 4084 Czeczici
628 4024 661 4084 et
682 4016 840 4098 Poliezko‚
863 4023 897 4084 et
919 4019 995 4084 villu
1014 4019 1113 4102 ipsius
1135 4018 1254 4084 domini
1275 4017 1398 4085 abbatis
1419 4022 1451 4084 et
1474 4025 1644 4085 conventus
1666 4018 1808 4086 larosino
1835 4037 1892 4086 no·

337 4117 459 4185 minata
476 4118 647 4186 excitatum
671 4119 775 4187 fuerat
796 4126 830 4187 et
849 4129 1003 4202 exortum,
1026 4121 1135 4187 taliter
1150 4120 1295 4187 duximus
1310 4118 1580 4203 complanandum,
1603 4120 1687 4203 quod
1702 4121 1748 4186 illi
1763 4123 1889 4188 termini

337 4219 541 4288 sinelimites
563 4221 776 4305 predictarum
798 4223 944 4290 villarum
966 4222 1117 4290 deberent
1138 4242 1195 4306 per
1216 4222 1353 4288 medium
1373 4220 1481 4303 dividi,
1504 4222 1536 4287 in
1558 4222 1672 4305 quibus
1698 4223 1799 4287 maior
1820 4242 1890 4290 esse

338 4322 527 4407 ambiguitas
548 4323 683 4391 videtur.
726 4323 764 4390 In
787 4327 875 4393 cuius
899 4327 944 4393 rei
966 4325 1063 4392 robur
1083 4331 1117 4391 ct
1139 4325 1331 4406 memoriam,
1352 4331 1530 4406 presentem
1552 4325 1693 4390 litteram
1723 4332 1889 4393 nostrast

338 4425 438 4492 nostri
470 4425 609 4509 Capituli
636 4426 747 4510 sigillis
776 4427 905 4495 lecimus
938 4428 1089 4496 roborari.
1141 4427 1260 4494 Datum
1288 4429 1319 4492 iu
1351 4426 1495 4492 Ccnszlm
1521 4445 1618 4505 anno
1636 4425 1762 4492 Domini
1796 4427 1886 4495 MCC

337 4527 527 4608 octogesimo
549 4528 696 4609 moundo,
716 4535 828 4597 octavo
850 4530 924 4597 blus
945 4529 1140 4609 Novembris,
1164 4529 1362 4612 presentibus
1384 4528 1461 4595 biis:
1484 4528 1610 4595 domino
1632 4528 1753 4595 Tlroma
1775 4549 1887 4612 procu·

338 4634 444 4695 ratane
464 4635 499 4695 et
519 4636 649 4696 cantore
670 4630 886 4713 Pounanicnsi,
909 4633 1058 4714 magistro
1090 4631 1241 4696 blimslao
1270 4630 1419 4695 carnonico
1448 4629 1636 4711 Grreuucusi,
1663 4631 1814 4712 magistro
1836 4633 1891 4699 lti-

337 4732 424 4799 nerio
446 4730 624 4799 Gneznensi
647 4735 807 4816 musaico,
829 4734 955 4801 domiuo
978 4734 1110 4802 valtero
1131 4733 1294 4816 capellano
1316 4733 1402 4800 cuu'e
1425 4732 1524 4816 ipsius
1553 4732 1671 4798 donnini
1693 4733 1830 4818 episcopi
1858 4741 1891 4801 et

337 4831 489 4900 Vlostone
507 4833 672 4917 scriptore

440 5003 558 5086 lenda,
581 5007 657 5090 Lod.
701 5005 845 5087 Brutina,
871 5005 982 5085 Bromi.
1012 5004 1246 5088 Skarbosuewo,
1269 5005 1397 5090 Slnpea,
1420 5004 1595 5072 lllicmbice
1610 5006 1739 5088 rivulus,
1759 5008 1825 5071 deul
1840 5012 1892 5072 tob

336 5119 429 5173 omno.
482 5106 655 5189 uolonum,
694 5106 843 5175 Gotl‘cmnj
896 5107 1047 5191 Cnecuici,
1079 5112 1245 5174 bziedzice.
1289 5109 1428 5190 Peliala,
1462 5108 1689 5193 Italusuynuce'i
1718 5113 1771 5174 tul
1802 5130 1892 5175 sceno.

338 5207 493 5291 Constitu,
519 5209 644 5297 Ciqiprl.

1682 5332 1734 5387 ol·
