4860 6180
436 280 510 354 430

432 485 538 548 numm
560 479 614 565 qni
636 488 747 548 conam
769 485 907 548 tenorem
930 479 1165 546 constitutionis
1186 481 1341 563 presentis
1356 481 1531 566 receperint
1546 479 1691 560 vicarias,
1713 495 1842 545 suornm
1856 473 1983 543 eulina·

360 601 364 610 ·
432 583 552 649 riorum
573 580 706 649 arbitrio
729 584 933 667 relinquimus
956 583 1139 666 prrniemles.

538 721 582 782 oe
605 740 665 783 rum
687 725 818 784 irrrtunin
840 725 1080 798 ‹enimn-nimum
1102 712 1251 785 rmicmtr.
1298 721 1539 787 Coniuratiouoe
1561 727 1594 787 et
1609 715 1859 800 conspirationes
1873 719 1907 780 ct
1921 713 1984 778 cul·

433 819 599 904 ligationes
622 820 705 887 iuter
726 840 875 904 lunsnnas
896 819 1134 900 ecclesiasticas,
1157 840 1353 905 qrroemuque
1376 823 1478 902 ιιιιιιιο,
1501 822 1610 890 frande
1632 819 1681 884 rel
1696 818 1832 899 tingente,
1858 817 1985 882 onrrdno

432 922 474 989 do
495 928 599 990 cetrrrn
622 923 690 988 lieri
711 924 920 1005 probibemus,
943 923 1115 1005 tractansque,
1139 942 1196 988 run
1219 943 1280 988 nim
1304 925 1490 1005 iuramenta,
1513 921 1745 1007 promissiones,
1778 918 1986 1000 obligationes

433 1030 468 1092 et
488 1025 553 1091 alia
573 1044 668 1110 stipa·
689 1025 838 1108 prelictis
860 1026 1001 1108 presule,
1022 1025 1069 1090 nel
1092 1043 1153 1106 qne
1175 1026 1214 1090 de
1233 1033 1337 1091 cetere
1356 1045 1451 1107 srqmr
1473 1026 1518 1091 eis
1541 1024 1609 1090 lieri
1632 1021 1822 1103 coritiugeu't
1844 1019 1892 1086 rel
1915 1038 1987 1102 pre·

350 1149 354 1155 ·
434 1128 523 1210 stari,
544 1133 603 1193 arnt
621 1146 729 1193 earum
751 1129 922 1207 occasione,
939 1127 1064 1210 protritus
1081 1127 1293 1209 relnnbanms,
1315 1127 1525 1207 dissolvimus,
1548 1135 1646 1209 atque
1668 1142 1844 1191 cassamus:
1866 1126 1901 1188 et
1920 1141 1985 1200 cns,

435 1229 490 1313 qui
511 1227 689 1294 huinsnrmli
711 1228 941 1310 promissimus,
964 1226 1170 1311 obligationes
1193 1235 1249 1294 aut
1278 1229 1375 1294 etiam
1402 1230 1589 1308 iuramenta,
1617 1228 1676 1292 snb
1703 1225 1862 1308 aliquibus
1890 1224 1985 1290 etiarn

434 1329 623 1415 pecuniariis
645 1329 693 1394 nel
715 1329 786 1395 aliis
808 1330 896 1411 penis
917 1330 1058 1396 lecerunt
1079 1336 1136 1395 aut
1157 1332 1252 1396 etium
1275 1332 1493 1412 qnestiternnt,
1509 1331 1654 1415 protinus
1669 1329 1877 1408 absolventes,
1901 1327 1987 1409 ipsos

435 1431 633 1498 incoluimus
654 1431 696 1496 ad
718 1431 965 1498 observationem
980 1434 1241 1512 minimatimmrn,
1265 1433 1531 1515 conspirationum
1546 1440 1580 1498 ct
1594 1432 1821 1515 obligationum
1836 1431 1987 1514 ipsanuu,

434 1533 486 1601 nel
502 1534 690 1600 solutionem
711 1534 887 1617 aliquarum
909 1554 1059 1618 penarum
1081 1536 1147 1601 sive
1168 1536 1372 1617 lncmrimum
1394 1534 1594 1618 aliquatenus
1617 1553 1680 1600 non
1695 1533 1805 1599 teneri.
1836 1532 1988 1598 Statucn·

436 1641 496 1718 tes,
518 1636 602 1720 quod
624 1636 678 1721 qui
701 1636 734 1702 in
754 1636 870 1703 talibus
891 1637 931 1702 de
951 1644 1055 1705 cetero
1077 1638 1196 1703 inventi
1217 1637 1335 1703 luerint
1356 1638 1536 1719 excessisse,
1564 1644 1672 1721 preter
1693 1634 1989 1703 excommunicatio-

436 1755 507 1805 nem
530 1754 626 1820 quam
645 1737 713 1822 ipso
746 1736 829 1805 lacto
858 1738 1030 1820 incurrant,
1060 1760 1081 1806 a
1107 1740 1173 1804 suis
1199 1739 1375 1807 ‹liooesanis
1406 1747 1463 1805 ant
1495 1740 1566 1806 aliis
1595 1739 1661 1805 suis
1688 1737 1903 1822 superioribus
1931 1754 1989 1818 per

435 1839 643 1932 privationem
664 1846 850 1924 perpetuam
871 1847 936 1908 ent,
948 1842 1044 1908 etiam
1061 1842 1272 1925 temporalem
1293 1841 1514 1909 beneficiorum
1533 1860 1593 1925 que
1616 1841 1760 1908 obtinent
1779 1846 1813 1907 et
1835 1840 1914 1906 alins
1934 1857 1988 1921 pc·

359 1960 362 1966 ·
436 1960 495 2010 aas
516 1933 625 2010 taliter
646 1944 849 2026 castigentur,
872 1944 956 2027 quod
977 1964 1060 2028 pena
1081 1947 1221 2030 ipsorum
1243 1950 1387 2011 transeat
1404 1944 1476 2010 aliis
1507 1943 1541 2010 in
1563 1942 1749 2026 exemplam.
1795 1942 1895 2022 Quam
1916 1959 1990 2007 con-

399 2089 407 2107 .
436 2045 633 2112 stioaionem
655 2050 809 2128 qnantum
830 2045 870 2111 ad
892 2065 989 2130 penas
1010 2048 1226 2130 imponendas,
1249 2047 1289 2113 ad
1312 2046 1525 2129 promotiones
1540 2064 1596 2112 seu
1609 2045 1815 2111 modiationes
1834 2043 1990 2127 prodicta·

436 2165 507 2214 mm
526 2147 786 2227 coniurationum,
816 2149 1091 2231 conspirationum,
1122 2149 1367 2232 colligationum,
1398 2149 1656 2230 incrementorum,
1689 2147 1932 2230 promissionum
1958 2149 1991 2212 et

436 2249 663 2335 obligationum
680 2249 903 2332 predictarum,
924 2251 1051 2318 mtendi
1071 2252 1216 2318 volumus
1237 2257 1271 2318 et
1291 2250 1488 2318 mandamns.

542 2390 662 2465 Infirmi·
683 2406 703 2450 o
723 2390 867 2466 parociae
887 2394 1086 2453 eonneaimdi.
1117 2388 1302 2470 Statuimus,
1324 2386 1410 2470 quod
1431 2406 1529 2470 quum
1549 2405 1589 2454 er
1610 2384 1837 2452 deliberatione
1852 2383 1989 2463 clondi-

437 2489 566 2558 aationc
586 2491 814 2574 episcoporum,
836 2490 1138 2574 archiepiscoporum
1160 2497 1194 2558 et
1214 2492 1349 2559 aliorum
1371 2491 1612 2570 ordinariorum,
1633 2486 1778 2572 synodus
1793 2486 1891 2554 fucrit
1911 2487 1992 2554 cele-

436 2591 560 2660 branda
580 2611 637 2676 per
657 2591 746 2673 duos,
768 2598 834 2658 tres
855 2592 904 2658 vel
926 2597 975 2658 tot
995 2593 1062 2660 dies
1083 2594 1139 2677 qui
1154 2594 1296 2661 sulficere
1311 2593 1489 2675 rideantur,
1511 2599 1683 2676 uniloquam
1699 2610 1732 2657 se
1747 2596 1869 2675 ponant
1890 2591 1923 2656 in
1940 2591 1992 2656 ria

437 2694 532 2762 eundi
553 2694 596 2762 ad
617 2693 788 2778 Synodnm,
810 2701 948 2762 rectores
969 2697 1197 2780 parochialium
1218 2697 1421 2763 ecclesiaram
1443 2713 1614 2778 earumque
1637 2695 1781 2778 perpetui
1807 2694 1917 2760 neorii
1937 2693 1992 2776 qui

438 2795 479 2865 ad
497 2795 719 2880 procidendum
740 2797 866 2881 Synodo
888 2798 1026 2865 faciende
1048 2798 1166 2866 ineunt
1186 2799 1377 2883 generaliter
1403 2800 1468 2866 sire
1499 2798 1679 2882 specialiter
1704 2814 1761 2863 seu
1788 2796 1994 2880 singulariter

438 2900 569 2981 mecca,
591 2899 759 2983 diligenter
780 2901 943 2985 inquirant
962 2902 989 2967 si
1011 2902 1067 2985 qui
1088 2902 1153 2967 sint
1174 2902 1291 2968 intirmi
1313 2920 1371 2968 sen
1392 2900 1510 2968 debiles
1532 2901 1566 2967 in
1588 2900 1747 2986 parochiis
1773 2901 1851 2982 suis,
1877 2916 1993 2981 cosque

438 3003 569 3070 visitem
589 3002 685 3070 etiam
707 3021 771 3068 non
791 3003 945 3087 requisiti,
968 3008 1001 3070 et
1022 3002 1140 3070 iaciant
1163 3003 1248 3071 circa
1268 3022 1322 3071 cos
1350 3003 1505 3088 quidquid
1525 3021 1655 3071 neomse
1682 3000 1787 3069 tnemt'
1807 3003 1849 3070 nd
1874 3001 1994 3069 ardma-

438 3123 510 3171 ram
531 3105 676 3173 salntem.

544 3244 685 3308 Indictcc
708 3246 824 3323 Spandi
841 3247 1013 3324 ‘mindae
1035 3252 1064 3306 et
1086 3248 1185 3308 cultus
1205 3248 1239 3307 ia
1258 3249 1361 3310 iisdem
1382 3248 1587 3325 aenrpondre.
1632 3242 1810 3310 statuimus
1839 3242 1939 3310 etiam
1960 3248 1994 3309 et

439 3346 637 3430 precipimus,
659 3353 702 3411 ιιι·
718 3363 826 3412 omnes
847 3352 913 3411 tam
935 3345 1212 3428 regularesquam
1234 3347 1392 3415 seculares
1414 3348 1447 3413 in
1468 3347 1676 3430 dignitatibus
1697 3365 1753 3412 sen
1772 3345 1994 3429 personatibus

440 3449 615 3531 constanti,
640 3449 681 3514 ad
703 3448 806 3515 locum
828 3448 912 3513 illins
934 3446 1177 3529 metropolitane
1195 3449 1228 3513 in
1248 3466 1313 3531 qna
1334 3448 1544 3533 provincialis,
1566 3456 1600 3517 et
1612 3449 1705 3515 illins
1728 3449 1861 3515 diocesis
1882 3450 1916 3515 in
1931 3466 1996 3532 qna

439 3550 625 3634 episcopalis
647 3550 792 3636 Synodns
813 3551 909 3617 luerit
930 3549 1124 3632 celebranda,
1148 3551 1286 3632 remant,
1309 3551 1371 3617 nisi
1392 3552 1603 3618 remanserint
1629 3551 1670 3619 de
1696 3570 1826 3618 snorum
1854 3552 1995 3635 superio·

438 3670 509 3719 mm
541 3654 669 3720 licentia
702 3656 831 3738 speciali
863 3655 902 3720 de
930 3671 1064 3737 quornm
1090 3654 1288 3722 ordinatione
1314 3654 1459 3738 Synodus
1480 3652 1576 3721 inerit
1594 3652 1751 3722 iacienda:
1778 3661 1813 3721 et
1837 3655 1865 3720 si
1887 3654 1996 3721 talita

438 3754 581 3840 impediti
602 3756 719 3823 luerint
737 3756 822 3840 quod
844 3756 884 3823 ad
905 3756 1065 3840 Synotnm
1086 3757 1193 3822 venire
1214 3776 1277 3823 non
1299 3758 1432 3840 possint,
1464 3757 1639 3841 legitimum
1665 3765 1883 3824 exornatorem
1905 3757 1996 3824 cleri·

439 3874 520 3941 cum,
543 3877 614 3926 cnm
636 3859 728 3943 pleno
750 3860 899 3926 manclato
922 3860 962 3926 nd
984 3861 1211 3943 acceptandum
1234 3867 1268 3927 et
1289 3861 1503 3943 recipiendum
1525 3878 1563 3927 ea
1591 3878 1652 3944 qne
1673 3861 1708 3926 in
1730 3860 1856 3944 Synodo
1878 3858 1997 3926 inerint

438 3960 594 4042 ordinata,
616 3963 846 4029 transmittunt.
892 3962 928 4026 ln
950 3963 1051 4028 eundo
1074 3971 1107 4028 et
1129 3963 1289 4029 calcando
1311 3965 1444 4030 honeste
1471 3961 1636 4030 ambulent
1666 3969 1700 4029 et
1727 3962 1860 4029 honesta
1889 3963 1997 4046 acqui-

439 4072 512 4130 rant
533 4065 672 4148 hospitia
693 4072 727 4132 et
748 4066 781 4131 in
803 4067 849 4130 eis
872 4067 1094 4148 circumspecte
1115 4086 1150 4132 se
1169 4067 1307 4133 labeant
1329 4074 1362 4133 et
1383 4069 1534 4147 modeste,
1556 4084 1597 4132 ne
1619 4066 1695 4146 vita,
1723 4085 1836 4147 mores,
1864 4071 1899 4131 et
1927 4084 1996 4149 ges·

442 4171 494 4232 tus
515 4168 710 4249 clericmam,
732 4168 848 4251 populo
872 4169 948 4234 tinnit
970 4171 1002 4234 in
1021 4170 1204 4236 scandalum
1225 4180 1258 4237 ct
1281 4177 1505 4256 contemptum.
1536 4169 1689 4250 Quinem
1711 4189 1750 4235 ex
1765 4188 1860 4235 causa
1882 4168 1923 4235 ad
1939 4169 1997 4253 Sy-

439 4270 555 4337 nodum
578 4272 624 4336 ire
642 4271 691 4337 nel
714 4273 820 4337 venire
843 4291 905 4337 non
928 4279 1069 4354 possunt,
1092 4292 1162 4337 enm
1185 4273 1423 4354 archidiaconis,
1444 4281 1477 4340 et
1498 4272 1710 4339 archidiaconi
1733 4273 1799 4339 suis
1821 4272 1997 4339 diocesanis

436 4373 586 4440 studeant
606 4375 763 4439 nunciare.
809 4375 945 4453 Quodsi
968 4376 999 4439 in
1023 4376 1172 4441 renuendo
1194 4383 1227 4441 et
1249 4377 1466 4443 denunciando
1489 4376 1708 4443 mtionabilem
1732 4394 1871 4455 canam,
1892 4375 1994 4458 negli-

438 4482 548 4558 gentes
577 4495 634 4541 sen
660 4482 891 4558 contemptores
917 4479 1090 4558 extiterint,
1121 4479 1161 4544 ad
1190 4479 1428 4545 diocesannrum
1457 4498 1585 4545 snorum
1615 4478 1781 4544 arbitrium
1813 4479 1996 4561 puniantur.

439 4578 588 4647 Preterca
609 4584 788 4661 statuimus,
812 4580 895 4662 qum
915 4580 1149 4663 aielriepiseopi,
1173 4582 1323 4664 episcopi,
1347 4582 1478 4649 abbates
1500 4589 1533 4648 et
1552 4582 1686 4665 quilibet
1708 4582 1764 4648 alii
1795 4582 1849 4665 qui
1872 4602 1912 4648 ex
1934 4584 1998 4666 pri·

441 4682 552 4766 nilogio
573 4684 676 4748 mitris
698 4691 840 4763 ntuutnr,
865 4683 994 4763 mitrati,
1026 4704 1095 4749 enm
1123 4687 1361 4768 sumnpellieiis,
1388 4686 1479 4751 stolis
1510 4692 1543 4750 et
1572 4686 1681 4768 cappis
1708 4704 1765 4750 seu
1792 4684 1997 4768 pluvialibus

439 4787 590 4869 prepositi
623 4806 706 4866 sero,
746 4788 864 4868 prinus
900 4795 931 4850 et
964 4786 1019 4850 alii
1050 4787 1212 4850 interiores
1246 4776 1384 4870 prelati,
1415 4807 1486 4853 cum
1515 4789 1743 4872 superpelliciis
1780 4795 1813 4854 et
1845 4788 1937 4853 stolis
1970 4789 1998 4852 si

439 4887 561 4953 diaconi
594 4889 706 4953 saltem
740 4891 813 4968 siut,
840 4898 873 4953 et
905 4890 930 4951 si
963 4889 1067 4967 reliut,
1103 4889 1292 4970 ptnnaltlms
1325 4910 1380 4956 seu
1414 4893 1536 4973 eqrpis3
1571 4900 1709 4956 rectores
1746 4911 1819 4956 nero
1857 4897 1891 4958 et
1923 4891 1998 4956 situ·

439 4989 537 5075 plicas
569 4991 756 5071 sacerdotes,
791 5012 859 5055 num
893 4993 986 5056 celtis
1014 5012 1068 5056 seu
1103 4994 1331 5074 superpelliciis
1365 5003 1399 5059 et
1433 4996 1524 5058 stolis
1558 4997 1696 5074 tantuna
1734 4994 1890 5060 inferioris
1924 5013 1998 5060 vero

439 5099 542 5158 status
565 5097 613 5160 nel
637 5095 754 5160 enlinis
777 5095 892 5173 cleriei,
916 5115 986 5158 rum
1008 5097 1103 5160 cottis
1125 5096 1285 5179 spiriritum
1311 5099 1431 5162 iutmut
1457 5105 1489 5161 et
1514 5099 1545 5162 in
1567 5118 1606 5164 ea
1626 5098 1739 5164 devote
1762 5102 1795 5161 et
1817 5116 1888 5162 eum
1911 5115 1999 5162 rere·

441 5200 721 5283 martinusque!
748 5202 849 5276 lirnnn,
871 5201 928 5263 nisi
953 5219 1042 5265 casus
1066 5201 1265 5267 mcessitatis
1286 5202 1461 5280 ntrunserit,
1486 5206 1695 5281 perseverent.
1728 5199 1900 5276 lli-liginsns
1921 5219 1998 5284 quu-
