4860 6180
354 395 356 399 '
495 382 616 460 884.

494 591 585 655 tunm
618 585 815 656 immutabile
842 594 1031 674 perseveret
1075 587 1230 655 Noverint
1255 587 1353 672 igitm
1379 586 1518 654 universi
1547 591 1614 653 tam
1639 589 1803 670 presentes
1829 603 1924 669 quam
1950 579 2051 652 luturi

492 695 672 777 presentem
693 691 840 775 paginam
863 693 1045 777 inspecturi,
1067 691 1152 776 qnod
1172 710 1230 758 nos
1252 691 1417 782 Beleslaus
1439 690 1499 757 Dei
1521 689 1630 772 gracia
1654 689 1719 755 dux
1743 688 1874 754 Poleuie
1892 687 2050 755 heredite-

496 800 560 864 tem
581 793 752 878 quandum,
774 795 906 864 Saceine
928 796 1100 879 vulgariter
1120 801 1345 880 nuncupatam,
1368 793 1475 861 comiti
1498 792 1630 860 Nicolao
1644 790 1710 858 tilio
1725 791 1870 876 paletini,
1892 809 2051 858 succame·

493 895 579 965 rarle
599 897 817 979 Poznanierrsi,
840 918 897 983 pro
919 899 1109 965 fidelissimis
1130 899 1230 982 ipsius
1252 898 1393 966 serviciis
1406 896 1522 981 quibus
1536 895 1627 963 nobis
1641 894 1765 961 utiliter
1778 913 1816 961 nc
1830 893 2051 979 multipliciter
2119 961 2122 967 ,

493 998 663 1068 deservivit
683 1000 874 1067 contulimus
896 1002 963 1069 inre
986 1002 1174 1069 beralitario
1197 1020 1268 1069 cunr
1291 1002 1357 1068 suls
1378 1000 1514 1085 posteris
1544 999 1579 1064 in
1602 1004 1790 1083 perpetuum
1820 995 2050 1080 possidendam.

494 1102 714 1173 Concessimus
736 1104 865 1187 insuper
886 1110 920 1170 et
941 1105 1138 1172 concedimus
1160 1104 1261 1172 eidem
1283 1103 1391 1170 comiti
1412 1101 1554 1184 Nicoma,
1577 1107 1615 1167 ut
1636 1099 1810 1184 predictam
1841 1098 2050 1168 hereditatem

493 1205 593 1274 llbere
614 1206 721 1274 locare
742 1205 848 1273 valeat
869 1207 902 1271 in
921 1207 990 1274 iure
1007 1207 1210 1289 Tlreutauica
1230 1207 1401 1274 seeundum
1422 1205 1555 1271 formam
1577 1210 1611 1271 ct
1631 1202 1682 1269 ius
1703 1201 1788 1284 quod
1810 1202 1843 1267 in
1866 1200 1956 1270 Nove
1970 1202 2048 1285 lero,

493 1308 579 1377 dicte
611 1307 727 1390 Smrla,
757 1313 808 1375 est
840 1307 983 1375 habitum
1011 1317 1044 1376 et
1070 1310 1215 1378 babetur.
1259 1311 1341 1378 Acta
1369 1315 1444 1376 sunt
1469 1306 1528 1374 hee
1554 1325 1638 1374 anno
1661 1304 1789 1373 Domini
1817 1303 2050 1371 meelrevm

493 1407 694 1495 presentibus
706 1408 775 1475 biis
796 1409 949 1476 testibus:
973 1411 1113 1494 palatino
1135 1413 1306 1480 Kniisiensi
1327 1412 1442 1480 comite
1462 1409 1682 1489 Arcumboldo‚
1712 1407 1849 1476 queone
1877 1408 2050 1475 castellano
2192 1412 2195 1416 ’

493 1510 676 1594 dumiensi,
698 1509 789 1578 Sixto
809 1512 981 1580 castellane
1003 1514 1042 1582 de
1070 1515 1172 1595 Reda,
1201 1516 1344 1582 Itoseem
1374 1512 1602 1581 succamerurio
1631 1510 1811 1592 Kniisiensi,
1841 1510 1936 1578 Petro
1963 1512 2050 1580 dicto

493 1611 630 1695 Ioesene,
653 1612 812 1698 Boguslao
834 1613 1043 1698 subpincerue
1065 1617 1244 1697 Kniisiensi,
1266 1616 1397 1684 Nicolao
1419 1612 1620 1699 subdupilere
1648 1612 1830 1681 Kniisiensi.
1874 1613 1994 1682 Datum
2015 1613 2049 1680 in

496 1713 664 1802 Itobemce
684 1723 775 1784 sexta
796 1715 871 1784 Idus
889 1717 978 1785 Maii.
1022 1720 1059 1786 lu
1081 1723 1170 1789 cuius
1199 1721 1247 1790 rei
1275 1718 1545 1789 confirmacionem
1571 1722 1750 1802 presentem
1772 1717 1920 1802 paginam
1948 1716 2051 1784 nosni

493 1817 590 1905 sigilli
608 1819 782 1888 munimine
801 1817 932 1889 lecimus
953 1823 1148 1890 communiri.

600 2058 744 2143 Sncziuo,
776 2064 905 2142 Scczea
949 2062 1074 2130 Novum
1105 2061 1219 2144 domm,
1252 2065 1426 2138 Neummltt,
1457 2066 1535 2143 eryli
1563 2043 1665 2126 droca
1688 2080 1732 2125 aa
1758 2059 1902 2146 Sztpzlre.
1946 2058 2048 2136 ilerde,

495 2165 600 2232 dada
643 2162 779 2249 Iessene,
801 2165 916 2232 latet
959 2165 1132 2254 liobczyce,
1154 2172 1205 2234 aie
1225 2169 1424 2250 scandebat,
1442 2171 1525 2231 maie
1545 2167 1656 2260 mabar
1674 2183 1752 2231 zuar.
1775 2163 1963 2247 dobryrzerr.

1169 2568 1243 2654 Nc.
1274 2562 1375 2652 436.
1664 2689 1669 2702 ι

599 2796 798 2882 bolezlaus
826 2797 904 2880 dux
929 2796 1077 2881 Polemio
1104 2800 1244 2879 1268
1270 2797 1368 2900 lug.
1394 2801 1479 2894 26,
1511 2799 1603 2901 aput
1638 2795 1843 2900 decenam
1876 2819 2053 2882 emmens

345 2888 350 2896 ’
496 2916 588 2987 mur
619 2937 695 2987 sue
726 2918 918 2987 mermes
949 2924 983 2986 ee
1014 2918 1164 2987 nomm
1195 2937 1266 2987 eum
1302 2918 1379 2986 em
1409 2917 1520 2986 mnus
1552 2915 1640 2985 rect
1674 2913 1732 2984 sn
1766 2915 1932 3000 menae
1964 2916 2052 2985 nee

498 3018 745 3204 moenum
768 3120 886 3206 omen.
932 3127 980 3188 aa
999 3144 1129 3190 meze
1150 3098 1174 3188 ι’
1191 3106 1256 3190 seer
1267 3126 1420 3204 seroces
1441 3127 1545 3190 sees
1561 3123 1725 3189 camma.
1735 3091 1975 3230 perenm
1984 3127 2053 3204 pe

497 3223 571 3313 cred
592 3229 762 3292 comem
782 3229 914 3313 tarem
932 3234 1076 3306 praeese
1092 3237 1189 3299 xvc.

609 3332 753 3398 daim
797 3333 1074 3410 nonadecima
1094 3333 1254 3411 Metrepcl.
1277 3333 1332 3397 Nr.
1353 3331 1406 3395 33.
1453 3347 1454 3350 ’

601 3567 639 3635 In
661 3569 788 3637 nemine
809 3569 937 3636 Domini
957 3588 1058 3636 nmen.
1103 3568 1195 3636 Licet
1214 3575 1288 3636 aeta
1308 3568 1470 3636 bominum
1491 3567 1654 3637 evidenter
1675 3567 1850 3653 ecguinoni
1869 3567 2054 3638 subieoeent

499 3667 664 3755 singulum,
686 3677 916 3738 canmeverunt
936 3671 1156 3738 nichilominus
1178 3688 1326 3755 processu
1340 3671 1501 3756 temporis,
1525 3689 1596 3738 eum
1611 3676 1711 3739 testes
1724 3670 1892 3754 defuerint,
1914 3672 2054 3759 calump-

497 3769 554 3840 nis
572 3773 748 3855 mordeam
771 3772 905 3858 ideoque
925 3792 1051 3840 necesse
1073 3778 1122 3840 est
1143 3773 1286 3842 amiones
1307 3774 1464 3857 legitimos
1485 3793 1543 3859 per
1556 3774 1668 3859 scripti
1694 3773 1924 3842 continentium
1937 3780 1972 3842 et
1989 3781 2074 3851 tos·¹

498 3872 579 3941 tium
600 3874 856 3943 subnetntienem
879 3877 1008 3942 immitti
1030 3877 1180 3942 memorie
1198 3882 1410 3943 venturorum.
1454 3877 1655 3962 Quapropter
1681 3877 1880 3944 innotescere
1909 3877 2053 3963 cupimus

497 3981 578 4062 aput
597 3996 707 4045 omues
727 3984 889 4063 presentes
910 3984 944 4045 et
965 3985 1108 4062 posteras
1132 3998 1266 4063 querum
1292 3980 1473 4064 conspectui
1495 3980 1577 4049 banc
1603 3979 1766 4064 continget
1788 3979 1951 4048 kartulam
1980 3999 2053 4067 pre·

499 4079 629 4163 centuri,
651 4081 737 4165 quod
759 4099 817 4148 nos
838 4081 1004 4148 Belezlntn
1023 4081 1082 4148 Dei
1103 4083 1211 4166 gracia
1231 4082 1296 4149 dux
1316 4083 1455 4164 Pelanie,
1470 4103 1492 4151 a
1505 4084 1622 4151 dilecta
1636 4081 1739 4150 milite
1751 4070 1862 4151 nestro
1876 4083 1973 4151 Petro
1987 4082 2054 4152 lilio

499 4177 635 4251 Ccsnute
652 4201 710 4268 per
730 4184 858 4252 modum
881 4185 1134 4251 commutationis
1155 4186 1256 4269 ipsius
1274 4186 1481 4254 hmeditatem
1504 4186 1674 4254 Cbotiuino
1696 4192 1921 4271 nuncupatam,
1944 4189 2054 4256 sitam

497 4302 561 4369 oue
582 4285 665 4354 citra
684 4305 801 4371 equam
822 4305 886 4369 que
907 4286 1026 4354 Presna
1047 4288 1173 4368 dieitur,
1196 4290 1370 4372 recepimus
1392 4290 1460 4356 iure
1487 4289 1679 4357 hereditarie
1706 4290 1921 4373 retinendam;
1951 4290 2055 4360 eonte-

498 4393 606 4456 rcutes
625 4388 685 4475 ipsi
708 4408 766 4474 pre
787 4397 1019 4474 prememorata
1041 4391 1216 4458 hereditate
1236 4392 1315 4458 duas
1336 4393 1427 4460 villas
1448 4399 1575 4460 nostrus
1593 4394 1791 4474 Teutonicos,
1815 4394 1995 4462 Itanrbelice
2009 4395 2055 4462 vi·

498 4489 614 4559 delicet
634 4497 668 4559 et
690 4490 858 4573 cacumine,
881 4493 949 4558 iure
971 4494 1097 4576 penitus
1119 4494 1286 4577 prehabito
1308 4495 1512 4579 possidendas
1542 4515 1613 4564 eum
1633 4515 1673 4563 eu
1692 4495 1873 4565 omnimode
1894 4496 2053 4580 libertate,

498 4610 562 4675 qun
583 4600 617 4661 et
635 4593 806 4662 Chetiuiuo
829 4595 976 4679 primitus
999 4597 1187 4677 possidebat.
1233 4596 1284 4662 lta
1305 4597 1459 4678 videlicet,
1482 4606 1520 4664 ut
1541 4599 1574 4664 in
1595 4597 1727 4682 preinde
1748 4599 1873 4666 duabus
1900 4600 1984 4668 villis
2006 4607 2055 4668 ta·

499 4693 637 4780 hemam,
660 4698 827 4781 pistrinum
849 4704 882 4764 et
905 4698 1071 4763 macellum
1094 4697 1276 4765 carnificum
1298 4698 1395 4766 libere
1418 4699 1543 4781 habeat,
1573 4719 1635 4766 non
1659 4700 1808 4768 obstame
1835 4703 1920 4786 qnod
1948 4703 2056 4788 alique

499 4815 608 4866 eurum
627 4800 731 4867 ricino
752 4800 795 4866 sit
816 4800 910 4865 alicui
933 4801 1070 4881 civitate
1094 4820 1151 4867 uec
1165 4800 1335 4868 advocatus
1352 4807 1460 4868 noster
1477 4803 1599 4886 mugnis
1613 4802 1741 4870 debebit
1755 4804 1908 4872 interesse
1922 4805 2056 4888 iudiciis,

499 4901 555 4968 sed
575 4901 677 4970 tidelis
699 4908 816 4984 noster,
836 4921 928 4985 quern
951 4902 992 4968 sd
1016 4903 1188 4970 tollendum
1212 4904 1345 4970 tercium
1368 4904 1532 4970 decrerim
1554 4911 1708 4989 nostrum,
1729 4907 1769 4973 de
1790 4925 1977 4990 magnarum
1998 4927 2056 4976 ne·

498 5000 548 5070 bis
570 5023 736 5073 causarum
758 5005 989 5090 placationibus
1010 5011 1215 5088 spectantem,
1234 5006 1480 5090 ‹lisposuerinrus
1503 5009 1793 5077 transmittendum.
1836 5008 1875 5075 In
1897 5010 1986 5077 euius
2007 5011 2055 5078 rai

500 5106 715 5175 testimonium
738 5109 820 5175 littltc
842 5107 901 5172 sibi
926 5108 1078 5174 territurus
1101 5109 1242 5176 litteram
1264 5109 1364 5175 nostri
1391 5109 1487 5192 sigilli
1517 5109 1630 5176 robore
1656 5112 1891 5179 communitam.
1935 5112 2055 5181 Datum

500 5215 582 5292 spui
602 5209 766 5279 (lucenam
781 5230 864 5277 nrrno
879 5209 1004 5275 [terreni
1026 5209 1285 5292 teccexvlll,
1307 5211 1441 5294 septimo
1454 5212 1615 5279 Kuleudus
1630 5211 1834 5297 Septembris,
1856 5215 2056 5298 presentibus

501 5308 577 5377 biis:
601 5314 716 5382 courite
740 5313 872 5383 Ubizlao
891 5312 1068 5382 kastellone
1089 5314 1129 5380 de
1149 5314 1250 5397 ltuda,
1273 5313 1394 5398 Zeuota
1414 5315 1557 5400 dapifero
1578 5314 1758 5401 Kniisiensi,
1781 5319 1926 5387 llescono
1946 5318 2056 5387 subcu-
