4860 6180
1851 370 1925 450 247

377 581 453 635 num
479 560 538 631 Dci
566 580 649 632 ausu
681 564 851 633 temerario
879 565 1008 647 violare,
1035 568 1093 632 ant
1120 563 1161 632 ab
1186 566 1295 636 eadem
1322 567 1455 636 ecclesie
1480 567 1573 637 beate
1600 569 1739 656 Virginis
1767 573 1800 639 et
1825 569 1927 637 sancti

377 666 509 739 nunni
541 685 605 753 qne
635 672 767 734 vocatur
792 669 963 738 Paradisus
990 667 1128 736 alienare
1155 671 1394 756 presumpserit,
1422 673 1736 742 excommnnicacioui
1764 675 1926 742 beaterum

378 768 592 858 apostolorum
609 768 697 837 Petri
718 778 753 839 ct
769 770 861 839 Pauli
882 777 917 840 ct
936 772 1054 839 domini
1077 773 1163 857 Papo
1181 779 1215 840 ιι
1235 775 1374 841 omnium
1395 773 1464 842 Dco
1485 775 1691 844 servicncium
1718 777 1926 843 mercaturis

378 876 565 962 perpetuum
586 872 758 942 subiacere.
780 873 884 942 Huius
907 875 952 944 rei
974 880 1073 944 testes
1091 881 1180 944 sunt:
1203 878 1353 962 magister
1373 877 1544 962 Bogulnlus
1566 879 1743 964 prepositus
1763 878 1927 946 Gncznon·

377 976 433 1060 sis,
453 975 581 1044 Morene
600 978 780 1062 propositus
801 978 840 1047 ιι
862 978 1009 1064 Sanctog,
1037 979 1174 1047 Miobncl
1195 980 1347 1061 notarius,
1370 981 1492 1064 cleriei3
1519 983 1607 1049 lanio
1632 981 1801 1067 palatinus,
1823 980 1927 1065 Bogu-

377 1077 473 1150 nrllus
493 1077 664 1164 palatinus,
685 1078 839 1147 Ierostius
859 1082 1050 1149 castellanus
1063 1082 1103 1149 de
1117 1076 1250 1163 Gaiana,
1265 1080 1474 1166 Predepolcus
1488 1084 1678 1153 castellanus
1691 1082 1924 1166 Poznanicnsis,

377 1181 505 1264 milltes,
526 1186 561 1249 et
581 1181 637 1248 alii
663 1199 759 1267 quom
785 1183 901 1268 plures.
946 1187 1029 1254 Acta
1053 1189 1130 1253 sunt
1157 1183 1215 1252 bec
1240 1201 1323 1251 anno
1348 1184 1582 1255 incarnacionis
1607 1185 1735 1254 Domini
1762 1184 1926 1253 millasimo

378 1282 591 1353 ducentesimo
611 1284 882 1372 quinquagesimo,
903 1287 937 1356 in
957 1288 1038 1357 testo
1059 1286 1161 1356 macti
1181 1284 1357 1370 adalberti,
1381 1287 1416 1354 in
1434 1287 1567 1358 Gaiana

377 1615 435 1700 ωε
468 1501 588 1679 m
608 1453 765 1576 Samara,
786 1505 956 1581 Desertum
979 1508 1142 1598 Gholmen,
1162 1513 1213 1580 ate
1233 1510 1433 1594 edendnm
1454 1510 1635 1598 Paradisus,
1655 1513 1808 1596 Ρινιιιιι.
1829 1508 1928 1580 Sane·

1056 1896 1131 1985 Νι.
1161 1890 1264 1985 284
1603 2004 1606 2010 .

348 2099 354 2106 ’
481 2089 639 2176 bonel
664 2091 742 2175 dux
767 2090 916 2176 Polonio
942 2098 1082 2178 1250
1107 2092 1196 2199 apr.
1221 2098 1302 2191 24,
1328 2093 1370 2177 in
1396 2093 1558 2198 bucmar
1579 2111 1702 2181 contere
1720 2110 1869 2180 ωιιοιιο
1886 2111 1927 2181 ro

378 2209 532 2284 Onlrlska
559 2210 754 2282 hereditates
782 2213 1004 2301 Dobieqnleno
1031 2221 1066 2284 et
1093 2214 1255 2298 Dslecano,
1287 2233 1421 2301 quonum
1441 2215 1562 2285 incolas
1587 2214 1701 2301 amplis
1728 2213 1928 2284 libertatibus

378 2314 493 2401 nanta
514 2315 711 2403 complexum
728 2334 804 2385 vero
825 2317 921 2386 certis
945 2317 1099 2386 limitibus
1119 2317 1274 2402 ιιιίςιιι
1411 2321 1415 2329 “

482 2418 619 2489 mmet
648 2422 865 2504 Tonmzprteo
881 2426 985 2505 ραι).
1008 2426 1102 2491 nord.
1130 2421 1279 2499 θινιιιιιι,
1302 2419 1368 2488 [ιι.
1385 2426 1488 2504 priatt
1511 2423 1566 2488 Νι.
1588 2424 1620 2491 1.

481 2625 521 2696 ln
536 2625 664 2696 nemim
683 2624 811 2695 Domini
831 2644 934 2695 aman
968 2626 1121 2709 Quoniam
1142 2626 1228 2712 longi
1249 2632 1371 2696 tractus
1391 2625 1554 2696 bominum
1574 2627 1755 2696 mortalium
1774 2634 1928 2713 gemmant

378 2729 611 2816 emmunitatem,
632 2729 807 2815 antiquitas
827 2734 975 2815 procreat
995 2729 1192 2813 oblivionem,
1218 2730 1334 2798 oblivio
1355 2748 1431 2799 sero
1448 2723 1863 2816 procedencium'laetorum
1884 2732 1928 2799 ir·

378 2832 573 2917 rltadnnem,
593 2837 762 2918 eapropter
781 2849 909 2901 necesse
926 2838 987 2915 est,
1008 2838 1047 2900 ιι
1066 2831 1216 2900 memorie
1240 2832 1325 2902 laete
1351 2833 1470 2920 scripto
1490 2833 1748 2903 commendentur
1772 2841 1929 2919 quatenus
2018 2899 2023 2910 ,

379 2937 480 3008 oculis
494 2937 697 3005 lntneucinm
723 2935 839 3003 elarius
864 2937 1072 3004 innotescant
1115 2935 1219 3021 Igitur
1241 2953 1301 3004 nos
1326 2936 1459 3004 Promisi
1486 2935 1548 3004 Dei
1574 2936 1681 3020 gracia
1705 2935 1770 3004 dux
1796 2935 1928 3004 Polonie

378 3039 606 3111 muscam
637 3044 747 3107 ιιιιιι
777 3038 890 3106 ιιιιιίι
922 3037 1062 3106 Ecclesle
1087 3040 1206 3106 nostris
1234 3038 1429 3127 temporibus
1461 3044 1556 3124 prout
1583 3038 1737 3108 Dominus
1764 3038 1929 3108 donaverit

314 3225 316 3228 y
378 3143 527 3225 ιιιιιιιι,
549 3140 648 3210 saluti
668 3147 777 3209 nosne
797 3144 1040 3225 nostrorumque
1061 3140 1261 3225 providentes
1278 3139 1489 3226 significamus
1510 3142 1710 3228 presentibus
1730 3147 1764 3210 et
1782 3140 1825 3209 ad
1843 3142 1932 3210 noti·
1996 3187 2000 3196 ·

380 3246 460 3338 clam
480 3242 593 3313 deduci
613 3244 758 3312 nolumus
778 3249 991 3328 posterorum,
1019 3241 1103 3327 quod
1123 3242 1165 3311 sd
1185 3242 1336 3311 bonorem
1357 3243 1417 3311 Dei
1441 3249 1476 3312 et
1502 3243 1595 3313 beate
1617 3244 1719 3313 llarie
1744 3245 1875 3330 nirmnis
1894 3249 1930 3313 ιι

379 3366 437 3434 pro
457 3345 598 3417 remedio
618 3346 793 3414 animarum
815 3351 982 3431 parentum
1008 3351 1187 3414 nostrornm
1215 3352 1457 3430 daemonumque
1478 3347 1693 3416 remissionem
1718 3354 1928 3433 peccaterum,

380 3450 579 3532 mntnllmus,
595 3449 755 3518 dedimus
788 3453 822 3517 et
847 3449 1033 3517 donavimus
1058 3447 1170 3516 Ordini
1193 3447 1393 3517 cisterciensi
1414 3455 1449 3517 ιι
1475 3449 1764 3517 ιιιιιίιιοιίιιίιιι
1789 3450 1928 3519 eiusdem

379 3550 517 3637 Drdlnls,
537 3551 685 3621 videlicet
704 3550 830 3620 dominc
851 3549 987 3636 Hadrlgi
1009 3550 1168 3619 abbatisse
1181 3551 1216 3618 in
1227 3549 1375 3628 Dnensko
1388 3551 1597 3636 universeque
1610 3553 1847 3636 congregacioni
1860 3551 1928 3620 Deo

379 3651 439 3725 sab
455 3655 584 3726 Ordinis
605 3653 722 3742 prefati
744 3653 938 3740 professione
957 3654 1072 3723 ibidem
1089 3653 1265 3736 lamulsntl,
1286 3652 1371 3740 bona
1390 3653 1457 3721 sive
1471 3652 1663 3722 hereditates
1681 3671 1742 3739 que
1756 3653 1929 3738 vulgariter

379 3756 566 3846 Debegnsrc
595 3764 630 3827 ιι
654 3757 814 3827 Oszeczno
840 3764 1050 3842 nuncupetur,
1076 3776 1147 3825 oum
1175 3755 1321 3825 omnibus
1348 3756 1527 3824 attinentiis
1548 3762 1583 3825 et
1603 3754 1798 3824 districtibus
1819 3774 1928 3825 earnm

379 3860 594 3947 corporalibus
611 3877 669 3929 seu
690 3859 1023 3946 incorporalibusque
1044 3858 1127 3926 infra
1147 3860 1300 3926 terminos
1321 3862 1355 3925 et
1373 3857 1469 3943 gadas
1495 3857 1690 3944 subscriptos
1719 3858 1928 3928 continentur.

379 3961 577 4034 videreta
596 3962 801 4032 Proeborone
822 3962 877 4031 nbi
898 3963 1013 4031 Draus
1034 3981 1068 4031 se
1096 3960 1234 4028 infundit
1256 3962 1290 4027 in
1316 3959 1428 4043 Notas,
1455 3965 1491 4028 ιι
1518 3960 1603 4031 inira
1628 3960 1843 4031 descendendo
1872 3980 1929 4046 per

379 4063 513 4134 ιιιιιιι
532 4062 662 4134 durium
683 4083 782 4133 unum
799 4065 924 4134 miliare
945 4083 1046 4149 usque
1067 4064 1108 4132 ad
1126 4063 1215 4132 lacus
1235 4061 1373 4131 Lubeno
1393 4081 1526 4148 parvum
1539 4071 1574 4132 et
1585 4083 1743 4150 magnum
1764 4069 1799 4132 et
1811 4063 1930 4133 directe

378 4182 438 4250 per
457 4165 624 4237 &brom
641 4166 778 4234 rivulum
799 4185 901 4252 usqne
922 4168 963 4237 ad
994 4168 1081 4236 lacus
1108 4165 1322 4250 chomntono,
1350 4165 1500 4250 Rachini,
1529 4166 1655 4236 Stbeno
1673 4166 1807 4235 insulam
1827 4172 1862 4235 ιι
1883 4166 1930 4235 la·

379 4265 437 4337 dns
454 4267 544 4355 Llpe,
564 4267 678 4354 Dlnge,
700 4269 837 4353 Planno,
859 4269 1077 4354 Potrongnath
1097 4276 1132 4338 et
1148 4268 1299 4350 Rokitno,
1320 4273 1355 4336 et
1373 4287 1395 4336 e
1414 4268 1559 4352 predicte
1580 4269 1652 4338 lecu
1666 4287 1767 4354 usque
1786 4268 1828 4337 sd
1845 4267 1930 4337 Dre-

379 4387 461 4440 vnm
477 4369 620 4441 durium:
640 4391 712 4440 cum
733 4372 878 4440 omnibns
899 4391 962 4457 que
983 4372 1017 4440 in
1038 4371 1160 4457 prelato
1182 4371 1315 4439 circuitu
1335 4375 1370 4437 et
1391 4370 1513 4439 ambitu
1534 4379 1610 4439 sunt
1636 4373 1687 4441 ecl
1708 4389 1776 4440 esse
1796 4377 1930 4456 possunt

379 4471 416 4539 in
435 4471 586 4559 murrum,
607 4474 755 4543 videlicet
772 4475 870 4558 silvis,
893 4475 1082 4559 nemoribus,
1104 4473 1235 4557 rubetis,
1259 4473 1353 4558 agris,
1380 4473 1491 4557 pratis,
1517 4475 1652 4559 pascuis,
1681 4473 1858 4561 paludibus,
1883 4475 1930 4542 la·

379 4573 488 4661 albus,
520 4577 622 4665 aquis,
654 4596 809 4665 aquenum
838 4578 1031 4661 decursibus,
1064 4577 1251 4645 molendinis
1282 4575 1593 4664 molendinornmque
1626 4577 1718 4660 locis,
1749 4578 1929 4662 piscaturis,

377 4677 564 4765 omnbus,
590 4681 822 4763 marcionibus,
854 4679 1031 4765 mellificiis,
1055 4699 1093 4748 ac
1121 4680 1193 4747 aliis
1222 4677 1366 4747 omnibus
1393 4678 1540 4748 dominiis
1566 4686 1600 4748 et
1621 4678 1813 4747 utilitatibus
1834 4683 1930 4764 prout

380 4776 424 4847 ad
441 4797 500 4852 nus
519 4800 541 4851 a
560 4782 813 4869 progenitoribus
834 4783 952 4851 nostris
973 4782 1185 4868 pertinebant,
1207 4782 1277 4850 iure
1289 4780 1479 4849 hereditario
1494 4788 1646 4868 perpetuo
1661 4781 1816 4850 tradimus
1830 4780 1929 4852 libere

379 4881 612 4966 mouentum
645 4885 848 4971 ludulqemus
869 4887 968 4954 eciam
989 4884 1122 4970 prefatis
1142 4885 1242 4952 seems
1263 4883 1444 4970 virginibus,
1466 4885 1500 4953 in
1518 4885 1670 4971 predictis
1687 4885 1777 4953 bonis
1798 4886 1929 4955 ubicun-

379 4998 444 5067 qne
462 4985 621 5056 soluerint
641 4987 786 5058 anate
806 4993 840 5056 et
861 4988 953 5056 villos
974 4989 1078 5058 locare
1096 4987 1307 5056 Tbeutcnicas
1327 5006 1514 5075 quocunque
1535 4991 1605 5058 inre
1624 4988 1687 5057 illis
1700 4989 1868 5073 placuerit:
1883 4989 1931 5057 ita

379 5087 420 5154 nt
437 5104 547 5158 omnes
571 5096 743 5176 prouentus
772 5090 944 5160 earundem
972 5091 1135 5160 civitatum
1165 5096 1200 5159 et
1227 5088 1384 5174 villarem,
1412 5091 1534 5160 scilicet
1562 5091 1752 5175 theloneum,
1780 5090 1930 5161 iudicium

379 5183 448 5258 sins
468 5208 601 5276 ιιπιιιι
622 5192 689 5262 siro
710 5211 869 5279 magnum
894 5194 935 5263 ad
963 5194 1127 5264 cenobium
1154 5192 1312 5262 Onenslro
1339 5211 1464 5279 semper
1490 5194 1650 5263 ιιιίιιιιι
1676 5200 1710 5264 ιι
1737 5191 1930 5264 utilitatibus

379 5284 562 5367 &ostent
581 5293 779 5368 dominnmm
800 5295 1022 5383 predictarum
1055 5295 1144 5366 Nulli
1172 5312 1248 5384 erpo
1266 5294 1427 5368 bominum
1448 5295 1545 5369 licent
1561 5315 1717 5389 quemque
1735 5296 1777 5368 de
1798 5296 1931 5370 bomini·
