4860 6180
1899 349 1973 426 stt

538 548 589 620 11.
634 550 789 620 Volumus
818 539 925 620 autem
958 549 1017 618 sub
1043 569 1125 636 pena
1160 553 1490 622 excommunicationis
1522 554 1739 640 precipientes,
1768 557 1806 621 ut
1832 531 1977 621 dominus

432 653 685 740 archiepiscopus
704 655 898 723 (lucanensis
919 660 954 722 et
971 654 1039 721 cius
1059 653 1247 738 suffraganei
1268 655 1326 722 has
1348 658 1588 726 constitutiones
1609 663 1734 728 nocuas
1751 656 1854 740 sigillo
1868 662 1977 724 nostro

432 757 569 827 habeant
594 757 759 843 sigillatas,
788 776 905 842 easque
933 755 1065 839 singulis
1090 755 1182 822 aunis
1209 756 1241 822 in
1268 759 1396 842 synodis
1424 758 1652 845 episcopalibus
1676 764 1710 825 et
1737 759 1770 824 in
1793 758 1978 844 prouinciali

433 859 572 929 Concilio
586 857 705 929 hcmnt
725 861 853 928 recitari
873 865 907 928 et
927 858 1108 948 diligentius
1128 858 1298 943 observari,
1319 866 1354 930 et
1374 881 1413 930 ea
1432 882 1495 948 que
1508 860 1763 948 tanguutlaioos,
1782 859 1901 930 fodant
1920 881 1977 947 pcr
2115 866 2116 870 ’
2185 826 2189 834 ’

433 961 627 1050 parochiales
647 962 796 1032 eeclesias
814 982 944 1031 suornm
966 961 1204 1030 diocesanorum
1226 962 1390 1047 publicari.

535 1064 588 1132 lt.
631 1062 723 1146 item
746 1084 818 1133 cum
838 1066 942 1134 adbuc
963 1069 1051 1133 terra
1071 1063 1223 1132 Polouica
1243 1065 1288 1131 sit
1307 1066 1490 1152 incorpore
1512 1068 1761 1139 christianitatis
1785 1087 1867 1135 nova
1887 1068 1977 1152 plan·

434 1167 526 1237 tatio:
546 1185 587 1236 ne
607 1165 690 1235 torte
711 1185 749 1233 eo
770 1165 894 1235 facilius
916 1167 1051 1252 populus
1074 1166 1274 1234 Christianus
1295 1186 1316 1234 a
1337 1169 1586 1241 cohabitantium
1600 1173 1765 1241 Iudecmm
1779 1169 1978 1256 superstitio-

433 1269 525 1338 nibus
545 1275 580 1337 et
600 1270 705 1355 pravis
726 1268 866 1337 moribus
885 1270 1053 1352 inficiabor,
1076 1286 1139 1352 quo
1160 1268 1260 1336 levius
1281 1275 1379 1355 atque
1400 1273 1495 1340 citius
1517 1273 1698 1344 Christiana
1717 1274 1829 1360 religio
1847 1273 1881 1342 in
1901 1271 1977 1341 hde-
2104 1299 2107 1303 ·

433 1374 510 1442 llum
529 1373 676 1442 condimus
697 1372 732 1440 in
757 1372 808 1441 his
832 1372 977 1459 partimus
1006 1378 1057 1440 est
1083 1371 1251 1455 plantata:
1285 1372 1430 1443 districte
1450 1378 1649 1464 precipimus,
1676 1386 1713 1447 ιιι
1739 1377 1828 1446 iudei
1857 1377 1890 1443 in
1918 1375 1978 1445 hae
2088 1401 2090 1404 ’

434 1477 595 1565 provincia
613 1476 792 1546 Gucrnensi
814 1482 1053 1557 commorantes,
1070 1476 1155 1541 inter
1184 1474 1381 1543 Christianos
1407 1481 1554 1562 permixti
1582 1501 1647 1552 non
1675 1481 1834 1563 habitent3
1861 1479 1918 1548 sed
1942 1479 1977 1547 in

433 1579 537 1666 aliquo
558 1579 716 1666 sequestri
736 1579 805 1648 loco
825 1578 965 1648 deitatis
987 1578 1035 1645 uel
1057 1577 1130 1644 ville
1156 1575 1266 1645 domos
1294 1596 1368 1646 suas
1385 1579 1446 1646 sihi
1468 1584 1631 1670 contiguas
1645 1585 1710 1653 sire
1723 1586 1907 1653 coniunctas
1921 1583 1977 1652 ha·

432 1683 536 1768 bunt,
557 1682 606 1751 ita
622 1683 708 1768 quod
728 1701 751 1751 a
769 1682 927 1752 communi
949 1681 1145 1748 habitatione
1173 1679 1436 1765 christianornm,
1464 1702 1548 1770 sepe,
1577 1706 1678 1770 mura,
1704 1687 1755 1755 rel
1781 1686 1899 1755 mssato
1924 1685 1978 1754 Iu·
2082 1762 2085 1766 Α

433 1787 562 1856 deornm
583 1785 741 1856 habitatio
760 1792 934 1871 separemur.
978 1785 1172 1869 rrecpmns
1192 1791 1310 1866 autern,
1331 1790 1369 1851 ut
1390 1805 1448 1870 per
1466 1788 1647 1874 episcopum
1659 1790 1859 1859 diocesanum
1874 1795 1908 1857 et
1921 1807 1979 1875 per
2021 1789 2022 1792 ’

432 1888 592 1960 dominnm
610 1889 826 1975 temporalem,
848 1895 915 1956 mm
938 1885 1111 1955 curbuani
1131 1904 1227 1970 quam
1248 1886 1338 1956 iudei
1358 1907 1492 1973 quornm
1508 1890 1620 1960 domm
1641 1894 1822 1962 intermixta
1833 1898 1919 1976 snut,
1940 1898 1978 1960 ut

434 1991 475 2062 ad
496 1992 710 2062 ambitionem
730 2010 787 2060 seu
807 1991 1072 2077 permutationem
1093 2007 1201 2057 mmm
1227 1990 1270 2057 ad
1295 1991 1463 2059 arbitrium
1492 1993 1644 2064 bonorum
1670 1998 1819 2080 vimmm,
1848 2013 1980 2064 censura

434 2114 497 2181 qna
515 2096 664 2164 convenit
682 2094 921 2180 compellantur.
965 2091 1108 2174 Quodsi
1134 2091 1193 2160 hec
1223 2093 1382 2179 separatio
1410 2094 1493 2163 infra
1520 2099 1696 2183 pmximnm
1727 2098 1842 2168 tastum
1874 2098 1979 2167 natale

433 2197 535 2268 saneti
555 2197 705 2268 Iohannis
724 2197 872 2283 Baptista
898 2215 964 2265 non
991 2194 1089 2263 tuerit
1117 2195 1301 2280 adimpleta,
1329 2203 1397 2264 tarn
1424 2198 1609 2270 dooesanus
1636 2201 1696 2271 loci
1721 2221 1818 2288 qnam
1834 2200 1979 2270 dominns

433 2301 614 2388 temporalis
639 2302 815 2388 ingressum
837 2300 967 2369 ecclesie
994 2303 1111 2368 extunc
1135 2299 1261 2366 noverit
1288 2299 1349 2367 sibi
1375 2301 1588 2387 interdicutm,
1614 2305 1643 2372 si
1670 2304 1895 2374 iurisdictionis
1922 2323 1979 2372 sen

433 2403 661 2473 interdictionis
681 2403 820 2472 officium
840 2420 985 2472 sumcere
1004 2400 1188 2468 dismlerint
1207 2400 1242 2467 in
1271 2400 1415 2471 rebellas.
1458 2405 1590 2474 Interim
1608 2415 1714 2476 autem
1739 2409 1767 2475 si
1795 2407 1979 2475 sacramen

434 2511 501 2575 turn
522 2507 635 2576 attaris
655 2511 732 2575 ante
752 2505 862 2574 domos
882 2505 1050 2572 Indeorum
1071 2501 1186 2572 ddmri
1207 2503 1381 2590 contingat,
1404 2506 1466 2592 ipsi
1486 2507 1576 2576 iudei
1604 2510 1712 2578 audito
1735 2509 1842 2578 sonitu
1866 2510 1978 2595 primo,

435 2608 520 2679 iutra
539 2609 650 2678 domos
671 2628 747 2677 suas
766 2627 801 2676 se
821 2608 976 2692 recipiant
1001 2612 1035 2674 et
1054 2604 1210 2673 fananas
1231 2623 1270 2673 ac
1290 2609 1374 2675 osta
1394 2627 1454 2678 sua
1481 2610 1640 2679 claudant
1682 2612 1852 2698 Postquam
1873 2620 1980 2679 autem

434 2711 491 2782 hec
502 2705 669 2798 'oepamtio
691 2711 776 2780 heta
795 2710 902 2794 tuerit,
924 2708 1119 2778 decrevimus
1137 2714 1175 2775 ut
1196 2705 1286 2776 iudei
1303 2708 1338 2776 in
1359 2729 1424 2779 una
1444 2712 1575 2783 civitate
1595 2714 1646 2783 rel
1666 2715 1742 2784 niba
1762 2716 1887 2784 unicam
1910 2720 1980 2782 tan·

433 2819 500 2883 turn
518 2813 657 2884 habeant
676 2832 877 2900 synagogam.
962 2843 972 2854 ·

535 2917 586 2987 ra.
629 2917 712 2987 item
729 2918 901 2986 sumimus
922 2921 1020 3001 atque
1040 2914 1264 2997 onhmvimns,
1287 2922 1326 2984 ut
1338 2915 1428 2985 iudei
1441 2924 1610 2987 cornutum
1623 2919 1749 3005 pileum,
1772 2937 1865 3005 quem
1880 2917 1979 3004 quou'·

435 3020 506 3090 daur
527 3019 561 3090 iu
581 3020 653 3089 istis
674 3021 819 3106 partibus
840 3024 1070 3088 consueverunt
1089 3015 1212 3085 deferre
1229 3024 1264 3086 et
1277 3037 1337 3088 sua
1351 3021 1530 3090 temeritate
1544 3021 1698 3107 deponere
1711 3018 1996 3106 presumpserant

432 3129 635 3207 rmnmerent,
656 3131 736 3192 uta
757 3123 947 3193 christianis
967 3122 1103 3190 macru
1124 3122 1253 3190 valeam
1270 3122 1441 3206 evidenter,
1462 3123 1547 3191 ment
1566 3124 1644 3193 olim
1670 3126 1704 3192 in
1730 3124 1869 3210 gemmati
1896 3122 1980 3191 (lon-
2006 3193 2008 3195 ,

432 3227 503 3297 (ilio
521 3225 583 3296 init
601 3225 776 3296 mmmm
808 3227 1003 3312 Quicumque
1022 3233 1130 3294 autur
1151 3223 1268 3294 indens
1285 3225 1354 3293 sine
1374 3225 1433 3295 tali
1458 3227 1548 3312 signo
1576 3226 1787 3312 deprehensns
1812 3223 1982 3295 fueritin

433 3330 552 3414 cedere,
572 3331 614 3398 ad
635 3349 755 3398 morem
777 3337 862 3398 terne
879 3349 962 3416 pena
982 3329 1165 3415 pecuniaria
1186 3329 1347 3414 puniatur.

538 3435 587 3502 14
629 3431 712 3502 Item
733 3433 933 3519 precipimus,
956 3438 994 3500 ιιι
1013 3430 1103 3499 Indei
1131 3431 1289 3499 sacerdoti
1308 3432 1491 3517 parochiali,
1519 3433 1605 3502 iutra
1629 3433 1718 3502 onius
1743 3430 1891 3516 pamchie
1916 3437 1981 3497 ter·

432 3534 533 3604 minos
553 3535 735 3618 manmrint,
754 3554 813 3620 pro
833 3549 872 3602 eo
892 3535 977 3619 quod
998 3535 1070 3603 l'oca
1090 3535 1125 3601 in
1145 3533 1259 3619 quibus
1281 3529 1455 3603 Christiani
1478 3535 1626 3604 babitare
1646 3533 1796 3603 deberent
1812 3538 1979 3617 occupant,

434 3636 524 3706 iuxta
542 3638 755 3723 quantitatem
773 3638 881 3706 damin
902 3637 987 3723 quod
1008 3637 1038 3705 ei
1059 3656 1099 3704 ex
1120 3637 1179 3704 boc
1200 3635 1342 3704 inierunt
1361 3638 1402 3705 ad
1423 3638 1592 3706 arbitrium
1610 3636 1767 3705 docmani
1781 3635 1852 3716 loci,
1873 3652 1980 3702 omnes

432 3745 601 3825 proventus
621 3739 793 3809 refundere
811 3740 1050 3825 mmpenannm
1080 3737 1286 3807 Prohihemns
1308 3740 1414 3823 etiam
1437 3759 1477 3809 ne
1495 3740 1605 3808 stubas
1619 3746 1653 3809 et
1673 3739 1786 3808 balnea
1806 3755 1863 3805 aen
1877 3735 1981 3804 tabor-

432 3860 489 3911 nas
511 3840 762 3911 christianorum
784 3843 994 3926 frequentent,
1018 3860 1076 3910 nec
1094 3859 1201 3909 servos
1223 3846 1281 3908 ant
1299 3841 1432 3911 annuas
1452 3849 1511 3910 aut
1537 3843 1677 3910 nutriens
1705 3859 1762 3908 seu
1785 3857 1981 3924 quecumque

432 3945 588 4029 mmcipta
606 3943 658 4013 die
680 3951 837 4029 noctuque
859 3946 893 4012 in
913 3947 980 4013 suis
1001 3944 1145 4012 domibus
1166 3944 1302 4011 retinere
1320 3949 1515 4030 presumant,
1538 3964 1598 4014 nco
1619 3943 1661 4013 ad
1677 3941 1890 4028 recipiendum
1912 3941 1981 4008 thc-

433 4045 556 4115 lonenm
584 4064 641 4114 seu
664 4047 752 4113 aliud
781 4047 941 4132 publicum
967 4047 1105 4115 officium
1132 4046 1336 4130 atiquatenus
1356 4053 1568 4116 assumantur.
1613 4046 1744 4131 Siquis
1770 4042 1980 4112 vercIndcus

433 4167 503 4217 eum
524 4148 632 4233 aliqua
653 4147 837 4217 Christiana
859 4148 1074 4217 fornicationis
1096 4150 1208 4217 vitium
1229 4148 1443 4231 deprehensus
1463 4149 1561 4219 fuerit
1573 4149 1775 4230 commbisse,
1793 4144 1980 4231 quoiusque

432 4251 537 4333 decem
557 4270 680 4319 marcas
700 4251 741 4318 ad
762 4253 866 4318 minus
894 4271 952 4336 pro
981 4251 1199 4319 mandatione
1224 4251 1363 4335 solverit,
1389 4252 1535 4321 dhtncto
1561 4251 1679 4320 carceri
1705 4248 1917 4333 mancipetur;
1945 4252 1980 4314 ct

433 4353 544 4421 mulier
565 4352 829 4437 christianaque
851 4360 917 4421 mm
938 4355 1122 4422 damnatum
1143 4354 1260 4421 coitum
1283 4357 1450 4438 peregerit,
1478 4375 1536 4440 per
1562 4354 1722 4422 deitatum
1750 4352 1912 4437 tustiqmta,
1940 4348 1981 4416 do

433 4454 501 4541 ipsa
521 4455 648 4525 civitate
669 4457 738 4525 sinc
755 4474 812 4540 spe
832 4456 983 4525 recenant
1005 4457 1133 4542 penitus
1153 4457 1339 4542 expellatur.
1419 4465 1420 4468 ’
