<?xml version="1.0" encoding="UTF-8"?>
<!DOCTYPE html PUBLIC "-//W3C//DTD XHTML 1.0 Transitional//EN"
    "http://www.w3.org/TR/xhtml1/DTD/xhtml1-transitional.dtd">
<html xmlns="http://www.w3.org/1999/xhtml" xml:lang="en" lang="en">
 <head>
  <title>
</title>
<meta http-equiv="Content-Type" content="text/html;charset=utf-8" />
  <meta name='ocr-system' content='tesseract 3.04.00' />
  <meta name='ocr-capabilities' content='ocr_page ocr_carea ocr_par ocr_line ocrx_word'/>
</head>
<body>
  <div class='ocr_page' id='page_1' title='image "./codexdiplomatic03zakrgoog_0266.png"; bbox 0 0 4860 6180; ppageno 0'>
   <div class='ocr_carea' id='block_1_1' title="bbox 436 250 511 324">
    <p class='ocr_par' dir='ltr' id='par_1_1' title="bbox 436 250 511 324">
     <span class='ocr_line' id='line_1_1' title="bbox 436 250 511 324; baseline 0 0"><span class='ocrx_word' id='word_1_1' title='bbox 436 250 511 324; x_wconf 78' lang='lat'><strong>350</strong></span> 
     </span>
    </p>
   </div>
   <div class='ocr_carea' id='block_1_2' title="bbox 407 437 2003 949">
    <p class='ocr_par' dir='ltr' id='par_1_2' title="bbox 407 437 2003 949">
     <span class='ocr_line' id='line_1_2' title="bbox 431 437 1983 539; baseline -0.003 -16"><span class='ocrx_word' id='word_1_2' title='bbox 431 437 547 535; x_wconf 82' lang='lat' dir='ltr'><strong>adan,</strong></span> <span class='ocrx_word' id='word_1_3' title='bbox 568 469 674 534; x_wconf 82' lang='lat' dir='ltr'><strong>ueras,</strong></span> <span class='ocrx_word' id='word_1_4' title='bbox 695 453 897 538; x_wconf 69' lang='lat' dir='ltr'><strong>pelworowe,</strong></span> <span class='ocrx_word' id='word_1_5' title='bbox 921 456 1070 538; x_wconf 77' lang='lat' dir='ltr'><strong>turgowe,</strong></span> <span class='ocrx_word' id='word_1_6' title='bbox 1091 458 1226 537; x_wconf 88' lang='lat' dir='ltr'><strong>mostne,</strong></span> <span class='ocrx_word' id='word_1_7' title='bbox 1248 459 1425 524; x_wconf 86' lang='lat' dir='ltr'><strong>castrorum</strong></span> <span class='ocrx_word' id='word_1_8' title='bbox 1443 451 1567 522; x_wconf 81' lang='lat' dir='ltr'><strong>edifido</strong></span> <span class='ocrx_word' id='word_1_9' title='bbox 1587 472 1645 522; x_wconf 91' lang='lat' dir='ltr'><strong>scu</strong></span> <span class='ocrx_word' id='word_1_10' title='bbox 1666 453 1810 539; x_wconf 87' lang='lat' dir='ltr'><strong>pontium</strong></span> <span class='ocrx_word' id='word_1_11' title='bbox 1833 469 1983 538; x_wconf 88' lang='lat' dir='ltr'><strong>quorum·</strong></span> 
     </span>
     <span class='ocr_line' id='line_1_3' title="bbox 407 553 1984 641; baseline -0.001 -18"><span class='ocrx_word' id='word_1_12' title='bbox 407 600 410 607; x_wconf 86' lang='lat'><em>-</em></span> <span class='ocrx_word' id='word_1_13' title='bbox 431 553 519 628; x_wconf 81' lang='lat' dir='ltr'><strong>ubet</strong></span> <span class='ocrx_word' id='word_1_14' title='bbox 540 573 562 621; x_wconf 83' lang='lat' dir='ltr'><strong>a</strong></span> <span class='ocrx_word' id='word_1_15' title='bbox 582 555 760 640; x_wconf 74' lang='lat' dir='ltr'><strong>temptione</strong></span> <span class='ocrx_word' id='word_1_16' title='bbox 780 575 835 624; x_wconf 87' lang='lat' dir='ltr'><strong>scu</strong></span> <span class='ocrx_word' id='word_1_17' title='bbox 856 557 1000 624; x_wconf 86' lang='lat' dir='ltr'><strong>custodio</strong></span> <span class='ocrx_word' id='word_1_18' title='bbox 1018 558 1067 625; x_wconf 83' lang='lat' dir='ltr'><strong>vel</strong></span> <span class='ocrx_word' id='word_1_19' title='bbox 1090 557 1246 625; x_wconf 80' lang='lat' dir='ltr'><strong>mnductu</strong></span> <span class='ocrx_word' id='word_1_20' title='bbox 1267 558 1523 640; x_wconf 84' lang='lat' dir='ltr'><strong>castomriorum,</strong></span> <span class='ocrx_word' id='word_1_21' title='bbox 1545 556 1698 625; x_wconf 72' lang='lat' dir='ltr'><strong>anania</strong></span> <span class='ocrx_word' id='word_1_22' title='bbox 1717 554 1801 641; x_wconf 90' lang='lat' dir='ltr'><strong>quod</strong></span> <span class='ocrx_word' id='word_1_23' title='bbox 1822 555 1913 640; x_wconf 89' lang='lat' dir='ltr'><strong>opole</strong></span> <span class='ocrx_word' id='word_1_24' title='bbox 1935 553 1984 621; x_wconf 93' lang='lat' dir='ltr'><strong>di·</strong></span> 
     </span>
     <span class='ocr_line' id='line_1_4' title="bbox 433 656 1984 745; baseline 0.001 -20"><span class='ocrx_word' id='word_1_25' title='bbox 433 656 517 725; x_wconf 73' lang='lat' dir='ltr'><strong>dms</strong></span> <span class='ocrx_word' id='word_1_26' title='bbox 534 656 715 742; x_wconf 73' lang='lat' dir='ltr'>vulgariter,</span> <span class='ocrx_word' id='word_1_27' title='bbox 734 678 754 727; x_wconf 92' lang='lat' dir='ltr'><strong>a</strong></span> <span class='ocrx_word' id='word_1_28' title='bbox 772 660 915 727; x_wconf 86' lang='lat' dir='ltr'><strong>custodio</strong></span> <span class='ocrx_word' id='word_1_29' title='bbox 934 659 985 726; x_wconf 81' lang='lat' dir='ltr'><strong>vel</strong></span> <span class='ocrx_word' id='word_1_30' title='bbox 1005 659 1162 728; x_wconf 89' lang='lat' dir='ltr'><strong>solutione</strong></span> <span class='ocrx_word' id='word_1_31' title='bbox 1181 661 1359 728; x_wconf 89' lang='lat' dir='ltr'><strong>erodiorum</strong></span> <span class='ocrx_word' id='word_1_32' title='bbox 1380 660 1466 744; x_wconf 90' lang='lat' dir='ltr'><strong>quod</strong></span> <span class='ocrx_word' id='word_1_33' title='bbox 1487 659 1578 727; x_wconf 84' lang='lat' dir='ltr'><strong>sokei</strong></span> <span class='ocrx_word' id='word_1_34' title='bbox 1606 660 1803 745; x_wconf 77' lang='lat' dir='ltr'><strong>populariter</strong></span> <span class='ocrx_word' id='word_1_35' title='bbox 1823 675 1984 741; x_wconf 86' lang='lat' dir='ltr'><strong>nuncupa·</strong></span> 
     </span>
     <span class='ocr_line' id='line_1_5' title="bbox 433 759 1985 848; baseline 0 -21"><span class='ocrx_word' id='word_1_36' title='bbox 433 763 496 842; x_wconf 83' lang='lat' dir='ltr'><strong>tur,</strong></span> <span class='ocrx_word' id='word_1_37' title='bbox 515 766 551 827; x_wconf 91' lang='lat' dir='ltr'><strong>et</strong></span> <span class='ocrx_word' id='word_1_38' title='bbox 571 759 613 828; x_wconf 86' lang='lat' dir='ltr'><strong>sb</strong></span> <span class='ocrx_word' id='word_1_39' title='bbox 633 762 776 830; x_wconf 78' lang='lat' dir='ltr'><strong>onmem</strong></span> <span class='ocrx_word' id='word_1_40' title='bbox 797 761 1023 844; x_wconf 75' lang='lat' dir='ltr'>exactionibus,</span> <span class='ocrx_word' id='word_1_41' title='bbox 1046 762 1266 845; x_wconf 82' lang='lat' dir='ltr'><strong>solutionibus,</strong></span> <span class='ocrx_word' id='word_1_42' title='bbox 1288 763 1541 848; x_wconf 77' lang='lat' dir='ltr'><strong>expeditionibus</strong></span> <span class='ocrx_word' id='word_1_43' title='bbox 1567 762 1618 828; x_wconf 83' lang='lat' dir='ltr'><strong>vel</strong></span> <span class='ocrx_word' id='word_1_44' title='bbox 1644 762 1766 830; x_wconf 89' lang='lat' dir='ltr'><strong>iuribus</strong></span> <span class='ocrx_word' id='word_1_45' title='bbox 1792 761 1826 829; x_wconf 90' lang='lat' dir='ltr'><strong>in</strong></span> <span class='ocrx_word' id='word_1_46' title='bbox 1851 759 1985 829; x_wconf 85' lang='lat' dir='ltr'><strong>Polonis</strong></span> 
     </span>
     <span class='ocr_line' id='line_1_6' title="bbox 433 861 2003 949; baseline 0.001 -20"><span class='ocrx_word' id='word_1_47' title='bbox 433 861 626 945; x_wconf 80' lang='lat' dir='ltr'><strong>mustitutis,</strong></span> <span class='ocrx_word' id='word_1_48' title='bbox 651 863 887 949; x_wconf 65' lang='lat' dir='ltr'><strong>quibuscunque</strong></span> <span class='ocrx_word' id='word_1_49' title='bbox 914 871 1101 932; x_wconf 74' lang='lat' dir='ltr'><strong>censeantur</strong></span> <span class='ocrx_word' id='word_1_50' title='bbox 1127 866 1315 932; x_wconf 88' lang='lat' dir='ltr'><strong>nominibus</strong></span> <span class='ocrx_word' id='word_1_51' title='bbox 1365 865 1559 934; x_wconf 88' lang='lat' dir='ltr'><strong>ludiciorum</strong></span> <span class='ocrx_word' id='word_1_52' title='bbox 1583 865 1812 940; x_wconf 78' lang='lat' dir='ltr'><strong>nichilominus</strong></span> <span class='ocrx_word' id='word_1_53' title='bbox 1833 865 2003 945; x_wconf 62' lang='lat' dir='ltr'><strong>omnium„</strong></span> 
     </span>
    </p>
   </div>
   <div class='ocr_carea' id='block_1_3' title="bbox 432 939 2128 1772">
    <p class='ocr_par' dir='ltr' id='par_1_3' title="bbox 432 939 2128 1772">
     <span class='ocr_line' id='line_1_7' title="bbox 433 939 2122 1051; baseline 0.001 -20"><span class='ocrx_word' id='word_1_54' title='bbox 433 968 472 1031; x_wconf 87' lang='lat' dir='ltr'><strong>ut</strong></span> <span class='ocrx_word' id='word_1_55' title='bbox 492 970 543 1032; x_wconf 89' lang='lat' dir='ltr'><strong>est</strong></span> <span class='ocrx_word' id='word_1_56' title='bbox 563 965 602 1032; x_wconf 92' lang='lat' dir='ltr'><strong>de</strong></span> <span class='ocrx_word' id='word_1_57' title='bbox 624 966 833 1046; x_wconf 83' lang='lat' dir='ltr'><strong>contentione,</strong></span> <span class='ocrx_word' id='word_1_58' title='bbox 855 967 1066 1050; x_wconf 81' lang='lat' dir='ltr'><strong>percussione,</strong></span> <span class='ocrx_word' id='word_1_59' title='bbox 1088 969 1299 1037; x_wconf 79' lang='lat' dir='ltr'><strong>membrorum</strong></span> <span class='ocrx_word' id='word_1_60' title='bbox 1318 969 1529 1051; x_wconf 88' lang='lat' dir='ltr'><strong>mutilatione,</strong></span> <span class='ocrx_word' id='word_1_61' title='bbox 1549 967 1616 1036; x_wconf 82' lang='lat' dir='ltr'><strong>sire</strong></span> <span class='ocrx_word' id='word_1_62' title='bbox 1637 967 1734 1035; x_wconf 91' lang='lat' dir='ltr'><strong>etiam</strong></span> <span class='ocrx_word' id='word_1_63' title='bbox 1755 966 1869 1051; x_wconf 85' lang='lat' dir='ltr'><strong>cepitis</strong></span> <span class='ocrx_word' id='word_1_64' title='bbox 1882 958 1985 1035; x_wconf 82' lang='lat' dir='ltr'><strong>obsc&#39;i·</strong></span> <span class='ocrx_word' id='word_1_65' title='bbox 2115 939 2122 972; x_wconf 62' lang='lat'><em>³</em></span> 
     </span>
     <span class='ocr_line' id='line_1_8' title="bbox 433 1066 2125 1162; baseline -0.001 -26"><span class='ocrx_word' id='word_1_66' title='bbox 433 1067 531 1152; x_wconf 72' lang='lat' dir='ltr'><strong>done</strong></span> <span class='ocrx_word' id='word_1_67' title='bbox 553 1074 591 1136; x_wconf 92' lang='lat' dir='ltr'><strong>ut</strong></span> <span class='ocrx_word' id='word_1_68' title='bbox 610 1069 759 1136; x_wconf 88' lang='lat' dir='ltr'><strong>maiorem</strong></span> <span class='ocrx_word' id='word_1_69' title='bbox 782 1068 866 1134; x_wconf 90' lang='lat' dir='ltr'><strong>circa</strong></span> <span class='ocrx_word' id='word_1_70' title='bbox 886 1066 989 1135; x_wconf 62' lang='lat' dir='ltr'><strong>mum</strong></span> <span class='ocrx_word' id='word_1_71' title='bbox 1010 1069 1044 1136; x_wconf 92' lang='lat' dir='ltr'><strong>iu</strong></span> <span class='ocrx_word' id='word_1_72' title='bbox 1067 1072 1229 1139; x_wconf 89' lang='lat' dir='ltr'><strong>tremendo</strong></span> <span class='ocrx_word' id='word_1_73' title='bbox 1251 1070 1367 1138; x_wconf 90' lang='lat' dir='ltr'><strong>iudicio</strong></span> <span class='ocrx_word' id='word_1_74' title='bbox 1389 1070 1537 1137; x_wconf 84' lang='lat' dir='ltr'><strong>fiduciam</strong></span> <span class='ocrx_word' id='word_1_75' title='bbox 1555 1069 1699 1151; x_wconf 78' lang='lat' dir='ltr'><strong>habmm,</strong></span> <span class='ocrx_word' id='word_1_76' title='bbox 1725 1067 1857 1153; x_wconf 87' lang='lat' dir='ltr'><strong>prefatis</strong></span> <span class='ocrx_word' id='word_1_77' title='bbox 1877 1067 1986 1136; x_wconf 87' lang='lat' dir='ltr'><strong>iratri-</strong></span> <span class='ocrx_word' id='word_1_78' title='bbox 2117 1124 2125 1162; x_wconf 67' lang='lat'><strong>,</strong></span> 
     </span>
     <span class='ocr_line' id='line_1_9' title="bbox 433 1168 2125 1257; baseline -0.001 -19"><span class='ocrx_word' id='word_1_79' title='bbox 433 1170 493 1238; x_wconf 89' lang='lat' dir='ltr'><strong>bus</strong></span> <span class='ocrx_word' id='word_1_80' title='bbox 511 1189 569 1255; x_wconf 89' lang='lat' dir='ltr'><strong>per</strong></span> <span class='ocrx_word' id='word_1_81' title='bbox 589 1188 681 1237; x_wconf 88' lang='lat' dir='ltr'><strong>snum</strong></span> <span class='ocrx_word' id='word_1_82' title='bbox 702 1169 834 1236; x_wconf 89' lang='lat' dir='ltr'><strong>iudicem</strong></span> <span class='ocrx_word' id='word_1_83' title='bbox 856 1168 915 1237; x_wconf 88' lang='lat' dir='ltr'><strong>bec</strong></span> <span class='ocrx_word' id='word_1_84' title='bbox 935 1174 1119 1256; x_wconf 86' lang='lat' dir='ltr'><strong>exequenda</strong></span> <span class='ocrx_word' id='word_1_85' title='bbox 1139 1174 1271 1241; x_wconf 90' lang='lat' dir='ltr'><strong>liberum</strong></span> <span class='ocrx_word' id='word_1_86' title='bbox 1291 1173 1517 1240; x_wconf 85' lang='lat' dir='ltr'><strong>auctoritatem</strong></span> <span class='ocrx_word' id='word_1_87' title='bbox 1539 1173 1646 1254; x_wconf 68' lang='lat' dir='ltr'><strong>tandm</strong></span> <span class='ocrx_word' id='word_1_88' title='bbox 1672 1172 1752 1239; x_wconf 90' lang='lat' dir='ltr'><strong>nulli</strong></span> <span class='ocrx_word' id='word_1_89' title='bbox 1780 1190 1855 1256; x_wconf 77' lang='lat' dir='ltr'><strong>ergo</strong></span> <span class='ocrx_word' id='word_1_90' title='bbox 1872 1171 1986 1240; x_wconf 82' lang='lat' dir='ltr'><strong>enstel-</strong></span> <span class='ocrx_word' id='word_1_91' title='bbox 2118 1218 2125 1257; x_wconf 81' lang='lat'><strong>,</strong></span> 
     </span>
     <span class='ocr_line' id='line_1_10' title="bbox 432 1268 2124 1360; baseline 0.001 -20"><span class='ocrx_word' id='word_1_92' title='bbox 432 1270 577 1340; x_wconf 72' lang='lat' dir='ltr'><strong>luorum</strong></span> <span class='ocrx_word' id='word_1_93' title='bbox 597 1275 655 1339; x_wconf 89' lang='lat' dir='ltr'><strong>aut</strong></span> <span class='ocrx_word' id='word_1_94' title='bbox 675 1271 812 1340; x_wconf 89' lang='lat' dir='ltr'><strong>iudicum</strong></span> <span class='ocrx_word' id='word_1_95' title='bbox 832 1272 898 1339; x_wconf 88' lang='lat' dir='ltr'><strong>sive</strong></span> <span class='ocrx_word' id='word_1_96' title='bbox 916 1273 1050 1341; x_wconf 86' lang='lat' dir='ltr'><strong>scitundi</strong></span> <span class='ocrx_word' id='word_1_97' title='bbox 1071 1295 1129 1344; x_wconf 87' lang='lat' dir='ltr'><strong>seu</strong></span> <span class='ocrx_word' id='word_1_98' title='bbox 1149 1275 1309 1343; x_wconf 86' lang='lat' dir='ltr'><strong>iudicandi</strong></span> <span class='ocrx_word' id='word_1_99' title='bbox 1331 1276 1365 1342; x_wconf 91' lang='lat' dir='ltr'><strong>in</strong></span> <span class='ocrx_word' id='word_1_100' title='bbox 1387 1275 1458 1360; x_wconf 88' lang='lat' dir='ltr'><strong>ipsa</strong></span> <span class='ocrx_word' id='word_1_101' title='bbox 1479 1276 1556 1342; x_wconf 84' lang='lat' dir='ltr'><strong>villa</strong></span> <span class='ocrx_word' id='word_1_102' title='bbox 1576 1275 1627 1342; x_wconf 89' lang='lat' dir='ltr'><strong>ius</strong></span> <span class='ocrx_word' id='word_1_103' title='bbox 1653 1273 1782 1359; x_wconf 80' lang='lat' dir='ltr'><strong>aliquod</strong></span> <span class='ocrx_word' id='word_1_104' title='bbox 1811 1291 1985 1341; x_wconf 75' lang='lat' dir='ltr'><strong>reservans.</strong></span> <span class='ocrx_word' id='word_1_105' title='bbox 2119 1268 2124 1340; x_wconf 74' lang='lat' dir='ltr'><strong>i</strong></span> 
     </span>
     <span class='ocr_line' id='line_1_11' title="bbox 433 1372 2125 1463; baseline 0.001 -22"><span class='ocrx_word' id='word_1_106' title='bbox 433 1373 479 1441; x_wconf 80' lang='lat' dir='ltr'><strong>Et</strong></span> <span class='ocrx_word' id='word_1_107' title='bbox 499 1378 538 1441; x_wconf 92' lang='lat' dir='ltr'><strong>ut</strong></span> <span class='ocrx_word' id='word_1_108' title='bbox 558 1373 618 1442; x_wconf 89' lang='lat' dir='ltr'><strong>hoc</strong></span> <span class='ocrx_word' id='word_1_109' title='bbox 638 1372 756 1442; x_wconf 88' lang='lat' dir='ltr'><strong>iactum</strong></span> <span class='ocrx_word' id='word_1_110' title='bbox 777 1392 880 1442; x_wconf 88' lang='lat' dir='ltr'><strong>meum</strong></span> <span class='ocrx_word' id='word_1_111' title='bbox 902 1376 1107 1447; x_wconf 87' lang='lat' dir='ltr'><strong>inhonorem</strong></span> <span class='ocrx_word' id='word_1_112' title='bbox 1129 1379 1188 1446; x_wconf 84' lang='lat' dir='ltr'><strong>Dei</strong></span> <span class='ocrx_word' id='word_1_113' title='bbox 1211 1385 1384 1462; x_wconf 80' lang='lat' dir='ltr'><strong>sancteque</strong></span> <span class='ocrx_word' id='word_1_114' title='bbox 1404 1378 1569 1463; x_wconf 79' lang='lat' dir='ltr'><strong>genitricis</strong></span> <span class='ocrx_word' id='word_1_115' title='bbox 1590 1377 1728 1446; x_wconf 87' lang='lat' dir='ltr'><strong>eiusdem</strong></span> <span class='ocrx_word' id='word_1_116' title='bbox 1750 1395 1873 1462; x_wconf 85' lang='lat' dir='ltr'><strong>semper</strong></span> <span class='ocrx_word' id='word_1_117' title='bbox 1890 1376 1986 1460; x_wconf 73' lang='lat' dir='ltr'><strong>virgi·</strong></span> <span class='ocrx_word' id='word_1_118' title='bbox 2120 1378 2125 1453; x_wconf 56' lang='lat'>2</span> 
     </span>
     <span class='ocr_line' id='line_1_12' title="bbox 433 1469 1987 1566; baseline 0.001 -22"><span class='ocrx_word' id='word_1_119' title='bbox 433 1476 483 1544; x_wconf 87' lang='lat' dir='ltr'><strong>nis</strong></span> <span class='ocrx_word' id='word_1_120' title='bbox 504 1469 608 1545; x_wconf 84' lang='lat' dir='ltr'><strong>bluie</strong></span> <span class='ocrx_word' id='word_1_121' title='bbox 626 1477 723 1546; x_wconf 86' lang='lat' dir='ltr'><strong>robur</strong></span> <span class='ocrx_word' id='word_1_122' title='bbox 744 1483 894 1562; x_wconf 90' lang='lat' dir='ltr'><strong>perpetue</strong></span> <span class='ocrx_word' id='word_1_123' title='bbox 912 1478 1075 1550; x_wconf 83' lang='lat' dir='ltr'><strong>firmitatis</strong></span> <span class='ocrx_word' id='word_1_124' title='bbox 1095 1483 1248 1562; x_wconf 80' lang='lat' dir='ltr'><strong>obtineat,</strong></span> <span class='ocrx_word' id='word_1_125' title='bbox 1281 1486 1460 1566; x_wconf 86' lang='lat' dir='ltr'><strong>presentem</strong></span> <span class='ocrx_word' id='word_1_126' title='bbox 1486 1482 1634 1564; x_wconf 81' lang='lat' dir='ltr'><strong>paginam</strong></span> <span class='ocrx_word' id='word_1_127' title='bbox 1656 1481 1690 1546; x_wconf 90' lang='lat' dir='ltr'><strong>in</strong></span> <span class='ocrx_word' id='word_1_128' title='bbox 1712 1479 1806 1547; x_wconf 89' lang='lat' dir='ltr'><strong>buius</strong></span> <span class='ocrx_word' id='word_1_129' title='bbox 1828 1479 1874 1547; x_wconf 88' lang='lat' dir='ltr'><strong>rei</strong></span> <span class='ocrx_word' id='word_1_130' title='bbox 1895 1478 1987 1546; x_wconf 87' lang='lat' dir='ltr'><strong>testi·</strong></span> 
     </span>
     <span class='ocr_line' id='line_1_13' title="bbox 433 1579 2127 1665; baseline 0.006 -18"><span class='ocrx_word' id='word_1_131' title='bbox 433 1579 573 1648; x_wconf 91' lang='lat' dir='ltr'><strong>monium</strong></span> <span class='ocrx_word' id='word_1_132' title='bbox 595 1579 690 1664; x_wconf 82' lang='lat' dir='ltr'><strong>sigilli</strong></span> <span class='ocrx_word' id='word_1_133' title='bbox 711 1581 773 1647; x_wconf 90' lang='lat' dir='ltr'><strong>mci</strong></span> <span class='ocrx_word' id='word_1_134' title='bbox 793 1582 984 1665; x_wconf 78' lang='lat' dir='ltr'><strong>appensione</strong></span> <span class='ocrx_word' id='word_1_135' title='bbox 1006 1583 1066 1651; x_wconf 87' lang='lat' dir='ltr'><strong>ieci</strong></span> <span class='ocrx_word' id='word_1_136' title='bbox 1087 1584 1239 1653; x_wconf 92' lang='lat' dir='ltr'><strong>roborari.</strong></span> <span class='ocrx_word' id='word_1_137' title='bbox 1284 1584 1403 1652; x_wconf 87' lang='lat' dir='ltr'><strong>Datum</strong></span> <span class='ocrx_word' id='word_1_138' title='bbox 1423 1591 1458 1652; x_wconf 89' lang='lat' dir='ltr'><strong>et</strong></span> <span class='ocrx_word' id='word_1_139' title='bbox 1477 1590 1584 1652; x_wconf 74' lang='lat' dir='ltr'><strong>acuum</strong></span> <span class='ocrx_word' id='word_1_140' title='bbox 1607 1584 1640 1650; x_wconf 94' lang='lat' dir='ltr'><strong>in</strong></span> <span class='ocrx_word' id='word_1_141' title='bbox 1662 1584 1793 1651; x_wconf 82' lang='lat' dir='ltr'><strong>Gnesna</strong></span> <span class='ocrx_word' id='word_1_142' title='bbox 1819 1584 1854 1650; x_wconf 91' lang='lat' dir='ltr'><strong>in</strong></span> <span class='ocrx_word' id='word_1_143' title='bbox 1874 1582 1987 1651; x_wconf 84' lang='lat' dir='ltr'><strong>crasti-</strong></span> <span class='ocrx_word' id='word_1_144' title='bbox 2093 1629 2095 1633; x_wconf 30' lang='grc' dir='ltr'><em>ν</em></span> <span class='ocrx_word' id='word_1_145' title='bbox 2121 1631 2127 1657; x_wconf 63' lang='lat'>2</span> 
     </span>
     <span class='ocr_line' id='line_1_14' title="bbox 433 1682 2128 1772; baseline 0.001 -22"><span class='ocrx_word' id='word_1_146' title='bbox 433 1700 510 1750; x_wconf 90' lang='lat' dir='ltr'><strong>num</strong></span> <span class='ocrx_word' id='word_1_147' title='bbox 535 1683 637 1750; x_wconf 85' lang='lat' dir='ltr'><strong>sancti</strong></span> <span class='ocrx_word' id='word_1_148' title='bbox 662 1682 825 1750; x_wconf 74' lang='lat' dir='ltr'><strong>adalberti</strong></span> <span class='ocrx_word' id='word_1_149' title='bbox 858 1704 940 1753; x_wconf 91' lang='lat' dir='ltr'><strong>anno</strong></span> <span class='ocrx_word' id='word_1_150' title='bbox 966 1687 1094 1754; x_wconf 87' lang='lat' dir='ltr'><strong>Domini</strong></span> <span class='ocrx_word' id='word_1_151' title='bbox 1120 1685 1231 1754; x_wconf 73' lang='lat' dir='ltr'><strong>mco.</strong></span> <span class='ocrx_word' id='word_1_152' title='bbox 1256 1688 1451 1772; x_wconf 79' lang='lat' dir='ltr'><strong>sexagesimo</strong></span> <span class='ocrx_word' id='word_1_153' title='bbox 1474 1686 1620 1755; x_wconf 88' lang='lat' dir='ltr'><strong>secundo.</strong></span> <span class='ocrx_word' id='word_1_154' title='bbox 1665 1686 1767 1755; x_wconf 82' lang='lat' dir='ltr'><strong>Adest</strong></span> <span class='ocrx_word' id='word_1_155' title='bbox 1793 1692 1828 1754; x_wconf 89' lang='lat' dir='ltr'><strong>et</strong></span> <span class='ocrx_word' id='word_1_156' title='bbox 1847 1685 1987 1753; x_wconf 86' lang='lat' dir='ltr'><strong>fidelium</strong></span> <span class='ocrx_word' id='word_1_157' title='bbox 2124 1728 2128 1737; x_wconf 88' lang='lat'>·</span> 
     </span>
    </p>
   </div>
   <div class='ocr_carea' id='block_1_4' title="bbox 434 1784 1988 2078">
    <p class='ocr_par' dir='ltr' id='par_1_4' title="bbox 434 1784 1988 2078">
     <span class='ocr_line' id='line_1_15' title="bbox 434 1784 1987 1874; baseline 0.001 -22"><span class='ocrx_word' id='word_1_158' title='bbox 434 1784 566 1852; x_wconf 87' lang='lat' dir='ltr'><strong>testium</strong></span> <span class='ocrx_word' id='word_1_159' title='bbox 583 1784 782 1869; x_wconf 72' lang='lat' dir='ltr'><strong>astipulatio:</strong></span> <span class='ocrx_word' id='word_1_160' title='bbox 804 1785 959 1854; x_wconf 89' lang='lat' dir='ltr'><strong>lohannes</strong></span> <span class='ocrx_word' id='word_1_161' title='bbox 978 1788 1183 1856; x_wconf 86' lang='lat' dir='ltr'><strong>cancellarius</strong></span> <span class='ocrx_word' id='word_1_162' title='bbox 1208 1788 1308 1871; x_wconf 76' lang='lat' dir='ltr'><strong>(luds,</strong></span> <span class='ocrx_word' id='word_1_163' title='bbox 1335 1789 1497 1874; x_wconf 85' lang='lat' dir='ltr'><strong>palatinus</strong></span> <span class='ocrx_word' id='word_1_164' title='bbox 1525 1788 1718 1872; x_wconf 80' lang='lat' dir='ltr'><strong>Prodpollro,</strong></span> <span class='ocrx_word' id='word_1_165' title='bbox 1745 1805 1850 1856; x_wconf 89' lang='lat' dir='ltr'><strong>eomes</strong></span> <span class='ocrx_word' id='word_1_166' title='bbox 1878 1785 1987 1854; x_wconf 87' lang='lat' dir='ltr'><strong>Simon</strong></span> 
     </span>
     <span class='ocr_line' id='line_1_16' title="bbox 434 1885 1988 1976; baseline 0 -21"><span class='ocrx_word' id='word_1_167' title='bbox 434 1885 631 1955; x_wconf 76' lang='lat' dir='ltr'><strong>(lucanensis</strong></span> <span class='ocrx_word' id='word_1_168' title='bbox 652 1886 851 1970; x_wconf 65' lang='lat' dir='ltr'><strong>melania,</strong></span> <span class='ocrx_word' id='word_1_169' title='bbox 873 1887 1031 1958; x_wconf 86' lang='lat' dir='ltr'><strong>Iohannes</strong></span> <span class='ocrx_word' id='word_1_170' title='bbox 1054 1889 1237 1958; x_wconf 85' lang='lat' dir='ltr'><strong>Gulisicnsis</strong></span> <span class='ocrx_word' id='word_1_171' title='bbox 1257 1891 1460 1974; x_wconf 82' lang='lat' dir='ltr'><strong>castellanus,</strong></span> <span class='ocrx_word' id='word_1_172' title='bbox 1491 1891 1560 1976; x_wconf 88' lang='lat' dir='ltr'><strong>ipse</strong></span> <span class='ocrx_word' id='word_1_173' title='bbox 1581 1909 1686 1959; x_wconf 83' lang='lat' dir='ltr'><strong>eomes</strong></span> <span class='ocrx_word' id='word_1_174' title='bbox 1710 1888 1896 1969; x_wconf 91' lang='lat' dir='ltr'><strong>Biisborius,</strong></span> <span class='ocrx_word' id='word_1_175' title='bbox 1917 1886 1988 1955; x_wconf 85' lang='lat' dir='ltr'><strong>Ma·</strong></span> 
     </span>
     <span class='ocr_line' id='line_1_17' title="bbox 434 1987 1920 2078; baseline 0 -21"><span class='ocrx_word' id='word_1_176' title='bbox 434 1987 528 2057; x_wconf 82' lang='lat' dir='ltr'><strong>thess</strong></span> <span class='ocrx_word' id='word_1_177' title='bbox 549 1989 650 2057; x_wconf 89' lang='lat' dir='ltr'><strong>maior</strong></span> <span class='ocrx_word' id='word_1_178' title='bbox 671 1989 752 2074; x_wconf 85' lang='lat' dir='ltr'><strong>(sic),</strong></span> <span class='ocrx_word' id='word_1_179' title='bbox 774 1990 925 2074; x_wconf 77' lang='lat' dir='ltr'><strong>numnius,</strong></span> <span class='ocrx_word' id='word_1_180' title='bbox 944 1989 1102 2060; x_wconf 86' lang='lat' dir='ltr'><strong>Henricus</strong></span> <span class='ocrx_word' id='word_1_181' title='bbox 1123 1998 1311 2076; x_wconf 88' lang='lat' dir='ltr'><strong>procurater</strong></span> <span class='ocrx_word' id='word_1_182' title='bbox 1332 1993 1529 2062; x_wconf 82' lang='lat' dir='ltr'><strong>Guesnensis</strong></span> <span class='ocrx_word' id='word_1_183' title='bbox 1550 1999 1585 2061; x_wconf 91' lang='lat' dir='ltr'><strong>et</strong></span> <span class='ocrx_word' id='word_1_184' title='bbox 1605 1993 1662 2060; x_wconf 84' lang='lat' dir='ltr'><strong>alii</strong></span> <span class='ocrx_word' id='word_1_185' title='bbox 1683 2011 1779 2078; x_wconf 87' lang='lat' dir='ltr'><strong>quam</strong></span> <span class='ocrx_word' id='word_1_186' title='bbox 1804 1991 1920 2076; x_wconf 75' lang='lat' dir='ltr'><strong>plures</strong></span> 
     </span>
    </p>
   </div>
   <div class='ocr_carea' id='block_1_5' title="bbox 540 2191 2135 2287">
    <p class='ocr_par' dir='ltr' id='par_1_5' title="bbox 540 2191 2135 2287">
     <span class='ocr_line' id='line_1_18' title="bbox 540 2191 2135 2287; baseline -0.013 -10"><span class='ocrx_word' id='word_1_187' title='bbox 540 2191 690 2276; x_wconf 66' lang='lat' dir='ltr'><strong>Vrbes,</strong></span> <span class='ocrx_word' id='word_1_188' title='bbox 719 2196 883 2263; x_wconf 67' lang='lat' dir='ltr'><strong>reram.</strong></span> <span class='ocrx_word' id='word_1_189' title='bbox 926 2194 1113 2281; x_wconf 72' lang='lat' dir='ltr'><strong>amnena,</strong></span> <span class='ocrx_word' id='word_1_190' title='bbox 1135 2201 1174 2264; x_wconf 75' lang='lat' dir='ltr'><strong>a</strong></span> <span class='ocrx_word' id='word_1_191' title='bbox 1193 2200 1269 2287; x_wconf 58' lang='lat' dir='ltr'><strong>aaa</strong></span> <span class='ocrx_word' id='word_1_192' title='bbox 1313 2195 1507 2280; x_wconf 63' lang='lat' dir='ltr'><strong>marono,</strong></span> <span class='ocrx_word' id='word_1_193' title='bbox 1528 2196 1707 2283; x_wconf 66' lang='lat' dir='ltr'><strong>eseam,</strong></span> <span class='ocrx_word' id='word_1_194' title='bbox 1734 2195 1803 2262; x_wconf 68' lang='lat' dir='ltr'><strong>aar</strong></span> <span class='ocrx_word' id='word_1_195' title='bbox 1823 2198 1877 2260; x_wconf 69' lang='lat' dir='ltr'><strong>aar</strong></span> <span class='ocrx_word' id='word_1_196' title='bbox 1897 2213 1988 2260; x_wconf 70' lang='lat' dir='ltr'><strong>m.</strong></span> <span class='ocrx_word' id='word_1_197' title='bbox 2131 2253 2135 2279; x_wconf 82' lang='grc'>,</span> 
     </span>
    </p>
   </div>
   <div class='ocr_carea' id='block_1_6' title="bbox 1106 2489 1313 2580">
    <p class='ocr_par' dir='ltr' id='par_1_6' title="bbox 1106 2489 1313 2580">
     <span class='ocr_line' id='line_1_19' title="bbox 1106 2489 1313 2580; baseline 0.005 -2"><span class='ocrx_word' id='word_1_198' title='bbox 1106 2493 1180 2580; x_wconf 83' lang='lat' dir='ltr'><strong>Nn.</strong></span> <span class='ocrx_word' id='word_1_199' title='bbox 1212 2489 1313 2579; x_wconf 83' lang='lat'><strong>396.</strong></span> 
     </span>
    </p>
   </div>
   <div class='ocr_carea' id='block_1_7' title="bbox 433 2671 1993 3202">
    <p class='ocr_par' dir='ltr' id='par_1_7' title="bbox 433 2671 1993 3202">
     <span class='ocr_line' id='line_1_20' title="bbox 540 2671 1991 2794; baseline -0.001 -19"><span class='ocrx_word' id='word_1_200' title='bbox 540 2688 732 2775; x_wconf 78' lang='lat' dir='ltr'><strong>Bolulsm</strong></span> <span class='ocrx_word' id='word_1_201' title='bbox 758 2689 835 2771; x_wconf 88' lang='lat' dir='ltr'><strong>dux</strong></span> <span class='ocrx_word' id='word_1_202' title='bbox 859 2688 1010 2772; x_wconf 88' lang='lat' dir='ltr'><strong>Polonls</strong></span> <span class='ocrx_word' id='word_1_203' title='bbox 1043 2693 1179 2773; x_wconf 85' lang='grc'><strong>1262</strong></span> <span class='ocrx_word' id='word_1_204' title='bbox 1209 2688 1298 2794; x_wconf 78' lang='lat' dir='ltr'><strong>Aps.</strong></span> <span class='ocrx_word' id='word_1_205' title='bbox 1323 2694 1415 2789; x_wconf 81' lang='lat'><strong>26,</strong></span> <span class='ocrx_word' id='word_1_206' title='bbox 1444 2691 1489 2775; x_wconf 87' lang='lat' dir='ltr'><strong>in</strong></span> <span class='ocrx_word' id='word_1_207' title='bbox 1514 2671 1677 2793; x_wconf 76' lang='lat' dir='ltr'><strong>dnsmm</strong></span> <span class='ocrx_word' id='word_1_208' title='bbox 1709 2705 1854 2776; x_wconf 70' lang='lat' dir='ltr'><strong>conam</strong></span> <span class='ocrx_word' id='word_1_209' title='bbox 1881 2705 1991 2774; x_wconf 71' lang='lat' dir='ltr'><strong>unus</strong></span> 
     </span>
     <span class='ocr_line' id='line_1_21' title="bbox 434 2808 1991 2900; baseline -0.003 -19"><span class='ocrx_word' id='word_1_210' title='bbox 434 2812 483 2881; x_wconf 89' lang='lat' dir='ltr'><strong>sie</strong></span> <span class='ocrx_word' id='word_1_211' title='bbox 514 2810 749 2896; x_wconf 70' lang='lat' dir='ltr'><strong>achiepiscope</strong></span> <span class='ocrx_word' id='word_1_212' title='bbox 781 2808 959 2877; x_wconf 75' lang='lat' dir='ltr'><strong>Gnmnensi</strong></span> <span class='ocrx_word' id='word_1_213' title='bbox 991 2809 1124 2879; x_wconf 87' lang='lat' dir='ltr'><strong>liberam</strong></span> <span class='ocrx_word' id='word_1_214' title='bbox 1157 2815 1349 2896; x_wconf 79' lang='lat' dir='ltr'><strong>potestatem</strong></span> <span class='ocrx_word' id='word_1_215' title='bbox 1386 2809 1512 2880; x_wconf 83' lang='lat' dir='ltr'><strong>locandi</strong></span> <span class='ocrx_word' id='word_1_216' title='bbox 1544 2809 1637 2900; x_wconf 84' lang='lat' dir='ltr'><strong>villas</strong></span> <span class='ocrx_word' id='word_1_217' title='bbox 1665 2829 1724 2879; x_wconf 90' lang='lat' dir='ltr'><strong>seu</strong></span> <span class='ocrx_word' id='word_1_218' title='bbox 1751 2809 1896 2878; x_wconf 85' lang='lat' dir='ltr'><strong>civitates</strong></span> <span class='ocrx_word' id='word_1_219' title='bbox 1921 2810 1991 2877; x_wconf 89' lang='lat' dir='ltr'><strong>iure</strong></span> 
     </span>
     <span class='ocr_line' id='line_1_22' title="bbox 433 2913 1993 3202; baseline 0.001 -120"><span class='ocrx_word' id='word_1_220' title='bbox 433 2913 687 3202; x_wconf 41' lang='lat' dir='ltr'><strong>KQ.</strong></span> <span class='ocrx_word' id='word_1_221' title='bbox 738 3018 856 3082; x_wconf 68' lang='lat' dir='ltr'><strong>Archia</strong></span> <span class='ocrx_word' id='word_1_222' title='bbox 893 3019 1027 3096; x_wconf 72' lang='lat' dir='ltr'><strong>captate</strong></span> <span class='ocrx_word' id='word_1_223' title='bbox 1063 3019 1223 3107; x_wconf 76' lang='lat' dir='ltr'><strong>Metropot</strong></span> <span class='ocrx_word' id='word_1_224' title='bbox 1282 3020 1420 3100; x_wconf 68' lang='lat' dir='ltr'><strong>depecta</strong></span> <span class='ocrx_word' id='word_1_225' title='bbox 1448 3021 1637 3100; x_wconf 70' lang='lat' dir='ltr'><strong>priuileoioe.</strong></span> <span class='ocrx_word' id='word_1_226' title='bbox 1679 3017 1825 3094; x_wconf 66' lang='lat' dir='ltr'><strong>emaus</strong></span> <span class='ocrx_word' id='word_1_227' title='bbox 1853 3019 1993 3123; x_wconf 64' lang='lat' dir='ltr'><strong>medei</strong></span> 
     </span>
    </p>

    <p class='ocr_par' dir='ltr' id='par_1_8' title="bbox 593 3126 703 3188">
     <span class='ocr_line' id='line_1_23' title="bbox 593 3126 703 3188; baseline 0 -1"><span class='ocrx_word' id='word_1_228' title='bbox 593 3126 629 3187; x_wconf 87' lang='lat' dir='ltr'><strong>ol.</strong></span> <span class='ocrx_word' id='word_1_229' title='bbox 673 3140 703 3188; x_wconf 85' lang='lat' dir='ltr'><strong>a.</strong></span> 
     </span>
    </p>
   </div>
   <div class='ocr_carea' id='block_1_8' title="bbox 435 3322 1997 4848">
    <p class='ocr_par' dir='ltr' id='par_1_9' title="bbox 435 3322 1997 4848">
     <span class='ocr_line' id='line_1_24' title="bbox 540 3322 1993 3404; baseline -0.003 -9"><span class='ocrx_word' id='word_1_230' title='bbox 540 3324 579 3394; x_wconf 87' lang='lat' dir='ltr'><strong>lu</strong></span> <span class='ocrx_word' id='word_1_231' title='bbox 596 3324 723 3395; x_wconf 88' lang='lat' dir='ltr'><strong>nomine</strong></span> <span class='ocrx_word' id='word_1_232' title='bbox 743 3322 869 3392; x_wconf 85' lang='lat' dir='ltr'><strong>Domini</strong></span> <span class='ocrx_word' id='word_1_233' title='bbox 886 3323 988 3391; x_wconf 90' lang='lat' dir='ltr'><strong>nestri</strong></span> <span class='ocrx_word' id='word_1_234' title='bbox 1008 3322 1081 3391; x_wconf 89' lang='lat' dir='ltr'><strong>Iesu</strong></span> <span class='ocrx_word' id='word_1_235' title='bbox 1104 3322 1225 3391; x_wconf 79' lang='lat' dir='ltr'><strong>christi</strong></span> <span class='ocrx_word' id='word_1_236' title='bbox 1246 3341 1349 3392; x_wconf 81' lang='lat' dir='ltr'><strong>amen</strong></span> <span class='ocrx_word' id='word_1_237' title='bbox 1378 3322 1533 3404; x_wconf 81' lang='lat' dir='ltr'><strong>Quoniam</strong></span> <span class='ocrx_word' id='word_1_238' title='bbox 1546 3325 1684 3393; x_wconf 87' lang='lat' dir='ltr'><strong>mundus</strong></span> <span class='ocrx_word' id='word_1_239' title='bbox 1698 3323 1835 3394; x_wconf 86' lang='lat' dir='ltr'><strong>caducus</strong></span> <span class='ocrx_word' id='word_1_240' title='bbox 1848 3328 1898 3393; x_wconf 89' lang='lat' dir='ltr'><strong>est</strong></span> <span class='ocrx_word' id='word_1_241' title='bbox 1910 3329 1946 3391; x_wconf 91' lang='lat' dir='ltr'><strong>et</strong></span> <span class='ocrx_word' id='word_1_242' title='bbox 1958 3322 1993 3390; x_wconf 90' lang='lat' dir='ltr'><strong>in</strong></span> 
     </span>
     <span class='ocr_line' id='line_1_25' title="bbox 435 3425 1993 3513; baseline -0.003 -15"><span class='ocrx_word' id='word_1_243' title='bbox 435 3429 568 3498; x_wconf 53' lang='lat' dir='ltr'><strong>mersis</strong></span> <span class='ocrx_word' id='word_1_244' title='bbox 588 3426 719 3496; x_wconf 83' lang='lat' dir='ltr'><strong>cottidie</strong></span> <span class='ocrx_word' id='word_1_245' title='bbox 740 3426 863 3494; x_wconf 87' lang='lat' dir='ltr'><strong>ossibus</strong></span> <span class='ocrx_word' id='word_1_246' title='bbox 882 3425 1035 3507; x_wconf 82' lang='lat' dir='ltr'><strong>variatur,</strong></span> <span class='ocrx_word' id='word_1_247' title='bbox 1056 3426 1173 3494; x_wconf 85' lang='lat' dir='ltr'><strong>idcirco</strong></span> <span class='ocrx_word' id='word_1_248' title='bbox 1194 3444 1324 3494; x_wconf 88' lang='lat' dir='ltr'><strong>necesse</strong></span> <span class='ocrx_word' id='word_1_249' title='bbox 1342 3430 1393 3494; x_wconf 87' lang='lat' dir='ltr'><strong>est</strong></span> <span class='ocrx_word' id='word_1_250' title='bbox 1412 3426 1557 3495; x_wconf 77' lang='lat' dir='ltr'><strong>semones</strong></span> <span class='ocrx_word' id='word_1_251' title='bbox 1578 3428 1736 3513; x_wconf 75' lang='lat' dir='ltr'><strong>legitimas</strong></span> <span class='ocrx_word' id='word_1_252' title='bbox 1757 3446 1820 3513; x_wconf 90' lang='lat' dir='ltr'><strong>que</strong></span> <span class='ocrx_word' id='word_1_253' title='bbox 1842 3426 1993 3495; x_wconf 90' lang='lat' dir='ltr'><strong>memoria</strong></span> 
     </span>
     <span class='ocr_line' id='line_1_26' title="bbox 436 3528 1994 3617; baseline -0.001 -20"><span class='ocrx_word' id='word_1_254' title='bbox 436 3531 589 3617; x_wconf 75' lang='lat' dir='ltr'><strong>indigent,</strong></span> <span class='ocrx_word' id='word_1_255' title='bbox 610 3549 668 3617; x_wconf 87' lang='lat' dir='ltr'><strong>por</strong></span> <span class='ocrx_word' id='word_1_256' title='bbox 688 3530 799 3613; x_wconf 84' lang='lat' dir='ltr'><strong>scripti</strong></span> <span class='ocrx_word' id='word_1_257' title='bbox 819 3528 1045 3597; x_wconf 88' lang='lat' dir='ltr'><strong>continentiam</strong></span> <span class='ocrx_word' id='word_1_258' title='bbox 1066 3528 1099 3594; x_wconf 93' lang='lat' dir='ltr'><strong>in</strong></span> <span class='ocrx_word' id='word_1_259' title='bbox 1120 3529 1269 3597; x_wconf 76' lang='lat' dir='ltr'><strong>potidam</strong></span> <span class='ocrx_word' id='word_1_260' title='bbox 1290 3529 1466 3597; x_wconf 84' lang='lat' dir='ltr'><strong>transmitti</strong></span> <span class='ocrx_word' id='word_1_261' title='bbox 1487 3535 1697 3614; x_wconf 88' lang='lat' dir='ltr'><strong>posterorum.</strong></span> <span class='ocrx_word' id='word_1_262' title='bbox 1727 3529 1882 3599; x_wconf 76' lang='lat' dir='ltr'><strong>llorerint</strong></span> <span class='ocrx_word' id='word_1_263' title='bbox 1894 3529 1994 3616; x_wconf 79' lang='lat' dir='ltr'><strong>igitur</strong></span> 
     </span>
     <span class='ocr_line' id='line_1_27' title="bbox 436 3627 1994 3718; baseline -0.001 -15"><span class='ocrx_word' id='word_1_264' title='bbox 436 3627 576 3703; x_wconf 83' lang='lat' dir='ltr'><strong>universi</strong></span> <span class='ocrx_word' id='word_1_265' title='bbox 595 3637 757 3718; x_wconf 88' lang='lat' dir='ltr'><strong>presentes</strong></span> <span class='ocrx_word' id='word_1_266' title='bbox 775 3637 809 3700; x_wconf 90' lang='lat' dir='ltr'><strong>et</strong></span> <span class='ocrx_word' id='word_1_267' title='bbox 829 3632 957 3717; x_wconf 79' lang='lat' dir='ltr'><strong>posteri,</strong></span> <span class='ocrx_word' id='word_1_268' title='bbox 979 3631 1065 3714; x_wconf 90' lang='lat' dir='ltr'><strong>quod</strong></span> <span class='ocrx_word' id='word_1_269' title='bbox 1086 3648 1144 3697; x_wconf 87' lang='lat' dir='ltr'><strong>nes</strong></span> <span class='ocrx_word' id='word_1_270' title='bbox 1157 3631 1331 3700; x_wconf 74' lang='lat' dir='ltr'><strong>&#39;Boleslaus</strong></span> <span class='ocrx_word' id='word_1_271' title='bbox 1352 3630 1413 3700; x_wconf 89' lang='lat' dir='ltr'><strong>Dei</strong></span> <span class='ocrx_word' id='word_1_272' title='bbox 1430 3633 1536 3716; x_wconf 66' lang='lat' dir='ltr'><strong>matis</strong></span> <span class='ocrx_word' id='word_1_273' title='bbox 1556 3633 1623 3700; x_wconf 85' lang='lat' dir='ltr'><strong>dux</strong></span> <span class='ocrx_word' id='word_1_274' title='bbox 1643 3632 1774 3701; x_wconf 89' lang='lat' dir='ltr'><strong>Polonie</strong></span> <span class='ocrx_word' id='word_1_275' title='bbox 1794 3631 1994 3718; x_wconf 79' lang='lat' dir='ltr'><strong>predecesso-</strong></span> 
     </span>
     <span class='ocr_line' id='line_1_28' title="bbox 436 3733 1994 3821; baseline -0.003 -15"><span class='ocrx_word' id='word_1_276' title='bbox 436 3755 509 3806; x_wconf 89' lang='lat' dir='ltr'><strong>rum</strong></span> <span class='ocrx_word' id='word_1_277' title='bbox 529 3742 710 3804; x_wconf 86' lang='lat' dir='ltr'><strong>nostrorum</strong></span> <span class='ocrx_word' id='word_1_278' title='bbox 731 3734 835 3802; x_wconf 89' lang='lat' dir='ltr'><strong>idonei</strong></span> <span class='ocrx_word' id='word_1_279' title='bbox 856 3734 1035 3801; x_wconf 81' lang='lat' dir='ltr'><strong>imitatores</strong></span> <span class='ocrx_word' id='word_1_280' title='bbox 1061 3733 1223 3817; x_wconf 90' lang='lat' dir='ltr'><strong>cupientes</strong></span> <span class='ocrx_word' id='word_1_281' title='bbox 1252 3734 1331 3819; x_wconf 89' lang='lat' dir='ltr'><strong>lieri,</strong></span> <span class='ocrx_word' id='word_1_282' title='bbox 1359 3735 1527 3818; x_wconf 88' lang='lat' dir='ltr'><strong>presertim</strong></span> <span class='ocrx_word' id='word_1_283' title='bbox 1548 3736 1583 3803; x_wconf 92' lang='lat' dir='ltr'><strong>in</strong></span> <span class='ocrx_word' id='word_1_284' title='bbox 1604 3735 1667 3803; x_wconf 87' lang='lat' dir='ltr'><strong>biis</strong></span> <span class='ocrx_word' id='word_1_285' title='bbox 1688 3755 1752 3821; x_wconf 91' lang='lat' dir='ltr'><strong>que</strong></span> <span class='ocrx_word' id='word_1_286' title='bbox 1780 3735 1822 3804; x_wconf 86' lang='lat' dir='ltr'><strong>ad</strong></span> <span class='ocrx_word' id='word_1_287' title='bbox 1842 3733 1994 3803; x_wconf 87' lang='lat' dir='ltr'><strong>bonorem</strong></span> 
     </span>
     <span class='ocr_line' id='line_1_29' title="bbox 436 3834 1996 3921; baseline -0.004 -12"><span class='ocrx_word' id='word_1_288' title='bbox 436 3839 497 3909; x_wconf 86' lang='lat' dir='ltr'><strong>Dei</strong></span> <span class='ocrx_word' id='word_1_289' title='bbox 516 3845 550 3909; x_wconf 87' lang='lat' dir='ltr'><strong>et</strong></span> <span class='ocrx_word' id='word_1_290' title='bbox 569 3839 814 3908; x_wconf 82' lang='lat' dir='ltr'><strong>eeclesiasticam</strong></span> <span class='ocrx_word' id='word_1_291' title='bbox 834 3837 1007 3904; x_wconf 77' lang='lat' dir='ltr'><strong>autumn</strong></span> <span class='ocrx_word' id='word_1_292' title='bbox 1029 3834 1115 3903; x_wconf 82' lang='lat' dir='ltr'><strong>laeta</strong></span> <span class='ocrx_word' id='word_1_293' title='bbox 1133 3854 1190 3904; x_wconf 90' lang='lat' dir='ltr'><strong>sen</strong></span> <span class='ocrx_word' id='word_1_294' title='bbox 1210 3837 1288 3905; x_wconf 88' lang='lat' dir='ltr'><strong>data</strong></span> <span class='ocrx_word' id='word_1_295' title='bbox 1309 3855 1379 3905; x_wconf 89' lang='lat' dir='ltr'><strong>esse</strong></span> <span class='ocrx_word' id='word_1_296' title='bbox 1400 3843 1585 3921; x_wconf 88' lang='lat' dir='ltr'><strong>noscuntur,</strong></span> <span class='ocrx_word' id='word_1_297' title='bbox 1607 3837 1649 3906; x_wconf 91' lang='lat' dir='ltr'><strong>ob</strong></span> <span class='ocrx_word' id='word_1_298' title='bbox 1662 3838 1873 3908; x_wconf 82' lang='lat' dir='ltr'><strong>reverentiam</strong></span> <span class='ocrx_word' id='word_1_299' title='bbox 1887 3835 1946 3904; x_wconf 87' lang='lat' dir='ltr'><strong>Dei</strong></span> <span class='ocrx_word' id='word_1_300' title='bbox 1960 3842 1996 3904; x_wconf 90' lang='lat' dir='ltr'><strong>et</strong></span> 
     </span>
     <span class='ocr_line' id='line_1_30' title="bbox 436 3939 1994 4027; baseline -0.004 -14"><span class='ocrx_word' id='word_1_301' title='bbox 436 3942 523 4012; x_wconf 86' lang='lat' dir='ltr'><strong>besti</strong></span> <span class='ocrx_word' id='word_1_302' title='bbox 540 3941 717 4025; x_wconf 76' lang='lat' dir='ltr'><strong>adalberti,</strong></span> <span class='ocrx_word' id='word_1_303' title='bbox 741 3960 798 4026; x_wconf 91' lang='lat' dir='ltr'><strong>pro</strong></span> <span class='ocrx_word' id='word_1_304' title='bbox 819 3945 929 4007; x_wconf 85' lang='lat' dir='ltr'><strong>nostra</strong></span> <span class='ocrx_word' id='word_1_305' title='bbox 949 3944 1193 4024; x_wconf 87' lang='lat' dir='ltr'><strong>nostrorumque</strong></span> <span class='ocrx_word' id='word_1_306' title='bbox 1214 3939 1329 4022; x_wconf 85' lang='lat' dir='ltr'><strong>salute,</strong></span> <span class='ocrx_word' id='word_1_307' title='bbox 1351 3941 1495 4024; x_wconf 89' lang='lat' dir='ltr'><strong>iuspecto</strong></span> <span class='ocrx_word' id='word_1_308' title='bbox 1517 3940 1616 4010; x_wconf 87' lang='lat' dir='ltr'><strong>etism</strong></span> <span class='ocrx_word' id='word_1_309' title='bbox 1638 3961 1715 4027; x_wconf 80' lang='lat' dir='ltr'><strong>erga</strong></span> <span class='ocrx_word' id='word_1_310' title='bbox 1734 3959 1793 4009; x_wconf 91' lang='lat' dir='ltr'><strong>nos</strong></span> <span class='ocrx_word' id='word_1_311' title='bbox 1807 3939 1994 4008; x_wconf 83' lang='lat' dir='ltr'><strong>venerabilis</strong></span> 
     </span>
     <span class='ocr_line' id='line_1_31' title="bbox 438 4041 1995 4132; baseline -0.003 -18"><span class='ocrx_word' id='word_1_312' title='bbox 438 4046 541 4132; x_wconf 81' lang='lat' dir='ltr'><strong>patris</strong></span> <span class='ocrx_word' id='word_1_313' title='bbox 559 4045 696 4113; x_wconf 77' lang='lat' dir='ltr'><strong>hnussii</strong></span> <span class='ocrx_word' id='word_1_314' title='bbox 717 4043 911 4113; x_wconf 86' lang='lat' dir='ltr'><strong>Gneznensis</strong></span> <span class='ocrx_word' id='word_1_315' title='bbox 929 4041 1158 4127; x_wconf 86' lang='lat' dir='ltr'><strong>archiepiscopi</strong></span> <span class='ocrx_word' id='word_1_316' title='bbox 1172 4042 1259 4112; x_wconf 89' lang='lat' dir='ltr'><strong>iideli</strong></span> <span class='ocrx_word' id='word_1_317' title='bbox 1273 4043 1415 4124; x_wconf 82' lang='lat' dir='ltr'><strong>servicio,</strong></span> <span class='ocrx_word' id='word_1_318' title='bbox 1437 4043 1539 4110; x_wconf 69' lang='lat' dir='ltr'><strong>eid·</strong></span> <span class='ocrx_word' id='word_1_319' title='bbox 1552 4043 1789 4129; x_wconf 87' lang='lat' dir='ltr'><strong>archiepiscope</strong></span> <span class='ocrx_word' id='word_1_320' title='bbox 1804 4042 1995 4112; x_wconf 88' lang='lat' dir='ltr'><strong>contulimus</strong></span> 
     </span>
     <span class='ocr_line' id='line_1_32' title="bbox 437 4144 1995 4230; baseline -0.003 -13"><span class='ocrx_word' id='word_1_321' title='bbox 437 4152 473 4217; x_wconf 87' lang='lat' dir='ltr'><strong>et</strong></span> <span class='ocrx_word' id='word_1_322' title='bbox 489 4147 712 4217; x_wconf 85' lang='lat' dir='ltr'><strong>confirmamus</strong></span> <span class='ocrx_word' id='word_1_323' title='bbox 733 4147 864 4215; x_wconf 86' lang='lat' dir='ltr'><strong>liberam</strong></span> <span class='ocrx_word' id='word_1_324' title='bbox 884 4149 1076 4230; x_wconf 85' lang='lat' dir='ltr'><strong>potestatem</strong></span> <span class='ocrx_word' id='word_1_325' title='bbox 1098 4144 1223 4212; x_wconf 83' lang='lat' dir='ltr'><strong>locandi</strong></span> <span class='ocrx_word' id='word_1_326' title='bbox 1243 4145 1337 4211; x_wconf 80' lang='lat' dir='ltr'><strong>villas</strong></span> <span class='ocrx_word' id='word_1_327' title='bbox 1359 4162 1417 4210; x_wconf 90' lang='lat' dir='ltr'><strong>seu</strong></span> <span class='ocrx_word' id='word_1_328' title='bbox 1439 4144 1584 4213; x_wconf 84' lang='lat' dir='ltr'><strong>civitates</strong></span> <span class='ocrx_word' id='word_1_329' title='bbox 1606 4147 1676 4212; x_wconf 88' lang='lat' dir='ltr'><strong>iure</strong></span> <span class='ocrx_word' id='word_1_330' title='bbox 1697 4145 1902 4227; x_wconf 83' lang='lat' dir='ltr'><strong>Theotonieo,</strong></span> <span class='ocrx_word' id='word_1_331' title='bbox 1917 4162 1995 4230; x_wconf 88' lang='lat' dir='ltr'><strong>qua·</strong></span> 
     </span>
     <span class='ocr_line' id='line_1_33' title="bbox 437 4246 1995 4332; baseline -0.003 -13"><span class='ocrx_word' id='word_1_332' title='bbox 437 4268 509 4319; x_wconf 89' lang='lat' dir='ltr'><strong>rum</strong></span> <span class='ocrx_word' id='word_1_333' title='bbox 529 4250 633 4320; x_wconf 87' lang='lat' dir='ltr'><strong>coloni</strong></span> <span class='ocrx_word' id='word_1_334' title='bbox 652 4249 694 4318; x_wconf 87' lang='lat' dir='ltr'><strong>ab</strong></span> <span class='ocrx_word' id='word_1_335' title='bbox 715 4251 800 4318; x_wconf 91' lang='lat' dir='ltr'><strong>omni</strong></span> <span class='ocrx_word' id='word_1_336' title='bbox 820 4254 930 4316; x_wconf 89' lang='lat' dir='ltr'><strong>nostra</strong></span> <span class='ocrx_word' id='word_1_337' title='bbox 951 4251 985 4315; x_wconf 91' lang='lat' dir='ltr'><strong>et</strong></span> <span class='ocrx_word' id='word_1_338' title='bbox 1005 4253 1187 4314; x_wconf 90' lang='lat' dir='ltr'><strong>nostrorum</strong></span> <span class='ocrx_word' id='word_1_339' title='bbox 1210 4247 1429 4315; x_wconf 88' lang='lat' dir='ltr'><strong>iurisdictione</strong></span> <span class='ocrx_word' id='word_1_340' title='bbox 1456 4247 1522 4314; x_wconf 91' lang='lat' dir='ltr'><strong>sint</strong></span> <span class='ocrx_word' id='word_1_341' title='bbox 1545 4248 1694 4332; x_wconf 84' lang='lat' dir='ltr'><strong>exempti.</strong></span> <span class='ocrx_word' id='word_1_342' title='bbox 1739 4246 1788 4316; x_wconf 88' lang='lat' dir='ltr'><strong>Ut</strong></span> <span class='ocrx_word' id='word_1_343' title='bbox 1808 4253 1916 4316; x_wconf 85' lang='lat' dir='ltr'><strong>sutem</strong></span> <span class='ocrx_word' id='word_1_344' title='bbox 1936 4247 1995 4315; x_wconf 85' lang='lat' dir='ltr'><strong>bec</strong></span> 
     </span>
     <span class='ocr_line' id='line_1_34' title="bbox 437 4348 1996 4437; baseline -0.003 -15"><span class='ocrx_word' id='word_1_345' title='bbox 437 4356 550 4422; x_wconf 75' lang='lat' dir='ltr'><strong>msera</strong></span> <span class='ocrx_word' id='word_1_346' title='bbox 570 4352 699 4420; x_wconf 84' lang='lat' dir='ltr'><strong>donatio</strong></span> <span class='ocrx_word' id='word_1_347' title='bbox 721 4359 871 4437; x_wconf 88' lang='lat' dir='ltr'><strong>perpetue</strong></span> <span class='ocrx_word' id='word_1_348' title='bbox 892 4348 1054 4417; x_wconf 88' lang='lat' dir='ltr'><strong>firmitatis</strong></span> <span class='ocrx_word' id='word_1_349' title='bbox 1075 4349 1172 4416; x_wconf 88' lang='lat' dir='ltr'><strong>robur</strong></span> <span class='ocrx_word' id='word_1_350' title='bbox 1192 4351 1347 4435; x_wconf 79' lang='lat' dir='ltr'><strong>optineat,</strong></span> <span class='ocrx_word' id='word_1_351' title='bbox 1376 4355 1555 4434; x_wconf 85' lang='lat' dir='ltr'><strong>presentem</strong></span> <span class='ocrx_word' id='word_1_352' title='bbox 1584 4352 1733 4436; x_wconf 79' lang='lat' dir='ltr'><strong>paginam</strong></span> <span class='ocrx_word' id='word_1_353' title='bbox 1762 4350 1864 4418; x_wconf 77' lang='lat' dir='ltr'><strong>posui</strong></span> <span class='ocrx_word' id='word_1_354' title='bbox 1892 4350 1996 4418; x_wconf 92' lang='lat' dir='ltr'><strong>muni·</strong></span> 
     </span>
     <span class='ocr_line' id='line_1_35' title="bbox 438 4452 1996 4539; baseline 0 -17"><span class='ocrx_word' id='word_1_355' title='bbox 438 4453 524 4523; x_wconf 89' lang='lat' dir='ltr'><strong>mine</strong></span> <span class='ocrx_word' id='word_1_356' title='bbox 540 4454 637 4539; x_wconf 78' lang='lat' dir='ltr'><strong>sigilli</strong></span> <span class='ocrx_word' id='word_1_357' title='bbox 657 4452 787 4523; x_wconf 76' lang='lat' dir='ltr'><strong>iedmus</strong></span> <span class='ocrx_word' id='word_1_358' title='bbox 808 4453 959 4522; x_wconf 89' lang='lat' dir='ltr'><strong>roborari.</strong></span> <span class='ocrx_word' id='word_1_359' title='bbox 1004 4453 1123 4520; x_wconf 88' lang='lat' dir='ltr'><strong>Datum</strong></span> <span class='ocrx_word' id='word_1_360' title='bbox 1145 4454 1180 4520; x_wconf 89' lang='lat' dir='ltr'><strong>in</strong></span> <span class='ocrx_word' id='word_1_361' title='bbox 1201 4453 1334 4522; x_wconf 84' lang='lat' dir='ltr'><strong>Gnezna</strong></span> <span class='ocrx_word' id='word_1_362' title='bbox 1353 4454 1388 4520; x_wconf 90' lang='lat' dir='ltr'><strong>in</strong></span> <span class='ocrx_word' id='word_1_363' title='bbox 1410 4454 1549 4521; x_wconf 86' lang='lat' dir='ltr'><strong>crastino</strong></span> <span class='ocrx_word' id='word_1_364' title='bbox 1568 4453 1655 4522; x_wconf 87' lang='lat' dir='ltr'><strong>beuti</strong></span> <span class='ocrx_word' id='word_1_365' title='bbox 1673 4455 1775 4522; x_wconf 85' lang='lat' dir='ltr'><strong>Marci</strong></span> <span class='ocrx_word' id='word_1_366' title='bbox 1795 4453 1996 4539; x_wconf 77' lang='lat' dir='ltr'><strong>ewangeliste</strong></span> 
     </span>
     <span class='ocr_line' id='line_1_36' title="bbox 437 4553 1996 4643; baseline -0.002 -19"><span class='ocrx_word' id='word_1_367' title='bbox 437 4572 522 4624; x_wconf 78' lang='lat' dir='ltr'><strong>suno</strong></span> <span class='ocrx_word' id='word_1_368' title='bbox 542 4555 648 4641; x_wconf 75' lang='lat' dir='ltr'><strong>gmeie</strong></span> <span class='ocrx_word' id='word_1_369' title='bbox 668 4556 834 4624; x_wconf 82' lang='lat' dir='ltr'><strong>millasimo</strong></span> <span class='ocrx_word' id='word_1_370' title='bbox 854 4555 917 4623; x_wconf 82' lang='lat' dir='ltr'><strong>GC.</strong></span> <span class='ocrx_word' id='word_1_371' title='bbox 940 4554 1135 4637; x_wconf 78' lang='lat' dir='ltr'><strong>sexagesimo</strong></span> <span class='ocrx_word' id='word_1_372' title='bbox 1161 4555 1309 4637; x_wconf 63' lang='lat' dir='ltr'><strong>mundo,</strong></span> <span class='ocrx_word' id='word_1_373' title='bbox 1336 4555 1514 4622; x_wconf 87' lang='lat' dir='ltr'><strong>Indictione</strong></span> <span class='ocrx_word' id='word_1_374' title='bbox 1544 4557 1666 4643; x_wconf 87' lang='lat' dir='ltr'><strong>quinte,</strong></span> <span class='ocrx_word' id='word_1_375' title='bbox 1695 4558 1729 4626; x_wconf 92' lang='lat' dir='ltr'><strong>in</strong></span> <span class='ocrx_word' id='word_1_376' title='bbox 1757 4556 1890 4625; x_wconf 86' lang='lat' dir='ltr'><strong>ecclesia</strong></span> <span class='ocrx_word' id='word_1_377' title='bbox 1910 4553 1996 4623; x_wconf 88' lang='lat' dir='ltr'><strong>beati</strong></span> 
     </span>
     <span class='ocr_line' id='line_1_37' title="bbox 437 4655 1997 4742; baseline 0.001 -16"><span class='ocrx_word' id='word_1_378' title='bbox 437 4657 614 4740; x_wconf 62' lang='lat' dir='ltr'><strong>adalberti,</strong></span> <span class='ocrx_word' id='word_1_379' title='bbox 632 4664 666 4726; x_wconf 87' lang='lat' dir='ltr'><strong>et</strong></span> <span class='ocrx_word' id='word_1_380' title='bbox 686 4658 833 4727; x_wconf 84' lang='lat' dir='ltr'><strong>Fialanta</strong></span> <span class='ocrx_word' id='word_1_381' title='bbox 853 4658 971 4727; x_wconf 88' lang='lat' dir='ltr'><strong>decano</strong></span> <span class='ocrx_word' id='word_1_382' title='bbox 992 4656 1182 4742; x_wconf 85' lang='lat' dir='ltr'><strong>Gneznensi,</strong></span> <span class='ocrx_word' id='word_1_383' title='bbox 1201 4658 1303 4728; x_wconf 73' lang='lat' dir='ltr'><strong>naue</strong></span> <span class='ocrx_word' id='word_1_384' title='bbox 1320 4657 1427 4742; x_wconf 85' lang='lat' dir='ltr'><strong>Petro,</strong></span> <span class='ocrx_word' id='word_1_385' title='bbox 1448 4655 1548 4728; x_wconf 76' lang='lat' dir='ltr'><strong>finus</strong></span> <span class='ocrx_word' id='word_1_386' title='bbox 1568 4659 1671 4728; x_wconf 82' lang='lat' dir='ltr'><strong>Vituli</strong></span> <span class='ocrx_word' id='word_1_387' title='bbox 1691 4659 1732 4730; x_wconf 89' lang='lat' dir='ltr'><strong>de</strong></span> <span class='ocrx_word' id='word_1_388' title='bbox 1749 4659 1869 4729; x_wconf 88' lang='lat' dir='ltr'><strong>Ordine</strong></span> <span class='ocrx_word' id='word_1_389' title='bbox 1888 4657 1997 4727; x_wconf 86' lang='lat' dir='ltr'><strong>Prodi·</strong></span> 
     </span>
     <span class='ocr_line' id='line_1_38' title="bbox 439 4762 810 4848; baseline -0.005 -15"><span class='ocrx_word' id='word_1_390' title='bbox 439 4766 581 4833; x_wconf 73' lang='lat' dir='ltr'><strong>cstorum</strong></span> <span class='ocrx_word' id='word_1_391' title='bbox 603 4762 810 4848; x_wconf 84' lang='lat' dir='ltr'><strong>presentibus.</strong></span> 
     </span>
    </p>
   </div>
   <div class='ocr_carea' id='block_1_9' title="bbox 0 0 2445 6180">
    <p class='ocr_par' dir='ltr' id='par_1_10' title="bbox 0 0 2445 6180">
     <span class='ocr_line' id='line_1_39' title="bbox 0 0 2445 6180; baseline 0 0"><span class='ocrx_word' id='word_1_392' title='bbox 0 0 2445 6180; x_wconf 95' lang='lat' dir='ltr'><strong> </strong></span> 
     </span>
    </p>
   </div>
  </div>
 </body>
</html>
