4860 6180
585 328 802 438 aoo'

584 563 684 648 melia,
705 583 727 631 a
746 532 861 647 strom
883 584 1026 648 amarae,
1047 585 1069 633 a
1089 585 1196 651 poros,
1219 585 1240 631 a
1260 553 1414 650 pulvereo
1435 567 1521 654 (sic),
1543 565 1745 651 apovolove;
1768 519 1921 631 falconum
1947 581 2005 631 uec
2030 566 2137 631 austo-

584 667 675 736 diaut
695 686 753 736 uec
773 668 907 751 solvant,
930 688 987 737 uec
1009 667 1140 736 foriruuu
1161 669 1280 736 ducant
1301 687 1359 737 nco
1377 671 1549 738 tentorium
1570 669 1676 750 ducis3
1698 688 1720 737 a
1740 667 1903 753 pomuduo,
1929 686 1951 734 a
1977 664 2138 733 solucione
2236 713 2240 720 -

583 791 717 854 ennom,
740 771 782 840 ab
803 792 841 841 oo
863 772 918 858 qui
939 774 1084 840 stavonilc
1106 770 1182 858 (sic)
1204 772 1329 854 dicitur,
1354 792 1412 841 nec
1431 774 1535 858 ipsum
1556 773 1711 856 recipiant
1729 790 1787 839 noc
1800 771 1928 853 ducant,
1950 789 2008 838 ncc
2021 767 2138 837 similia

584 875 657 960 (sic)
676 875 771 944 dont:
792 882 826 944 ot
847 877 889 944 ab
910 877 995 943 omni
1017 895 1146 961 prorsus
1168 876 1237 942 iuro
1259 881 1292 943 et
1312 877 1471 944 solucione
1493 894 1679 961 quocunque
1694 874 1821 941 nomino
1834 875 1883 941 vel
1897 873 2050 942 vocabulo
2065 891 2139 940 cen·

585 987 723 1048 seanbrr.
770 980 988 1049 &dormimus
1011 982 1138 1065 insuper
1160 979 1271 1061 ciclum,
1294 980 1377 1064 qood
1399 981 1539 1048 iudicare
1566 980 1668 1064 possit
1697 979 1730 1046 iu
1757 977 1821 1046 iam
1850 978 1938 1046 dicta
1962 976 2140 1046 hereditate

585 1084 720 1170 pupilles
741 1084 985 1169 qualescunque,
1014 1086 1079 1153 sivo
1099 1083 1196 1169 gladii
1222 1084 1287 1152 sive
1308 1085 1392 1168 quod
1420 1083 1594 1169 vulgariter
1621 1081 1801 1166 appellatur
1820 1081 1898 1166 sug,
1928 1081 1995 1149 sive
2019 1079 2138 1148 ferrum

584 1186 652 1257 sive
672 1206 802 1255 exmneu
824 1206 880 1254 seu
902 1188 1000 1255 eciam
1021 1207 1112 1272 aquo.
1157 1187 1304 1255 Liberam
1325 1189 1424 1256 eciam
1445 1189 1475 1256 oi
1497 1188 1609 1255 damus
1630 1192 1664 1253 et
1685 1186 1753 1253 eius
1771 1185 1937 1270 legittr'mis
1950 1184 2138 1253 successori·

584 1290 645 1359 bus
663 1289 908 1376 (voluntataml)
930 1290 992 1356 iam
1010 1291 1224 1375 supradictam
1244 1290 1450 1359 bmedtatcm
1476 1291 1581 1359 locare
1608 1291 1677 1358 iura
1703 1289 1876 1357 Teutonico
1902 1289 1952 1357 vel
1981 1287 2139 1356 Polouioo.

584 1392 718 1478 Insuper
738 1392 857 1477 poterit
877 1393 976 1460 eciam
997 1393 1098 1478 ipsam
1120 1393 1328 1462 hereditatem
1350 1394 1493 1477 vendere,
1516 1398 1721 1474 commutare,
1741 1392 1791 1460 rel
1813 1412 1872 1477 pro
1892 1410 1950 1460 sue
1969 1390 2074 1459 anime
2088 1408 2140 1459 aa·

584 1496 653 1565 luta
672 1495 722 1564 vel
744 1515 803 1564 sua
824 1496 963 1564 utilitato
984 1498 1159 1584 cuicunque
1180 1498 1240 1566 sibi
1262 1497 1418 1566 videbitur
1447 1497 1595 1582 expedire
1624 1495 1766 1581 (donare.
1810 1494 1880 1563 Hae
1901 1495 2039 1579 omnial)
2068 1512 2140 1562 cnm
2273 1509 2280 1556 z

438 1628 442 1636 ·
585 1599 730 1668 omuibus
752 1598 1027 1685 utilitatibusque
1048 1620 1132 1669 nunc
1153 1606 1229 1667 sunt
1250 1601 1299 1667 vel
1320 1600 1444 1685 possint
1465 1600 1500 1666 in
1520 1604 1681 1685 posterum
1704 1593 1774 1666 lieri
1795 1598 1829 1664 in
1843 1599 1984 1681 lacubus,
2005 1598 2040 1664 in
2052 1616 2140 1682 agro,
2273 1590 2279 1663 .’

585 1703 620 1771 ln
640 1702 737 1784 silvis,
759 1703 793 1769 in
814 1702 919 1784 borra,
942 1704 974 1769 in
996 1722 1134 1785 nemora,
1154 1704 1188 1770 in
1209 1703 1311 1787 pratis
1331 1703 1416 1769 inter
1436 1709 1538 1770 metas
1559 1702 1741 1786 supradicte
1762 1700 1959 1783 hereditatis,
1981 1701 2045 1768 ianr
2065 1717 2141 1786 sepe

586 1805 691 1874 dictus
711 1803 862 1873 Nicolaos
884 1825 955 1873 cum
976 1807 1043 1874 suis
1065 1806 1201 1892 posteris
1223 1810 1257 1872 et
1276 1804 1439 1889 legittimis
1469 1803 1703 1873 successoribus
1731 1805 1765 1871 iu
1791 1811 1945 1890 perpetuo
1971 1803 2140 1893 possideat
2274 1770 2280 1835 Ξ

585 1909 635 1980 Ut
654 1914 761 1978 autem
783 1908 841 1977 hec
860 1914 971 1977 nostra
991 1909 1123 1977 donacio
1145 1907 1334 1976 inviolabilis
1346 1913 1537 1992 perseveret,
1558 1914 1737 1992 presentem
1752 1908 1900 1994 pagiuam
1915 1907 2018 1992 sigillo
2031 1910 2142 1975 nostro

586 2012 777 2083 contulimus
798 2012 989 2081 roboratam.
1034 2014 1150 2080 Actum
1172 2019 1206 2080 et
1224 2011 1334 2079 datum
1353 2013 1386 2079 in
1409 2011 1506 2080 Svece
1525 2031 1609 2080 anno
1631 2012 1759 2080 Domini
1779 2010 2037 2080 aiccuxxnr
2067 2010 2142 2079 Tes-

587 2121 635 2184 tae
656 2122 762 2186 autem
781 2121 857 2182 sunt
878 2114 972 2181 huius
1001 2115 1048 2181 rei
1074 2120 1108 2182 et
1133 2119 1243 2182 nostre
1269 2114 1465 2182 donacionis:
1496 2134 1601 2183 comos
1619 2114 1745 2183 Waiisil
1774 2115 1935 2200 palatim
1952 2113 2141 2196 Gdaueusia,

587 2237 691 2287 comes
719 2216 863 2286 Andreas
893 2215 1084 2284 castellanus
1106 2215 1295 2298 Gdaneusis,
1328 2234 1433 2283 comes
1465 2217 1583 2285 Paulus
1615 2218 1807 2287 oasmllauus
1832 2218 2006 2301 Svecensis,
2038 2235 2143 2285 cornea

586 2320 745 2391 Uueslaua
767 2320 1020 2390 subcamerarius
1042 2320 1229 2404 (loommin,
1248 2318 1429 2388 Theodotus
1449 2321 1605 2409 plebanus
1626 2321 1790 2392 Siccensis
1811 2329 1845 2391 et
1873 2321 1929 2390 alii
1954 2339 2050 2408 quom
2072 2321 2142 2406 plu·

527 2473 528 2476 *
586 2442 638 2493 res
659 2422 817 2509 tldedmui.

691 2645 934 2731 Orumboovslse,
955 2651 1121 2732 Krupocaa
1154 2648 1261 2734 Sreoe,
1283 2653 1416 2718 avecta

1260 3001 1334 3087 Nr.
1365 2999 1467 3087 456.

455 3310 458 3318 ,
693 3212 889 3317 Gregorius
907 3212 972 3317 Pp.
998 3212 1035 3297 X
1061 3218 1195 3295 1274
1221 3212 1306 3299 Jun.
1333 3219 1404 3312 17,
1429 3213 1625 3320 Lugdunit
1639 3233 1822 3318 episcopum
1837 3231 2056 3302 Ouiaviensem
2071 3250 2145 3302 oon·
2280 3197 2289 3281 ἶ

587 3334 695 3403 stituit
711 3335 1000 3403 mmnuoatorem
1021 3334 1172 3404 ecclesiae
1193 3334 1398 3422 Gneauensis.

696 3441 834 3524 maer,
859 3441 1056 3505 domama
1076 3443 1180 3509 maor.
1202 3445 1346 3508 ramam
1366 3445 1396 3524 r,
1418 3444 1492 3509 rsa

691 3661 866 3762 Gregorlus
887 3661 1055 3746 episcopus
1075 3662 1171 3747 (eta),
1193 3662 1365 3730 venerabili
1386 3662 1479 3732 fratri
1490 3714 1521 3731 ..
1543 3663 1690 3749 episcopo
1705 3662 1887 3732 Coloniensi
1901 3662 2035 3731 salutem
2049 3662 2146 3750 (era).
2279 3604 2287 3647 ἒ

588 3765 733 3835 Ecclesia
753 3765 933 3834 Gneanensi
954 3767 1092 3849 pastoris
1113 3767 1227 3834 solatio
1249 3767 1415 3850 dmumta
1438 3767 1538 3852 aliqui
1553 3787 1593 3835 ex
1607 3767 1694 3834 illius
1707 3767 1867 3835 canonicis
1881 3766 2032 3834 dilectum
2045 3765 2147 3833 filium

590 3868 769 3938 &madum
791 3868 997 3954 prepositum,
1019 3874 1053 3936 et
1074 3869 1202 3954 quidam
1222 3869 1394 3949 Iohannem
1412 3871 1533 3939 dictum
1558 3871 1692 3954 Ridliza,
1720 3872 1904 3939 canonicum
1933 3869 2073 3937 eiusdem
2098 3887 2148 3937 cc·
2282 3858 2287 3866 ’

589 3971 693 4055 eleale,
716 3973 749 4039 in
772 3972 859 4039 illius
878 3971 1149 4057 archiepiscopum
1170 3972 1343 4060 elegerant
1363 3992 1483 4059 uosque
1505 3975 1717 4059 coguitiomm
1738 3992 1833 4042 causa
1854 3992 1950 4058 super
1968 3972 2148 4041 huiusmodi

588 4073 792 4144 electionibus
811 4080 890 4157 orte,
909 4073 1025 4142 dilecto
1047 4073 1112 4142 filio
1131 4083 1282 4143 nostro..
1307 4077 1392 4143 tituli
1413 4077 1515 4144 sancti
1537 4077 1669 4145 Martini
1690 4076 1732 4143 ad
1746 4075 1873 4144 Montes
1888 4075 2063 4161 presbitero
2079 4094 2148 4144 car·

588 4179 687 4248 dinali
717 4179 863 4247 dommus
891 4179 1157 4246 committendam.
1201 4179 1332 4262 Verum,
1355 4181 1430 4265 quia
1451 4186 1517 4247 tam
1540 4181 1623 4248 idem
1650 4180 1830 4265 prepositus
1859 4199 1954 4264 quam
1980 4179 2149 4247 eanonicus
2284 4222 2288 4230 -

443 4318 446 4324 ·
588 4283 658 4369 ipae
678 4282 821 4350 redditus
843 4286 878 4349 et
898 4288 1070 4367 proventus
1092 4302 1129 4350 ac
1151 4283 1235 4351 bona
1256 4284 1340 4351 sedis
1362 4284 1558 4373 Guezuonsis
1579 4303 1733 4369 occupare
1756 4284 1886 4368 propria
1907 4283 2087 4350 temeritate
2100 4282 2149 4348 di·
2286 4288 2291 4368 ξ

589 4393 715 4470 mutor,
742 4386 870 4470 utrique
900 4387 1042 4471 ipsorum
1074 4388 1140 4454 suis
1173 4388 1362 4455 electoribus
1388 4387 1527 4456 indebite
1554 4387 1731 4456 faventibus
1758 4387 1792 4453 iu
1813 4387 1874 4454 hac
1895 4391 1997 4470 parte,
2019 4390 2150 4470 propter

594 4488 678 4576 quod
709 4487 803 4556 iidem
830 4488 973 4555 redditos
1002 4496 1035 4556 ct
1064 4499 1234 4574 proventus
1266 4498 1362 4576 prout
1392 4491 1604 4559 intelleximus
1633 4490 1856 4559 distrahuntur
1883 4489 2088 4575 prodigaliter
2116 4492 2151 4555 et
2286 4488 2294 4529 ⁴·

589 4593 762 4678 dampnose
793 4592 877 4660 bona
903 4593 1082 4659 huiusmodi
1108 4593 1318 4679 dissipantur:
1346 4614 1403 4662 nos
1429 4614 1525 4680 super
1550 4594 1611 4663 hoc
1640 4596 1739 4680 ipsius
1761 4595 1846 4662 sedis
1868 4591 2151 4677 indempnitatibus
2288 4602 2293 4629 ¹

589 4696 1004 4779 accommodantem
1025 4696 1316 4764 administratorem
1344 4697 1498 4764 bonorum
1525 4699 1746 4783 temporalium
1772 4698 1857 4765 sedis
1883 4696 2024 4764 eiusdem
2051 4714 2151 4779 usquo
2288 4686 2295 4770 l

589 4817 653 4885 quo
674 4798 770 4866 alium
793 4797 968 4882 legitimum
987 4799 1276 4866 alministratorom
1295 4800 1432 4883 accipiat
1450 4799 1651 4883 deputantes,
1673 4799 1868 4867 iratamitati
1885 4806 1939 4867 trra
1953 4798 2150 4881 mandarum,
2288 4826 2294 4845 ·

589 4908 745 4988 quatenos
772 4902 878 4968 omnia
903 4919 964 4984 que
985 4900 1024 4966 do
1046 4902 1108 4967 ldis
1130 4922 1187 4986 per
1210 4902 1336 4970 cosdem
1357 4904 1564 4986 prepositum,
1585 4905 1770 4972 canonicum
1792 4910 1826 4970 ot
1854 4904 2006 4971 electores
2032 4902 2151 4970 aliosve

589 5024 803 5091 quoscumque
824 5009 978 5087 occupata
1000 5006 1186 5088 reppererim
1210 5007 1243 5072 in
1266 5007 1330 5072 tois
1352 5005 1449 5073 facim
1470 5008 1615 5075 monibus
1628 5008 1796 5090 ossigrrari
1819 5026 1858 5076 ac
1873 5006 2015 5074 audiam
2029 5011 2063 5074 et
2076 5023 2151 5090 pro·
2294 5040 2296 5044 Α

589 5115 703 5176 ventus
725 5108 864 5192 predicte
891 5106 985 5188 scalis,
1013 5114 1159 5176 (ratenus
1191 5108 1339 5177 videlicet
1363 5117 1398 5176 et
1427 5109 1560 5193 iuturus,
1591 5111 1712 5194 interm
1738 5111 1855 5195 colligi,
1887 5117 1953 5177 tarn
1978 5109 2151 5194 illaquam
2293 5124 2298 5202 ξ

590 5212 738 5279 universa
758 5212 823 5280 alia
840 5210 924 5277 bona
944 5210 1028 5275 saulis
1050 5211 1189 5279 eiunlem
1211 5212 1252 5280 od
1272 5231 1352 5295 opus
1373 5211 1471 5278 futuri
1494 5215 1633 5297 pastoris
1658 5215 1726 5281 sine
1748 5215 1826 5282 iuris
1853 5213 2026 5298 pruiudieio
2055 5211 2151 5279 alieni

592 5314 728 5383 fideliter
749 5313 972 5396 conseruando,
994 5335 1032 5382 ae
1054 5314 1225 5385 iuldbcudo
1249 5323 1315 5384 tam
1337 5316 1497 5401 preposito
1519 5337 1615 5402 quam
1638 5319 1789 5386 canonico
1811 5316 1993 5403 sepelietis,
2015 5334 2057 5384 ue
2076 5321 2153 5383 autc
