4476 6180
1702 417 1779 492 473
1803 535 1805 539 ἢ

238 619 376 706 delata
397 639 497 708 usquc
517 620 559 691 ad
581 621 763 703 claustrum,
786 620 872 688 nullo
890 621 1016 706 paenitus
1037 620 1213 690 resistente.
1256 619 1295 688 In
1316 619 1405 689 cuius
1419 621 1466 689 rai
1481 619 1694 690 mumouium
1708 638 1781 704 pre·

237 731 360 795 emtam
382 727 527 812 paginam
549 725 653 811 sigillo
674 731 783 791 nostro
804 721 934 790 fecimus
952 724 1104 794 roborari.
1149 726 1233 793 dcta
1256 730 1332 791 sunt
1355 723 1415 792 lrec
1442 725 1475 792 iu
1503 724 1630 792 civitate
1655 722 1782 791 Pozuan

238 827 655 1002 werzofflammoemo
674 826 887 896 ducentesimo
905 828 1115 914 octuagesimo
1141 827 1287 911 secundo,
1316 828 1427 913 quinto
1450 828 1558 896 Nonas
1584 826 1703 909 Martii,
1730 824 1782 892 Iu·

343 1137 525 1222 Donatum,
549 1142 719 1207 Domeros.
763 1135 988 1220 Graimisluwa,
1024 1141 1229 1222 dragmatum.
1273 1137 1420 1221 liccem
1446 1160 1473 1202 eo
1494 1140 1558 1204 XV
1584 1140 1680 1202 widuc
1706 1139 1783 1203 Boe·
1816 1203 1819 1209 ,

242 1246 411 1322 decumo,
435 1246 689 1327 declamatoriae,
711 1243 778 1308 deit
798 1244 954 1307 aaszczaa
998 1239 1180 1325 Bdokosse,
1203 1247 1371 1310 Biotokosz.
1401 1239 1781 1323 &remanseramus

908 1539 983 1627 Nr.
1014 1538 1114 1628 505.

346 1734 543 1840 Philippus
560 1736 756 1820 Firmanus
774 1735 932 1840 episcop.
950 1739 1149 1842 apostoliea
1167 1737 1271 1823 Sedis
1288 1739 1437 1843 lagatus
1458 1733 1787 1841 assaumis,

244 1854 429 1940 lanarat
441 1913 452 1940 .
465 1913 498 1939 ..
519 1873 683 1942 confirmat
703 1873 840 1942 decimas
860 1877 1052 1944 monasterio
1070 1875 1109 1945 de
1129 1877 1240 1946 &ino
1262 1878 1419 1962 quondam
1439 1896 1460 1944 a
1479 1875 1646 1943 Vincentio
1665 1873 1787 1944 malie

245 1976 373 2063 piseopo
394 1975 571 2045 (lucanensi
589 1977 730 2060 collams,
751 1976 860 2061 eisque
881 1976 1017 2044 decimos
1038 1978 1078 2045 de
1099 1980 1188 2048 noda
1208 1979 1292 2047 villis
1312 1979 1411 2047 addit

347 2084 486 2162 Parum
508 2086 625 2163 orppira
669 2085 752 2146 liaris
772 2083 894 2145 dziurlci
913 2086 955 2145 od
971 2086 1210 2162 prepeicezereiu
1225 2088 1368 2171 picczfci

353 2186 548 2272 swanus.
592 2187 710 2250 acuo.
729 2189 912 2267 meos,
935 2186 1114 2265 aspamam

347 2387 511 2475 Philippos
531 2388 736 2457 miseracione
756 2388 862 2457 dvina
882 2389 1048 2457 Firmanus
1067 2390 1232 2476 episeopus
1252 2391 1425 2476 apostolius
1445 2389 1536 2459 Sedis
1563 2390 1696 2475 legatus,
1717 2390 1788 2458 uui·

244 2492 344 2562 versis
365 2492 566 2562 ecdesiarnm
587 2493 761 2561 rectoribus
787 2493 962 2578 ceterisque
988 2492 1108 2561 Christi
1138 2492 1281 2561 fidelibus
1306 2494 1348 2561 ad
1376 2512 1456 2579 quos
1480 2511 1609 2579 presens
1636 2494 1789 2577 scriptum

244 2597 423 2683 pervenerit
443 2596 577 2664 amntem
599 2597 631 2663 in
651 2597 786 2665 Domino
808 2596 1040 2679 sempiternam.
1084 2596 1273 2681 Religiosam
1297 2597 1397 2666 dum
1423 2597 1610 2681 eligentibus
1635 2597 1790 2665 rumorum

247 2699 392 2769 convenit
412 2698 523 2768 adase
543 2699 724 2785 presidium,
747 2718 786 2767 ne
803 2697 886 2767 ierte
907 2700 1074 2769 cuiuslibet
1095 2701 1284 2768 tcmmimtis
1309 2701 1452 2768 meursas
1477 2705 1535 2768 aut
1563 2717 1617 2768 eos
1634 2719 1655 2767 a
1675 2718 1790 2785 propa

245 2803 309 2872 sito
330 2809 464 2888 reveeet
490 2809 547 2872 aut
575 2803 671 2871 robur
693 2803 777 2888 quod
802 2803 888 2871 absit
913 2821 1002 2872 sacre
1028 2804 1187 2889 religionis
1215 2803 1374 2888 infringet
1418 2804 1596 2889 Eapropter
1621 2802 1731 2871 dilecti
1757 2803 1791 2870 in

246 2905 382 2975 Domino
401 2906 498 2976 abhas
519 2913 553 2975 et
573 2913 743 2976 cenventus
771 2907 811 2974 de
838 2905 971 2975 Luckm
997 2906 1124 2975 Ordinis
1153 2905 1387 2992 cysterciensis,
1415 2904 1609 2974 (lucanensis
1637 2904 1789 2991 dyocesis,

247 3027 306 3094 pro
327 3011 529 3104 moracione
551 3011 751 3093 decimarum
773 3010 903 3079 ecclesie
924 3028 981 3078 suc
1001 3031 1023 3079 a
1042 3010 1209 3079 Vincentio
1231 3010 1409 3077 Gnmnensi
1428 3008 1662 3094 archiepiscopo
1677 3006 1789 3077 confir·
1867 3026 1869 3032 ·

246 3118 414 3197 matam
432 3132 470 3184 ac
490 3113 728 3182 confirmacione
748 3115 917 3198 novalium,
937 3134 960 3183 a
978 3114 1062 3182 villis
1082 3115 1221 3200 antiquis
1242 3114 1389 3199 exeeptis,
1412 3131 1492 3198 quas
1512 3113 1546 3180 iu
1559 3112 1791 3198 presenciarum

247 3214 332 3283 iuste
351 3220 385 3283 et
402 3214 508 3300 quiete
528 3215 700 3300 possident,
722 3215 834 3283 humili
855 3236 877 3284 a
897 3215 987 3285 nobis
1009 3217 1240 3302 supplicacione
1261 3216 1473 3301 postulabant
1517 3213 1584 3284 Nos
1606 3217 1708 3284 dictes
1726 3214 1791 3284 fra·
1942 3248 1947 3258 ·

248 3323 314 3386 tras
333 3316 466 3403 uentgm
487 3315 594 3387 lavore
615 3319 848 3404 amplectentes,
871 3321 1011 3405 ipsorum
1031 3318 1176 3405 precibus
1192 3319 1335 3388 inclinati
1363 3325 1553 3388 numeratas
1577 3318 1715 3388 decimas
1735 3338 1793 3404 ap·

248 3419 409 3505 pmhendo
429 3420 657 3491 confirmamus.
701 3422 749 3491 De
769 3423 932 3491 novalibus
952 3442 1026 3492 vero
1046 3424 1080 3491 in
1102 3423 1189 3491 silvis
1203 3430 1237 3491 et
1249 3422 1369 3491 rubetis
1383 3423 1578 3508 inposterum
1592 3422 1792 3505 excudendis,

248 3524 315 3593 sire
331 3523 406 3602 ville
424 3524 464 3593 de
482 3525 560 3594 locis
581 3527 647 3594 suis
666 3532 913 3611 transponantur
934 3545 990 3594 seu
1010 3525 1202 3609 dividantur,
1224 3525 1392 3593 earundem
1415 3524 1552 3594 dedmas
1577 3523 1708 3609 prelatis
1729 3524 1793 3593 ira·

249 3626 351 3696 tribus
372 3627 412 3695 de
431 3627 563 3697 Lucina
584 3630 775 3718 mcmrimte
795 3630 885 3697 nobis
906 3647 1055 3698 euucmsa
1074 3628 1231 3714 presentis
1251 3628 1361 3713 scripti
1375 3629 1552 3712 pauocmio
1566 3628 1792 3712 conmunimus,

249 3730 450 3801 ememtes
479 3733 605 3800 erutum
624 3738 657 3801 et
685 3733 789 3815 mane,
818 3732 969 3816 quidquid
995 3737 1106 3800 eontra
1139 3730 1407 3799 eoniirmaciomm
1440 3738 1550 3799 nostre
1581 3730 1794 3800 institucionis

250 3853 448 3921 equaquam
468 3836 634 3921 eontigerit
655 3836 850 3920 attemptari.
895 3834 962 3904 Hoc
983 3843 1058 3902 sunt
1078 3833 1230 3903 rambula
1253 3852 1403 3901 nouarum
1423 3834 1568 3902 villarum
1590 3853 1652 3920 que
1672 3835 1706 3902 iu
1720 3834 1794 3903 sub-

250 3937 368 4023 scripto
382 3939 595 4007 continentur:
618 3939 798 4024 Legenmeo,
822 3937 1010 4020 Gavlodoeo‚
1033 3937 1164 4021 Brerna,
1187 3926 1380 4019 Gosaanoro,
1396 3936 1594 4020 crotechino,
1612 3936 1793 4020 cmoosara,

250 4039 402 4125 Buceem,
422 4039 546 4109 Camiea
565 4048 599 4111 et
617 4042 752 4111 Durove.
797 4041 885 4108 Nulli
906 4060 980 4125 ergo
1001 4041 1162 4108 hominum
1191 4040 1287 4108 licead
1311 4039 1392 4107 hauc
1419 4041 1565 4124 paginam
1592 4051 1702 4109 nostre
1720 4059 1794 4108 con·

251 4142 439 4212 drmduffl
460 4142 628 4230 intringere
645 4146 743 4214 velei
766 4159 845 4214 ausu
867 4146 1033 4213 temerario
1056 4145 1221 4212 matraire.
1265 4143 1299 4210 Si
1317 4143 1389 4227 quis
1407 4150 1513 4212 autem
1528 4143 1588 4212 hoc
1601 4150 1793 4228 attemptare

252 4247 486 4334 presumpserit,
508 4248 757 4333 indignacionem
779 4250 1004 4334 omnipotentis
1025 4248 1084 4316 Dei
1105 4254 1138 4315 et
1159 4247 1322 4314 beatorum
1351 4246 1438 4313 Petri
1459 4253 1493 4315 et
1519 4246 1611 4315 Pauli
1637 4248 1796 4331 apostolo·

253 4369 323 4418 rum
344 4352 411 4420 eius
431 4370 465 4419 se
486 4353 608 4419 noverit
630 4353 837 4421 incursurum.
859 4354 977 4420 Datum
995 4353 1028 4418 iu
1051 4351 1195 4417 Werat..
1215 4353 1251 4432 (a
1271 4356 1312 4414 dt.
1334 4348 1405 4430 aea)
1427 4348 1692 4433 111dusaprilis,
1714 4369 1797 4418 anne

252 4453 378 4523 Domim
398 4453 508 4524 dcc.
530 4456 740 4540 octuagesimo
759 4455 904 4539 secunda
924 4455 1098 4524 indictione
1126 4452 1257 4536 dedus,
1284 4452 1485 4536 pontificatus
1513 4452 1631 4522 domini
1661 4453 1793 4522 Martini

253 4557 337 4644 Papa
357 4557 463 4644 quarti
480 4576 563 4626 anno
586 4559 730 4626 amando.

355 4764 496 4850 Luckna,
514 4769 624 4833 aare.
669 4764 849 4850 Legenisco,
872 4764 1052 4852 Lsqiczem.
1081 4761 1271 4843 Gaviodova
1312 4764 1499 4826 cumaena.
1542 4760 1675 4846 Brmna,
1702 4768 1796 4830 Bne·

255 4869 320 4936 ino.
363 4867 557 4952 (lauzanum,
587 4871 759 4933 decumae.
804 4866 1004 4950 Crotochino,
1028 4871 1203 4946 disrumpes.
1236 4863 1414 4946 Cracoszrz,
1435 4864 1793 4948 udinie'jla'ruloeityce,

256 4975 348 5036 oudo
378 4975 494 5047 zrdldo,
523 4976 683 5055 przuieptu
715 4992 753 5037 aaa.
784 4974 894 5036 deiero.
943 4970 1095 5053 Buccova,
1129 4972 1295 5034 Bukeuiec.
1352 4965 1487 5051 Cantica,
1521 4972 1672 5036 Kmmuec.
1729 4969 1796 5037 Du·

232 5091 337 5167 ,repa
359 5079 494 5141 Dauom.
