4860 6180
1098 669 1173 755 Nn.
1211 669 1311 757 413.

537 885 732 970 Boloslaus
759 886 837 969 dur
862 884 1010 967 Potonio
1037 887 1172 966 1265
1198 884 1282 969 dan.
1309 893 1342 982 1,
1368 885 1411 968 in
1436 883 1566 985 Kalis3
1597 898 1719 968 confert
1753 900 1885 972 nicolao
1917 905 1983 975 cuo

434 1007 594 1093 quondam
616 1006 749 1075 cernae
769 1005 875 1073 tillem
896 1004 1066 1089 Swigczyn
1087 1004 1202 1089 amplis
1222 1002 1394 1089 privilegiis
1413 1004 1577 1072 munitam.

536 1115 677 1191 Pergam.
699 1115 816 1189 nappin
862 1113 1000 1173 Sznurelc
1014 1109 1187 1187 jaceatne,
1209 1126 1373 1188 czerrocnp,
1396 1131 1414 1173 z
1436 1108 1560 1188 cedreno
1579 1107 1703 1196 pieczpd
1723 1110 1841 1174 zellia.
1970 1165 1974 1172 .

537 1211 673 1280 mmet
712 1211 841 1292 Annei.
864 1216 970 1276 Stante
990 1214 1081 1276 Aret.
1127 1213 1253 1276 Peracto.
1275 1213 1306 1277 1.
1359 1298 1362 1304 ‚

535 1414 575 1484 ln
595 1415 722 1484 nomine
744 1415 870 1483 Domini
892 1434 991 1482 amen.
1036 1414 1085 1481 De
1105 1414 1204 1498 gestis
1226 1413 1372 1481 humanis
1385 1415 1513 1499 gmnnis
1530 1423 1703 1500 emergeret
1718 1415 1842 1498 questio
1857 1421 1890 1482 et
1902 1415 1985 1485 dura

432 1519 621 1604 calumpnia,
641 1518 702 1584 nisi
725 1535 822 1585 causa
839 1519 987 1584 memorie
1005 1536 1112 1583 rerum
1133 1514 1249 1582 obliuio
1271 1534 1328 1599 por
1349 1524 1491 1585 eternam
1510 1520 1620 1602 scripti
1643 1519 1825 1586 memoriam
1847 1517 1985 1586 auferre·

432 1629 495 1691 tur.
539 1622 721 1688 Innotescat
743 1639 818 1705 ergo
840 1619 1038 1704 presentibus
1060 1624 1093 1685 et
1115 1617 1241 1699 futuris,
1260 1616 1345 1701 quud
1367 1637 1425 1684 nos
1445 1618 1609 1687 Boleslnus
1630 1621 1689 1687 Dei
1710 1623 1817 1705 gracia
1840 1622 1904 1688 dux
1925 1622 1985 1689 Po·

432 1723 517 1792 lonie
538 1723 772 1792 considerantes
792 1722 884 1789 iidele
905 1722 1069 1796 servicium
1091 1721 1237 1788 Nicboloi
1260 1721 1360 1786 nostri
1383 1719 1485 1788 fidelis
1506 1721 1562 1788 tilii
1585 1724 1742 1807 qnondam
1774 1723 1895 1806 Cosme,
1927 1724 1985 1790 vil·

432 1826 498 1896 laun
517 1843 580 1912 que
601 1824 737 1892 Svenoez
757 1831 956 1908 nuncupetur
977 1823 1037 1890 sibi
1058 1829 1093 1890 et
1111 1823 1177 1889 suis
1197 1822 1304 1890 liberis
1324 1823 1514 1890 monuimus
1534 1823 1724 1892 hereditario
1743 1825 1811 1892 iure
1833 1833 1985 1910 perpetuo

432 1927 662 2014 possidendam,
683 1928 716 1994 in
737 1926 876 2011 presenti
897 1927 1013 2011 pagina
1030 1931 1217 2006 statuentes,
1240 1924 1325 2009 quod
1346 1924 1448 1993 incole
1470 1925 1602 1994 eandem
1623 1926 1730 1994 uillam
1756 1927 1982 2009 inhabitantes,

432 2049 453 2099 a
473 2029 633 2099 solucione
658 2035 772 2111 stroze,
799 2029 984 2111 bcrduorove,
1007 2047 1030 2095 a
1057 2047 1163 2109 naraz,
1194 2047 1215 2094 a
1239 2026 1326 2108 bove,
1348 2045 1368 2094 a
1390 2027 1541 2095 dtatione
1562 2029 1668 2111 castri,
1697 2030 1744 2097 ita
1774 2028 1859 2112 quod
1880 2047 1985 2096 eornm

434 2132 522 2202 nullo
544 2133 717 2202 castellano
740 2132 929 2216 respondeat
949 2137 983 2198 et
1002 2131 1123 2216 posteri
1141 2131 1209 2197 eiua
1230 2129 1313 2215 (sic).
1357 2129 1492 2216 Insuper
1508 2131 1573 2198 iarn
1594 2130 1711 2198 dictam
1726 2130 1933 2198 hereditatem
1951 2136 1985 2198 et

432 2235 553 2305 incolas
575 2234 644 2303 eius
665 2234 884 2317 deliberamus,
906 2235 990 2318 quod
1010 2253 1082 2303 oum
1103 2234 1220 2301 uicinia
1240 2251 1299 2300 nec
1321 2233 1525 2301 homicidium
1547 2252 1607 2302 nec
1632 2234 1836 2320 septuaginta
1862 2251 1985 2302 mareas

433 2343 468 2408 at
488 2337 689 2425 predationes
710 2356 774 2406 non
795 2337 928 2419 solvant,
950 2342 984 2404 et
1006 2336 1145 2404 breviter
1166 2336 1207 2404 ab
1229 2334 1374 2403 omnibus
1395 2336 1467 2422 (sic)
1487 2336 1554 2404 sint
1574 2335 1664 2405 liberi
1680 2341 1714 2404 et
1726 2337 1891 2403 immunes.
1919 2334 1986 2401 Ad·

432 2441 536 2510 dimna
565 2441 662 2509 etiarn
690 2440 793 2509 eidem
819 2439 959 2522 Niceten,
989 2439 1075 2524 qnod
1104 2439 1210 2506 nullus
1241 2439 1296 2523 qui
1322 2438 1383 2507 sibi
1407 2438 1515 2523 aliqua
1542 2439 1626 2507 linea
1651 2438 1863 2523 generationis
1890 2436 1986 2505 luerit

432 2544 594 2627 autema,
616 2543 853 2627 inquisitionem
874 2560 969 2626 super
988 2541 1121 2628 eandm
1142 2548 1284 2609 nostram
1304 2541 1517 2625 donationem,
1539 2543 1698 2626 particeps
1711 2560 1781 2610 esse
1794 2541 1985 2622 desiderans,

438 2645 544 2714 lacere
555 2646 749 2731 presumebit
763 2647 850 2731 (sic);
865 2645 920 2712 sed
936 2643 1129 2712 solummodo
1143 2649 1335 2712 memoratus
1350 2643 1501 2711 Nicotaus
1514 2649 1548 2711 et
1562 2662 1621 2712 sua
1633 2645 1805 2729 posteritas
1819 2663 1887 2712 eam
1902 2645 1987 2728 paci-

434 2747 494 2818 lioa
514 2748 729 2834 possidebunt
774 2749 955 2815 Astiterunt
975 2747 1059 2815 enim
1081 2765 1153 2815 cnm
1174 2744 1265 2814 lieret
1286 2744 1350 2814 ista
1370 2745 1516 2814 donatio:
1536 2764 1640 2814 onmes
1662 2745 1827 2815 Soedricus
1842 2745 1985 2814 castella-

432 2870 494 2921 nus
514 2851 555 2920 de
575 2850 703 2934 (iriroin,
725 2869 831 2920 comes
851 2850 967 2936 syrnos
988 2849 1111 2935 dapifer
1133 2849 1327 2932 calisiensis,
1349 2867 1453 2918 comes
1474 2847 1630 2917 Iohannes
1652 2846 1736 2916 lilius
1750 2847 1911 2931 Richardi,
1929 2847 1985 2914 dn-

432 2957 538 3024 minus
559 2954 692 3024 lacobus
712 2954 812 3023 abbas
833 2952 1007 3021 Labiensis.
1051 2955 1134 3021 Acta
1154 2959 1230 3020 sunt
1250 2953 1308 3020 hee
1327 2970 1413 3020 anno
1434 2951 1540 3037 gracie
1565 2950 1692 3019 Domini
1717 2950 1827 3020 1100.
1857 2969 1986 3034 sexage-

433 3059 513 3128 simo
534 3058 658 3144 quinto.
702 3057 844 3141 Insuper,
863 3062 902 3124 ut
923 3073 973 3122 res
991 3057 1056 3122 ista
1075 3061 1219 3122 maneret
1240 3054 1364 3122 stabilis
1385 3061 1420 3123 et
1440 3054 1541 3139 magis
1561 3054 1695 3139 integra,
1718 3072 1847 3139 presens
1867 3053 1986 3130 instru-

317 3210 325 3222 ·
432 3165 575 3230 mentum
596 3179 692 3245 super
713 3158 774 3228 hcc
795 3159 1007 3243 consomptum
1028 3157 1198 3242 apensione
1218 3157 1321 3224 nostri
1342 3156 1438 3242 sigilli
1459 3154 1590 3224 fecimus
1611 3155 1764 3223 mbnrari.
1808 3154 1926 3222 Datum
1952 3153 1986 3218 in

432 3263 525 3333 Kalis
545 3262 580 3330 ln
601 3263 654 3332 die
676 3261 928 3331 circumcisionis
945 3259 1083 3343 Domini,
1106 3278 1163 3344 per
1184 3278 1313 3327 manum
1332 3259 1451 3327 domini
1473 3258 1625 3344 prepositi
1647 3258 1778 3327 Mathia

456 3539 457 3543 r
536 3467 683 3553 senne,
706 3472 875 3556 sacen
919 3465 1219 3548 concernens.
1264 3463 1442 3549 amoene,
1465 3468 1504 3530 n
1524 3465 1628 3530 nnn

1103 3797 1178 3885 Nn.
1209 3794 1310 3882 414.

537 4011 563 4098 J
564 4012 740 4098 anundus
768 4010 967 4097 inomaus.
993 4012 1145 4097 ecclesio
1172 4010 1433 4115 archiepiscop.
1459 4014 1598 4093 1265
1623 4010 1727 4095 Febr.
1752 4013 1836 4108 28,
1862 4010 1915 4092 in-
1931 4029 1985 4092 eo·

434 4132 551 4244 ⁰1le
588 4131 811 4235 brennensi,
854 4155 1026 4218 commutat
1054 4150 1146 4218 villas
1170 4149 1320 4218 ecelesiae
1346 4166 1423 4216 suae
1447 4148 1551 4217 dictas
1577 4148 1800 4234 Sweprarricne
1819 4153 1854 4215 et
1874 4145 1986 4214 Sceler-

434 4271 548 4337 ccerro,
569 4271 642 4322 cnm
663 4252 738 4320 nilla
760 4251 921 4321 Vincentii
942 4251 999 4319 lilii
1019 4251 1192 4319 Alexandri
1214 4251 1300 4319 dicta
1322 4249 1492 4318 Ostmnite
1513 4250 1773 4336 Prymasorrslrie.

544 4359 685 4433 Gniezne
705 4359 824 4422 Arnim
851 4360 983 4437 capitanii
1005 4358 1166 4438 cleempot.
1189 4358 1250 4420 Lib.
1268 4359 1372 4435 privil
1397 4357 1446 4431 ῙῙ,
1465 4356 1589 4434 [0124.

538 4560 576 4629 ln
597 4560 722 4629 nomine
743 4564 852 4626 sande
872 4559 1036 4628 Trinitatis
1067 4577 1170 4627 arnen.
1214 4559 1295 4639 eria
1318 4564 1468 4643 vergente
1494 4558 1640 4626 deorsum
1670 4556 1852 4651 condicione
1876 4572 1986 4640 corpo-

434 4681 491 4733 rea
509 4663 607 4731 nichil
628 4669 678 4731 est
699 4665 733 4729 in
755 4661 900 4730 humanis
918 4664 1010 4731 rebus
1032 4663 1117 4747 quod
1139 4662 1373 4747 reprehensioni
1395 4662 1567 4743 subiaceat,
1594 4661 1634 4728 ad
1660 4658 1869 4728 stabilitatem
1891 4675 1984 4740 nogo-

434 4765 555 4833 cinrum
577 4765 644 4833 sive
665 4770 859 4833 tractatuum
881 4785 919 4834 ea
944 4785 1004 4850 que
1030 4771 1170 4849 aguntur
1195 4764 1393 4849 intempore
1422 4760 1631 4832 necessarium
1662 4768 1713 4831 est
1738 4759 1926 4829 testimoniis
1952 4764 1986 4825 et

434 4864 614 4934 litterarum
636 4867 777 4951 apicibus
800 4869 947 4934 memorie
967 4866 1192 4935 commendare
1237 4865 1392 4934 Noverint
1412 4867 1512 4952 igitur
1541 4873 1608 4933 tem
1638 4871 1800 4948 presentes
1826 4879 1920 4945 quam
1938 4860 1987 4927 fu·

435 4969 511 5052 turi,
533 4968 618 5052 quod
641 4987 697 5036 uns
716 4969 879 5036 lanussius
900 4969 959 5037 Ilei
979 4973 1087 5053 grecia
1108 4969 1303 5036 Gnennonsis
1324 4970 1454 5038 ecclesie
1475 4969 1739 5052 archiepiscopus,
1768 4965 1808 5033 dn
1829 4962 1985 5031 communi

435 5088 589 5139 wuscnsu
608 5076 644 5137 et
664 5071 828 5138 uoluntate
849 5073 948 5139 nostri
968 5072 1106 5155 eepitnlt
1134 5089 1205 5138 cum
1236 5071 1406 5138 Vinconcin
1436 5070 1502 5137 lilio
1528 5068 1701 5136 Alexandri
1729 5075 1763 5134 et
1787 5066 1860 5132 tiliis
1886 5066 1988 5150 ipsius

434 5172 600 5255 Pelrccne,
621 5172 717 5240 Putru
740 5179 776 5241 ot
796 5172 943 5254 Iobuuue,
965 5172 1101 5239 clavillis
1123 5171 1207 5239 inira
1228 5173 1340 5256 positis
1363 5172 1458 5238 talem
1473 5170 1602 5238 fecimus
1617 5168 1894 5254 permutacinnorn.
1925 5165 1988 5234 Re·

435 5276 574 5360 cepimus
595 5275 749 5360 siquidem
773 5294 793 5342 o
815 5275 963 5359 pretiotis
982 5274 1151 5342 Viueeocin
1173 5280 1207 5340 et
1227 5273 1301 5340 liliis
1321 5274 1390 5340 eius
1411 5273 1537 5341 nomine
1559 5272 1754 5339 (torennensis
1775 5271 1906 5338 ecclesie
1931 5268 1990 5336 nil·

1776 5389 1827 5446 ψ
