4860 6180
610 248 685 328 380

608 453 727 522 Paulus
749 451 974 538 Craooriersis,
1000 451 1194 541 Woiymirus
1216 449 1501 542 Wladielrrvicasis,
1531 449 1682 521 Nicoleus
1710 449 1934 519 Pomauiensis
1963 444 2101 534 episcopi
2129 446 2162 513 in

544 619 550 629 .
608 553 735 641 synode
756 558 947 641 congregati,
969 558 1130 625 oraciones
1151 556 1282 623 devotas
1300 555 1334 621 in
1350 556 1485 622 Domino
1507 555 1601 622 llrcsu
1623 554 1760 623 Christo.
1792 553 1882 620 licat
1896 571 1959 620 noa
1972 551 2163 630 dubitemus,

515 662 516 666 ’
608 657 854 727 constitucionus
872 679 930 745 por
951 661 1160 728 vorrcrabilcm
1182 664 1306 743 patrem
1329 657 1491 725 domiuum
1513 657 1690 726 (luidonem
1712 656 1798 723 tituli
1818 656 1921 722 sancti
1943 653 2109 722 Laurentii
2131 653 2165 719 ia

609 759 732 829 Lucina
752 762 971 848 presbytorum
993 765 1193 845 cardinalem,
1223 763 1395 846 apostolico
1417 762 1507 829 Sosiis
1534 763 1683 846 legatum,
1709 760 1743 826 iu
1770 756 1896 843 Synodo
1925 778 1984 843 per
2006 758 2109 842 ipsum
2131 754 2165 821 in

608 862 816 932 weecislavie
835 866 1003 934 noussime
1021 868 1179 935 celebrata
1199 866 1323 950 publico
1344 885 1381 931 ac
1399 865 1615 950 sollempniter
1635 864 1737 932 editos
1767 861 1808 928 ad
1837 866 1976 929 vostram
2003 859 2167 927 deuouisse

610 968 771 1051 noticiam,
794 973 909 1051 brnen,
932 969 1008 1053 quia
1028 970 1062 1034 ia
1083 989 1118 1038 so
1138 974 1250 1035 contra
1278 974 1509 1051 contemptores
1540 987 1596 1035 scu
1626 965 1754 1058 desides
1776 964 1979 1046 gravissimas
2003 963 2168 1030 continent

611 1087 761 1152 summas,
781 1089 822 1137 uc
842 1070 893 1137 vel
913 1089 970 1137 uos
991 1090 1145 1139 summam
1159 1072 1492 1140 excommunicacionis
1507 1091 1565 1156 por
1578 1070 1711 1138 eundem
1726 1069 1865 1150 legatum
1884 1066 2077 1134 auctoritate
2091 1081 2168 1149 epo-

613 1173 728 1241 stolioa
745 1173 902 1257 prolatam
925 1174 1101 1241 volamcato
1123 1175 1309 1258 cuiusquam
1329 1175 1505 1257 ignorantie
1519 1174 1682 1256 contingat
1700 1173 1871 1251 incurrere,
1893 1169 1944 1237 vel
1964 1187 2023 1236 nos
2036 1172 2169 1252 proptor

613 1275 840 1360 negligenciam
858 1277 892 1342 in
910 1279 1124 1361 suspensionis
1145 1278 1334 1346 senteutiam
1353 1276 1517 1343 rirlcamur
1535 1274 1682 1356 incidere,
1704 1292 1765 1356 quo
1795 1270 1955 1339 sententia
1974 1276 2025 1338 est
2045 1268 2169 1354 mritis

611 1376 769 1445 losissime
790 1377 824 1444 in
845 1378 1000 1463 prelatos:
1022 1380 1145 1465 aliquas
1166 1380 1207 1448 de
1227 1379 1321 1447 dictis
1340 1379 1619 1446 constitutionibus
1643 1377 1683 1444 de
1702 1374 1798 1444 verbo
1820 1373 2014 1443 adverbum
2036 1370 2167 1440 inferius

609 1481 799 1548 annotantes
824 1480 989 1547 serenitati
1015 1489 1119 1560 vestre
1140 1482 1286 1550 dammas
1309 1482 1579 1564 transmittendas,
1606 1485 1763 1565 quatenus
1792 1478 1934 1562 ipsarum
1961 1482 2073 1544 tonora
2100 1475 2169 1559 ple·

610 1581 683 1649 nius
704 1580 875 1665 intellecto,
897 1601 955 1650 aec
975 1601 1031 1650 vos
1053 1584 1086 1652 in
1107 1585 1256 1669 laqueum
1277 1583 1607 1652 excommunicationis
1628 1582 1786 1662 incidatis,
1809 1598 1868 1648 nec
1882 1597 1941 1647 nos
1955 1576 2171 1664 suspensionis

610 1701 766 1753 summam
786 1685 993 1768 incurramus,
1015 1688 1206 1771 quinimmo
1227 1694 1335 1756 restra
1355 1687 1463 1772 pocius
1484 1686 1612 1753 devocio
1632 1690 1667 1752 et
1687 1690 1798 1751 nostra
1818 1682 2002 1750 obediencia
2015 1679 2100 1766 apud
2114 1678 2172 1746 Se·

611 1786 684 1855 darn
705 1787 911 1873 apostolicam
932 1807 972 1855 ex
990 1788 1193 1857 observancia
1214 1790 1384 1858 earundem
1405 1791 1671 1857 constitucionem
1695 1807 1759 1856 nou
1785 1787 1944 1855 immerito
1974 1781 2172 1853 commende·

611 1893 675 1958 tur.
718 1889 823 1959 Tener
839 1909 915 1959 vero
933 1891 1061 1959 illarum
1083 1892 1347 1960 constitucionum
1369 1892 1444 1958 talis
1465 1897 1533 1959 cst:
1556 1895 1717 1971 (Seprttrr
1731 1895 1865 1971 dmlomo
1880 1893 1933 1954 Nr.
1950 1890 2017 1953 423
2029 1888 2086 1953 ob:
2107 1884 2172 1951 Ex·

612 1995 878 2062 communicamus
900 1994 1057 2078 pdndpes
1075 2005 1133 2061 eto.
1154 2015 1249 2075 usqae
1267 1999 1329 2059 od:
1346 1993 1387 2060 ad
1406 1994 1643 2062 restitucionem
1664 1999 1699 2062 et
1719 1992 1970 2060 satisfactionem
1984 1988 2173 2072 condignam

614 2094 771 2164 adidais
793 2095 962 2181 cessetur).

715 2197 836 2267 Datum
853 2199 887 2266 in
908 2198 1035 2282 Synodo
1057 2199 1216 2268 celebrata
1236 2200 1271 2267 in
1292 2199 1429 2267 Dencow
1460 2199 1555 2268 XVII
1582 2198 1743 2267 Kdendas
1772 2195 1973 2279 Novembris,
2003 2191 2064 2262 sub
2089 2208 2174 2261 anno

611 2298 741 2369 Donum
761 2296 892 2365 Moe.
914 2303 1108 2385 sexagesimo
1125 2301 1198 2370 vn.

716 2469 1000 2590 Wlediahriensis,
1020 2511 1059 2572 de
1085 2510 1279 2574 Wioeioroek.
1323 2507 1473 2591 Dencorr,
1496 2510 1641 2574 Baitero
1731 2544 1734 2551 ι

1285 2805 1360 2891 Nr.
1392 2801 1493 2891 430.

716 2997 909 3085 Baioulous
936 3000 1014 3083 dux
1040 3001 1188 3085 Polonie
1216 3004 1352 3099 1267
1378 3001 1468 3084 lior.
1495 3003 1545 3098 8,
1570 3005 1662 3106 aput
1678 3001 1807 3105 Kalis3
1834 3016 2177 3087 venue-nereditatem

613 3119 785 3206 spyrneeo
806 3120 933 3188 Thiloni
953 3122 1013 3188 ciri
1034 3121 1241 3189 Poaneuieusi
1264 3128 1299 3188 ct
1320 3120 1474 3188 avunculo
1496 3120 1565 3187 eius
1588 3120 1727 3189 Henrioo
1748 3121 1788 3189 de
1810 3107 1923 3189 Saucia

718 3222 861 3303 Perper.
883 3230 1000 3304 muira
1023 3227 1129 3291 ‚omre
1154 3230 1306 3310 pieozfcie
1330 3230 1557 3305 przpwieezoae
1578 3246 1621 3290 aa
1648 3228 1783 3306 modoet
1808 3229 1964 3290 saturnali
1984 3224 2179 3312 ulcrpoorryclt

612 3330 839 3409 zmtejrzpolt
858 3326 1018 3392 escroton
1033 3329 1188 3405 jedmoboo
1209 3347 1410 3412 ogemorrepo.
1446 3328 1476 3391 ll
1488 3325 1654 3406 premnt·
1672 3331 1855 3394 amelonis
1874 3333 1996 3408 poioroo
2019 3328 2179 3407 odpedto3

614 3433 715 3510 mon
729 3433 797 3507 jero
817 3435 974 3517 picozfoio
997 3434 1221 3511 Przempeiaroa
1245 3434 1409 3516 Iksipcio,
1432 3439 1579 3506 (pleozcc
1596 3439 1681 3504 xvi
1742 3457 1744 3460 >
2002 3435 2003 3438 ’

537 3549 540 3554 ·
718 3533 792 3597 moe
810 3535 882 3598 XX.
918 3535 1155 3613 Czorrorprlriot,
1189 3536 1370 3613 diplomata
1398 3567 1443 3579 -
1472 3535 1660 3613 Rzprzczera
1689 3526 1857 3600 Hecaton.
1892 3535 1963 3600 Cod.
1991 3535 2178 3613 diplomatic.

615 3638 760 3700 emmae
782 3637 811 3717 1,
833 3637 890 3702 ro.
911 3637 964 3701 52.

2324 3200 2332 3313 i

717 3837 756 3905 In
777 3839 905 3907 nomine
926 3839 1053 3906 Domini
1074 3859 1177 3908 amen.
1209 3839 1302 3909 Licet
1321 3847 1395 3908 acte
1412 3841 1576 3908 bominum
1595 3842 1757 3911 evidenter
1778 3841 1965 3910 subiaceant
1983 3839 2103 3910 notieie
2116 3841 2183 3907 sin·

614 3939 771 4026 gulosum,
793 3948 1024 4009 consueverunt
1044 3942 1267 4009 nichilominus
1285 3944 1467 4028 calumpnia
1486 3946 1668 4026 novercari3
1691 3951 1889 4031 quapropter
1909 3962 2041 4013 necesso
2062 3949 2114 4011 est
2128 3962 2182 4011 ac·

614 4043 719 4111 tiones
739 4045 897 4129 legitimas
918 4064 976 4130 per
997 4045 1109 4130 scripti
1131 4047 1360 4113 continenciam
1382 4051 1416 4112 ot
1431 4047 1562 4112 testium
1577 4047 1836 4114 subnotacionem
1852 4048 1886 4114 in
1902 4047 2055 4114 aeacum
2077 4053 2183 4114 traus-

613 4145 686 4213 rohi
706 4154 916 4233 posterorum.
960 4147 1044 4215 Hinc
1065 4155 1115 4214 est
1136 4149 1220 4232 quod
1242 4167 1299 4215 uos
1320 4148 1487 4214 Boleelaus
1508 4147 1568 4215 Dei
1590 4151 1698 4233 gracia
1719 4150 1784 4217 dux
1805 4150 1937 4217 Polonie
1965 4157 2033 4217 tam
2054 4167 2184 4234 presen-

614 4252 664 4316 tes
684 4268 781 4334 quem
803 4257 948 4336 posteros
971 4252 1115 4336 cupimus
1137 4271 1200 4318 uon
1222 4252 1331 4333 latero,
1354 4270 1413 4317 nos
1435 4252 1525 4335 prius
1546 4255 1649 4319 nostri
1670 4252 1760 4319 tilioli
1783 4253 1946 4320 karissimi
1978 4252 2184 4319 Premislonis

613 4369 745 4419 assensu
766 4352 911 4421 beniuolo
932 4354 1095 4436 requisito,
1120 4355 1179 4420 civi
1202 4361 1311 4420 nostro
1334 4355 1373 4421 dc
1396 4355 1523 4421 Poznan
1545 4355 1672 4422 Thiloni
1687 4362 1721 4422 et
1741 4358 1898 4423 avunculo
1914 4376 1973 4423 suo
1988 4354 2130 4422 Heudco
2144 4354 2185 4421 de

613 4452 774 4522 Noroioro
802 4456 1012 4522 hereditatam
1041 4456 1201 4538 quandam
1223 4456 1403 4539 Spitlrcowo
1423 4457 1543 4522 dictam
1566 4459 1725 4541 sitarnque
1747 4466 1826 4544 aput
1848 4459 1988 4539 Poznan,
2012 4463 2047 4525 et
2067 4475 2185 4542 aquam

614 4554 730 4624 ibidem
753 4575 815 4640 que
834 4557 928 4624 Stara
946 4559 1025 4624 reka
1039 4559 1229 4639 nominatur,
1254 4560 1300 4624 ita
1322 4578 1450 4642 prorsus
1473 4560 1596 4642 integre
1617 4561 1712 4627 sicuti
1733 4561 1866 4628 candem
1894 4560 2055 4627 chrious
2076 4565 2186 4626 noster

613 4663 801 4740 procurator
823 4658 1018 4725 Gucznousis
1040 4661 1187 4743 primitus
1207 4661 1398 4742 possidebat,
1421 4679 1479 4745 pro
1502 4660 1560 4726 LX
1582 4680 1705 4728 marosas
1727 4663 1827 4729 libere
1851 4663 2031 4730 vendidisse
2047 4662 2116 4730 iure
2130 4662 2186 4729 he·
2344 4708 2348 4719 ·

613 4759 765 4829 roditario
787 4779 844 4844 per
866 4761 951 4844 ipsos
973 4768 1006 4827 ct
1028 4763 1198 4829 eorundem
1222 4770 1366 4848 posteros
1388 4764 1622 4849 possidendam,
1654 4784 1708 4831 cos
1734 4764 1776 4832 ab
1806 4766 1891 4833 omni
1918 4766 2081 4833 solucione
2113 4783 2187 4832 con·
2322 4778 2352 4859 ζ

613 4861 696 4928 suali
715 4863 912 4946 aliorumque
930 4864 1044 4929 iurium
1067 4866 1194 4947 ponitus
1217 4868 1400 4948 eximentes,
1424 4873 1557 4950 excepte
1578 4867 1703 4934 decima
1725 4886 1787 4951 quc
1809 4869 1899 4935 reddi
1913 4869 2008 4936 debet
2023 4886 2083 4953 pro
2098 4886 2187 4935 more
2347 4866 2352 4885 ²

613 4963 708 5031 solito
729 4964 771 5030 ad
793 4983 885 5048 quom
907 4972 1040 5049 spectat.
1085 4968 1243 5049 Protomae,
1266 4968 1382 5051 profati
1406 4968 1585 5034 permissi
1610 4970 1813 5037 conveniendi
1841 4971 1962 5038 inerim
1992 4990 2091 5056 super
2112 4989 2187 5038 cau·

613 5081 682 5134 mm
700 5066 840 5152 aliquam
861 5075 1002 5151 protacta
1024 5069 1220 5153 lrorulitatis,
1243 5090 1348 5138 coram
1371 5072 1598 5140 Pontianicusis
1621 5072 1760 5140 civitatis
1782 5073 1885 5141 iudico
1898 5073 2103 5141 debebantur
2116 5072 2188 5140 iuro
2351 5119 2357 5159 a

613 5165 808 5240 Tltcrrtonioo
829 5173 998 5240 conveniri.
1043 5172 1178 5260 Insuper
1197 5175 1300 5242 nostri
1323 5175 1499 5259 piscatores
1520 5174 1553 5241 in
1577 5193 1662 5260 aqua
1681 5185 1914 5260 prememorata
1937 5195 1998 5262 pro
2019 5181 2135 5244 nostro
2148 5175 2188 5242 li·
2351 5168 2360 5267 ᾖ

2355 5286 2364 5385 i

2359 5542 2367 5641 i

2360 5648 2367 5731 ἒ
