4860 6180
576 303 653 380 452

577 504 685 591 porale
707 503 813 588 aliquo
834 523 938 587 panno
959 505 1163 574 mundissimo
1186 504 1370 586 involutum,
1397 523 1454 589 pro
1485 504 1627 589 reliquiis
1652 510 1701 572 est
1726 504 1923 572 servundvun.
1953 503 2001 572 »Si
2022 523 2116 591 sapor

577 607 692 693 pollam
712 608 761 674 vel
783 627 878 692 supvcr
898 628 1020 678 sacrorn
1040 610 1165 694 aliquod
1187 609 1402 677 indumentum
1422 610 1579 685 ceciderit,
1612 627 1686 692 pars
1712 608 1846 675 intincta
1873 608 1959 692 prius
1985 615 2117 692 sugatur

577 716 611 779 et
630 715 742 796 possea
762 711 932 794 scindatur,
955 720 989 781 ct
1007 720 1137 780 eousuto
1159 732 1262 797 puvurm
1284 713 1400 779 muvndo
1427 719 1628 779 conservetur
1653 731 1711 794 pro
1740 711 1895 794 reliquiis:
1927 713 1972 778 ita
2000 717 2116 795 umen,

576 813 660 899 quod
681 830 776 898 super
796 833 933 899 pannum
955 815 1065 881 cotula
1084 823 1254 882 consuatur
1275 816 1437 881 continens
1458 833 1552 897 super
1573 814 1633 880 boe
1655 812 1836 881 linteamen:
1859 813 1953 880 Stilla
1974 814 2025 881 bie
2039 815 2118 882 oeei·

577 916 627 984 dit
647 914 850 984 Sacramenti.
895 916 930 983 Si
950 937 1044 1002 super
1064 919 1150 985 aliud
1171 936 1333 985 commune
1354 917 1572 983 vestimentum
1592 915 1714 997 oceidit,
1737 935 1810 1000 pars
1836 917 1970 984 intincta
1986 924 2118 1002 sugatur

576 1024 611 1088 et
630 1025 742 1103 postea
762 1019 947 1088 incendatur
966 1025 1000 1086 et
1020 1020 1230 1103 comburatur,
1252 1026 1285 1087 ct
1307 1021 1386 1086 ciuis
1407 1021 1440 1086 in
1463 1021 1601 1087 monario
1623 1027 1803 1103 reponatur.
1847 1020 1881 1086 Si
1900 1027 2007 1088 autem
2022 1040 2117 1106 super

576 1121 722 1207 lapidem,
742 1122 861 1205 lignum
882 1129 1037 1190 terramve
1058 1124 1214 1205 ceciderit,
1237 1123 1400 1202 lingendus
1421 1128 1455 1188 et
1475 1123 1642 1205 tergendus
1664 1129 1714 1189 est
1731 1124 1819 1190 locus
1834 1124 1888 1190 ille
1902 1130 1936 1191 ot
1950 1124 2115 1206 radendus,

577 1230 611 1293 et
631 1225 733 1310 pulvis
754 1226 786 1291 in
805 1226 942 1294 sacrario
964 1227 1170 1309 reponendus.
1214 1227 1248 1293 Si
1269 1234 1377 1293 autem
1405 1226 1444 1292 de
1473 1224 1631 1308 &inguine
1659 1224 1777 1292 Christi
1807 1243 1902 1309 super
1930 1227 2047 1311 pallam
2067 1226 2116 1294 vel

576 1327 662 1395 uliud
683 1334 899 1396 omamentum
919 1328 1074 1410 ceciderit,
1098 1347 1171 1413 pars
1192 1347 1401 1413 superquam
1423 1327 1535 1394 cecidit
1555 1327 1713 1409 abluatur,
1735 1334 1769 1394 et
1789 1327 1910 1395 ablutio
1924 1348 1944 1395 a
1957 1329 2119 1396 sacerrime

576 1429 627 1498 vel
646 1429 710 1498 alio
731 1431 917 1498 eonnicutie
938 1430 1020 1499 boue
1041 1438 1192 1499 sumatur.
1237 1430 1388 1498 Sacerdos
1410 1436 1516 1497 numm
1538 1429 1588 1496 vel
1608 1430 1753 1497 minister
1774 1432 1825 1497 cui
1846 1430 1879 1498 id
1900 1431 2059 1512 acciderit,
2077 1430 2118 1499 ad

527 1614 531 1625 .
578 1531 757 1619 episcopum
778 1533 871 1601 debet
892 1534 986 1602 mitti.
1016 1535 1065 1603 ·Si
1086 1554 1202 1615 musea,
1224 1534 1275 1601 vel
1297 1553 1421 1615 aranea,
1441 1533 1490 1600 vel
1512 1532 1632 1617 aliquid
1654 1533 1719 1600 tale
1739 1533 1772 1599 in
1794 1533 1898 1616 ipsum
1920 1535 2047 1601 calicem
2061 1552 2119 1601 ee·

577 1634 698 1718 ciderit,
717 1635 801 1720 quod
822 1638 875 1703 vix
895 1637 962 1704 siue
984 1638 1103 1705 vomitu
1123 1645 1158 1706 et
1177 1638 1346 1723 aliquando
1366 1657 1428 1705 non
1458 1638 1525 1705 sine
1552 1637 1691 1721 periculo
1714 1638 1868 1721 camerali
1897 1639 1977 1704 sumi
2005 1643 2120 1722 potest,

578 1739 665 1823 prius
686 1745 792 1807 amoto
814 1739 957 1823 eoquod
979 1742 1135 1824 reciderit,
1163 1741 1296 1825 sangaris
1328 1746 1468 1824 sugatur,
1491 1746 1523 1807 et
1551 1746 1663 1824 postea
1690 1739 1768 1807 illud
1797 1740 1881 1823 quod
1905 1741 2062 1824 ceciderit,
2085 1742 2119 1808 iu

577 1841 698 1926 piscius
715 1841 925 1910 comburatur.
970 1843 1108 1925 Quodsi
1135 1843 1212 1911 fidas
1240 1844 1309 1927 ipsa
1336 1843 1370 1909 id
1398 1844 1482 1927 quod
1508 1843 1657 1911 ceciderit
1683 1843 1862 1926 quempiam
1884 1862 2007 1912 sumere
2034 1842 2119 1927 iecit,

580 1944 648 2015 lieu
667 1953 783 2032 metas.

682 2070 727 2133 Ne
743 2074 851 2150 pneris
872 2071 995 2134 Henioc
1016 2077 1210 2135 cousecratur
1231 2073 1349 2134 amiur.
1392 2065 1597 2134 Prohibemus
1617 2065 1819 2151 presbyteris,
1840 2085 1881 2134 ne
1903 2066 2032 2135 Hostias
2046 2084 2120 2135 eoo·

578 2175 718 2238 sacratam
738 2170 843 2255 pueris
864 2169 941 2238 deut
961 2170 1159 2239 nullomodo
1180 2189 1238 2256 pro
1260 2169 1539 2238 communicatione
1560 2168 1664 2236 indie
1685 2168 1814 2250 Pasche,
1840 2168 1897 2236 sed
1926 2186 2038 2252 panem
2066 2168 2119 2236 be·

579 2272 739 2341 aedictum
767 2291 970 2342 communem
1014 2273 1100 2340 lderu
1122 2274 1157 2340 io
1189 2273 1261 2341 aliis
1297 2271 1464 2358 prohibitis
1495 2272 1735 2354 communicare,
1768 2271 1957 2356 precipimus
1987 2270 2121 2338 firmiter

579 2373 748 2444 observmi.
1729 2402 1732 2406 ⁸

688 2499 726 2563 Ut
754 2500 975 2564 mamam
1001 2507 1143 2563 movent
1168 2501 1348 2563 moderes.
1391 2494 1575 2563 Sacerdotes
1604 2512 1728 2580 semper
1752 2494 1804 2563 die
1830 2500 1941 2562 octavo
1970 2502 2121 2563 renovent

579 2597 778 2668 namneus
797 2597 1043 2681 Sememeutum,
1065 2601 1161 2668 etiam
1184 2606 1327 2684 tempore
1338 2598 1506 2667 interdicti.
1551 2597 1676 2679 Nullan,
1698 2603 1868 2682 mteqoam
1883 2599 2057 2666 matutinas
2070 2617 2121 2666 ca·

578 2703 708 2772 uonlcas
729 2710 763 2773 et
782 2704 915 2789 primam
936 2703 1061 2788 dixerit,
1083 2705 1210 2773 mnsam
1232 2703 1390 2772 celebrare
1411 2707 1580 2787 presumat,
1601 2701 1664 2768 nisi
1685 2701 1793 2784 aliqua
1812 2703 2009 2769 necesitate

686 2828 821 2904 mediter
840 2831 923 2890 celia
942 2834 1133 2890 coaonae
1153 2831 1186 2890 in
1203 2822 1317 2905 panno.
1362 2821 1453 2890 calix
1474 2828 1547 2906 post
1564 2820 1693 2888 mnsam
1714 2840 1819 2906 panno
1847 2820 2052 2888 mundissimo
2073 2821 2122 2889 iu·

578 2926 733 3010 volvatur,
754 2944 812 2994 nec
832 2927 970 2994 ministri
991 2946 1029 2994 eo
1048 2928 1179 2995 interius
1198 2932 1335 3011 tergant,
1355 2926 1410 2994 aed
1432 2926 1494 2993 alio
1516 2924 1557 2991 ad
1577 2925 1637 2992 boc
1663 2925 1844 3009 specialiter
1870 2924 2039 3009 deputato;
2066 2925 2122 3010 qui

580 3029 656 3097 dum
677 3048 741 3097 non
761 3029 840 3097 satis
858 3029 971 3097 decens
993 3027 1090 3097 fuerit
1109 3048 1164 3097 seu
1186 3035 1345 3098 vetustate
1363 3029 1504 3112 attritus,
1526 3029 1559 3095 iu
1581 3028 1719 3096 sacrano
1741 3023 1951 3097 comburatur.
2027 3049 2029 3056 ¹

547 3137 552 3149 '
688 3153 725 3216 Ut
741 3154 883 3216 racadu
902 3155 980 3217 lavet
997 3171 1113 3217 morae.
1156 3149 1307 3218 Sacerdos
1327 3154 1497 3234 numquam
1523 3149 1697 3216 revestiat
1721 3166 1780 3233 pro
1806 3149 1912 3230 mssa,
1944 3149 2122 3218 immeuae

580 3251 665 3321 lavet
685 3270 797 3320 manas
816 3270 891 3321 suas
910 3253 942 3320 iu
963 3255 1101 3321 sacrario
1119 3253 1170 3320 vel
1192 3254 1332 3336 ecelesia,
1354 3272 1410 3320 seu
1432 3253 1465 3318 io
1487 3252 1556 3319 loeo
1578 3251 1628 3318 vel
1648 3269 1747 3336 prope
1762 3252 1865 3319 iocum
1880 3250 1935 3317 ubi
1949 3253 2058 3318 vestiri
2071 3270 2122 3320 so·

578 3354 634 3424 let
666 3354 705 3422 Iu
725 3355 820 3422 altari
840 3355 903 3422 duo
924 3357 1121 3440 manutergia
1140 3356 1205 3424 sint
1225 3357 1403 3441 pendentia,
1425 3373 1521 3423 uuum
1543 3355 1585 3421 ad
1606 3354 1800 3422 ablutionem
1815 3362 1888 3440 post
1902 3354 2118 3440 Evangelium,

493 3451 498 3459 ’
538 3452 539 3456 ’
573 3448 749 3527 ⁴v'sacvroduru
763 3458 811 3524 ¹od
830 3458 1021 3526 ablutionem
1042 3464 1115 3544 post
1136 3457 1328 3527 Sacramenti
1350 3461 1569 3544 sumptionem.
1696 3507 1699 3511 -
1797 3529 1800 3532 .

541 3636 546 3647 .
688 3580 726 3645 Ut
746 3583 887 3645 tuendos
906 3582 950 3644 bu
970 3600 1031 3644 aon
1052 3582 1185 3646 celebrer.
1229 3579 1343 3648 Nullus
1364 3579 1480 3648 audeat
1500 3579 1549 3647 bis
1575 3578 1609 3645 iu
1630 3579 1682 3646 die
1710 3578 1839 3645 mnsam
1865 3577 2032 3663 celebrare,
2061 3580 2123 3648 nid

579 3679 613 3752 ln
634 3678 966 3762 NativitateDomin'a
1011 3681 1093 3749 (lum
1113 3682 1231 3766 duplici
1249 3689 1357 3750 autern
1379 3682 1516 3749 Introitu
1537 3681 1642 3749 nullus
1664 3680 1780 3748 audeat
1801 3680 1960 3749 celebrare
1983 3682 2121 3763 musam.

581 3779 751 3851 canonos
771 3800 846 3851 vero
866 3784 1044 3866 merendam
1067 3786 1099 3852 iu
1132 3786 1233 3869 prima
1252 3787 1359 3853 vinum
1386 3785 1575 3871 profusionis
1602 3804 1665 3852 uon
1692 3789 1814 3867 sumat;
1844 3785 1989 3852 minsstru
2009 3785 2122 3854 bonam

543 3978 544 3981 Ἴ
579 3886 801 3954 censcientiam
820 3885 948 3954 habenti
970 3885 1121 3969 conferat,
1144 3889 1193 3954 vel
1214 3889 1248 3955 in
1270 3889 1421 3972 piscinam
1441 3895 1548 3972 ponat.

611 4052 614 4056 ·
685 4008 860 4086 &paeana
878 4010 1090 4087 praefationes
1105 4028 1165 4088 per
1185 4029 1304 4073 ennea
1349 4007 1526 4075 Invenimus
1547 4007 1656 4075 decem
1675 4013 1842 4091 sequentes
1860 4007 2050 4091 prefationes
2072 4028 2123 4077 ca·

581 4106 708 4193 thslogo
731 4110 948 4177 tantummodo
959 4187 961 4191 ¹
972 4109 1180 4205 reeipiendus:
1200 4129 1295 4178 uuam
1317 4111 1351 4177 in
1364 4111 1500 4178 Pascha:
1519 4110 1562 4178 Te
1576 4112 1703 4195 quidem
1720 4111 1854 4178 Domine
1869 4111 1954 4177 omni
1969 4118 2123 4196 tempore:

581 4210 675 4278 allam
697 4212 731 4278 in
753 4213 961 4279 Ascensione:
982 4211 1042 4293 Qui
1062 4218 1134 4296 post
1148 4215 1422 4295 resurrectionem
1446 4215 1570 4281 tertiam
1587 4215 1619 4283 iu
1634 4213 1854 4281 Pentecosten:
1876 4213 1935 4293 Qui
1954 4215 2124 4282 ascendens

507 4305 510 4313 ’
581 4314 1107 4399 supe13quartamvleTrininate:
1140 4315 1200 4395 Qui
1222 4335 1293 4384 cunr
1314 4317 1500 4400 Unigenito;
1527 4318 1670 4400 quintam
1699 4318 1731 4384 iu
1758 4315 1981 4384 festivitatibus
2010 4316 2125 4385 Sancte

581 4414 700 4484 ldarie:
722 4416 768 4482 Et
788 4424 820 4483 te
838 4419 870 4484 in
898 4417 1099 4484 veneratione
1128 4417 1219 4484 beate
1247 4418 1366 4499 Mario:
1400 4426 1521 4486 sextam
1551 4420 1584 4485 iu
1606 4417 1830 4486 festivitatibus
1860 4426 1968 4487 saneto
1998 4419 2123 4487 Crucis:

580 4516 640 4598 Qui
661 4518 809 4600 odotem:
833 4521 1001 4604 septimam
1023 4519 1063 4585 do
1083 4520 1259 4603 Apostolis:
1282 4521 1326 4587 le
1346 4520 1469 4604 quidem
1486 4523 1618 4588 Domine
1632 4522 1831 4605 suppliciam
1854 4529 1996 4588 octavam
2011 4524 2044 4589 in
2058 4521 2124 4589 Na·

581 4620 706 4688 tivitate
725 4621 867 4690 Domini:
889 4623 969 4702 Quia
987 4641 1044 4705 por
1067 4622 1220 4689 incarnati
1236 4623 1331 4690 Verbi
1348 4624 1547 4707 mysterium
1570 4643 1686 4691 nonam
1702 4626 1733 4690 io
1747 4623 1942 4709 Epiphania:
1964 4625 2039 4708 quia
2053 4643 2124 4691 eum

582 4721 770 4808 [inigenitus
792 4731 877 4805 tuus3
901 4724 1053 4790 decimam
1076 4727 1107 4792 in
1128 4727 1387 4809 viadrapvsinva:
1415 4727 1474 4806 Qui
1504 4727 1659 4811 corporali
1684 4727 1799 4793 ieiunio
1826 4727 1904 4793 vitia
1935 4728 2123 4811 comprimis.

691 4831 727 4893 U!
749 4833 781 4891 in
796 4832 898 4905 [rocio
920 4834 1013 4891 altori
1034 4848 1093 4892 noa
1115 4835 1238 4895 celebret
1259 4834 1408 4895 sacerdos.
1440 4829 1641 4913 Pravipirnus,
1668 4829 1751 4913 quod
1773 4830 1806 4896 in
1828 4829 1923 4896 albari
1946 4831 1978 4895 in
1999 4848 2062 4913 quo
2077 4836 2124 4897 ta·

580 4926 656 4996 buln
673 4928 769 4996 fuerit
793 4931 961 4996 enormiter
983 4930 1092 5011 fracta,
1115 4932 1260 4998 surculos
1283 4951 1344 4998 non
1367 4930 1511 5012 celebret,
1532 4934 1631 5000 ‹louec
1654 4933 1754 5000 altare
1775 4933 1987 4999 consolidetur
2014 4940 2048 5001 et
2066 4935 2126 5002 ite·

582 5050 652 5119 rum
672 5040 877 5099 muneretur.
923 5032 1103 5115 Nuosvvper
1132 5033 1265 5116 lapidum
1294 5035 1362 5099 sino
1393 5053 1486 5118 rapsa
1512 5035 1695 5100 euldnetur.
1740 5035 1886 5118 Ampulla
1909 5054 1980 5100 veru
2004 5037 2068 5103 viui
2091 5042 2125 5103 et

486 5168 490 5176 ·
580 5154 661 5219 aque
682 5136 714 5202 iu
736 5136 907 5202 ministerio
929 5135 1038 5201 :altricia
1059 5137 1125 5203 sint
1147 5139 1261 5205 nuuude
1292 5146 1325 5204 ot
1348 5140 1476 5220 irvtegru,
1505 5138 1614 5218 vitree,
1648 5145 1778 5204 stavvnre
1801 5139 1849 5204 vol
1872 5144 2029 5220 angendae.
2074 5139 2124 5206 nd

580 5237 770 5306 ablutionem
789 5257 934 5305 muana
958 5258 1011 5304 vas
1032 5240 1183 5321 gravidius
1204 5241 1381 5325 vlvvpvutatur.
