4860 6180
2088 324 2162 401 arr
2237 432 2240 437 Ι

624 525 659 591 et
678 518 752 588 iilis
772 518 850 602 eius,
868 519 994 589 domino
1017 519 1129 589 Iaoobo
1150 519 1299 589 mnonioo
1316 520 1524 590 Poenaniensi
1545 528 1580 591 et
1602 519 1742 603 alberto,
1769 521 1965 590 vendidimus
1983 541 2057 592 eum
2079 528 2164 594 omni

624 623 701 709 qnid
719 625 821 692 nostri
842 625 920 693 iaris
938 632 988 694 est
1008 626 1041 693 in
1062 645 1102 695 ea
1121 625 1198 709 ipsis
1219 632 1253 692 et
1273 626 1409 710 posteris
1430 628 1506 708 sois,
1529 625 1721 693 hereditario
1743 625 1812 691 inre
1833 625 1866 692 iu
1887 632 2074 710 perpetuum
2093 648 2165 715 pos-

623 726 803 808 sidendam
832 726 983 796 decimam
1013 728 1232 796 nichilominus
1256 745 1352 811 super
1377 728 1518 796 homines
1547 727 1663 795 ibidem
1689 726 1904 794 inhabitantes
1926 747 1982 810 pm
2004 729 2094 798 nobis
2115 751 2165 799 re·

624 847 795 912 mamus,
817 832 954 914 exeeptis
973 837 1077 898 mmen
1096 831 1173 914 ipsis
1192 828 1369 909 heredibus,
1391 832 1445 914 qui
1463 831 1504 897 do
1522 831 1589 897 suis
1603 829 1739 913 pmpriis
1767 827 1884 895 aratris
1915 829 2010 898 libere
2031 834 2164 919 solvant,

622 938 661 999 nt
681 931 777 999 deteri
799 932 925 1012 milites,
946 933 999 998 ubi
1021 934 1139 1001 volunt
1176 931 1231 1000 dt
1250 938 1357 999 autem
1387 932 1443 1000 hee
1472 941 1584 1001 nostra
1604 931 1742 998 venditio
1774 937 1840 997 tam
1862 930 2065 1014 solempniter
2085 936 2184 1004 cele.

621 1031 724 1116 breta,
746 1032 838 1101 bruna
858 1040 893 1102 et
913 1034 1098 1101 inviolabilis
1119 1035 1153 1101 in
1174 1040 1362 1119 perpetuum
1384 1040 1570 1116 perseveret,
1592 1039 1770 1118 presentem
1790 1032 1931 1099 litterum
1952 1037 2105 1104 mosanti
2120 1037 2165 1105 le·

624 1135 724 1204 elmns
753 1141 788 1205 et
813 1137 914 1203 nostri
940 1137 1034 1220 sigilli
1059 1137 1231 1204 munimine
1249 1135 1400 1202 roboreti.
1444 1133 1574 1202 Summe
1599 1142 1707 1203 eutem
1730 1142 1780 1202 est
1805 1133 1881 1202 data
1907 1135 2013 1203 deoenr
2035 1144 2069 1205 et
2092 1144 2164 1206 oeto

622 1256 810 1307 mmmm.
852 1239 968 1305 hatum
989 1237 1021 1303 in
1043 1237 1145 1305 hubin
1167 1256 1250 1304 anno
1270 1236 1373 1320 gretie
1395 1235 1521 1301 Domini
1543 1235 1765 1305 hiccinvll.
1787 1239 1821 1304 iu
1842 1239 1894 1305 die
1908 1237 2070 1306 beatorum
2090 1239 2165 1308 Phi·
2199 1262 2201 1267 ¹

622 1338 702 1426 lippi
722 1346 757 1408 et
774 1338 878 1407 laeobi
896 1338 1118 1423 apostoloram,
1141 1340 1338 1426 presentibus
1351 1338 1503 1405 iratribus
1515 1338 1628 1406 domus
1644 1348 1767 1408 nostre:
1788 1341 1914 1408 Priamo
1932 1343 2045 1426 priore,
2067 1341 2165 1411 tratre

623 1441 784 1524 Heenlino,
806 1440 996 1525 ilognhralo,
1017 1442 1133 1524 Blasio,
1154 1443 1249 1510 Petro
1272 1441 1384 1524 Largo,
1407 1440 1515 1521 Paulo,
1531 1439 1703 1525 Stephano,
1719 1442 1905 1526 Pribislavo,
1919 1443 2081 1528 Michaele,
2095 1445 2164 1513 hla-

623 1545 702 1628 tbia,
724 1545 919 1629 Cestorogio,
941 1544 1062 1628 iaoobo,
1085 1545 1228 1627 Sulmm,
1250 1544 1374 1624 Iacobo,
1396 1549 1429 1610 et
1450 1543 1560 1610 eodem
1586 1543 1639 1611 die
1663 1545 1882 1612 confirmatum
1912 1566 2016 1615 eoram
2037 1566 2165 1616 venere-

559 1645 563 1654 '
621 1647 679 1715 bill
700 1653 792 1732 patre
812 1652 921 1715 nostm
941 1648 1066 1715 domino
1087 1649 1242 1734 Boguslao
1263 1647 1338 1732 (sie)
1360 1646 1505 1731 episeopo
1519 1646 1723 1714 Poznanieusi
1739 1647 1772 1714 in
1790 1648 1902 1729 Dolslr,
1924 1650 2012 1717 euius
2026 1651 2164 1736 sigillum

587 1743 591 1749 ’
621 1749 665 1817 ad
684 1748 825 1818 eiusdem
846 1749 893 1815 rei
924 1749 1109 1818 evidentiam
1134 1756 1184 1818 est
1212 1769 1385 1836 appensum
1414 1748 1612 1833 presentibus
1641 1749 1811 1833 capellanis
1839 1751 1925 1819 uarie
1950 1771 2015 1834 sne,
2039 1753 2164 1821 domino

622 1850 758 1919 Horatio
784 1852 932 1919 eanonlco
960 1852 1173 1933 Poznaniensi,
1202 1851 1340 1930 Andrea,
1363 1850 1511 1932 iohanne,
1537 1851 1723 1932 Monada,
1750 1850 1972 1921 Bartholomeo
2001 1855 2163 1937 militibus,

607 1954 737 2050 ἔρξω
757 1952 910 2021 Petroone
927 1953 1385 2052 magnamdominiephmpi,
1409 1951 1569 2037 Stephano
1583 1957 1618 2020 et
1630 1952 1703 2020 aliis
1723 1952 1975 2038 quampluribus
1995 1956 2071 2023 viris
2091 1976 2164 2042 pro-

624 2055 675 2123 bis
694 2062 729 2123 et
749 2054 900 2123 honestis.
1368 2049 1372 2057 '

727 2258 841 2343 hubin
863 2263 966 2328 dmm
1011 2260 1159 2344 Crirovo,
1180 2267 1333 2330 mono.
1378 2261 1489 2343 nonu,
1513 2265 1614 2327 Dolet⁸

1288 2627 1363 2713 ΝΡ.
1395 2620 1494 2713 357.

724 2836 946 2921 Bolanlerus
972 2838 1049 2921 dun
1074 2836 1223 2920 Polonie
1250 2843 1389 2921 1257
1416 2837 1504 2922 Jun
1530 2842 1580 2937 6,
1605 2840 1664 2941 (i)
1682 2839 1906 2943 iaPonaam
1928 2858 2092 2928 mmmm
2109 2860 2165 2927 do

622 2956 783 3026 natimmm
803 2957 897 3025 rilhe
917 2957 999 3040 Bali,
1021 2977 1116 3041 quam
1137 2956 1241 3025 irater
1261 2977 1337 3027 suus
1359 2959 1389 3027 b.
1404 2978 1447 3026 m.
1462 2959 1605 3041 Promisi,
1627 2958 1774 3026 Poloniee
1787 2960 1862 3043 dux,
1885 2961 2034 3028 melesius
2046 2961 2165 3073 iouue-
2295 2983 2297 2989 ·

621 3060 724 3128 aiensi
745 3059 920 3127 subsertis
942 3059 1170 3127 eonditionibus
1191 3060 1319 3130 iecerat.

726 3166 866 3243 Pergam
885 3167 1003 3242 oronim
1045 3161 1184 3229 smera
1197 3167 1360 3242 jedooudne
1377 3169 1531 3242 fioletm,
1549 3170 1685 3252 moereat
1704 3170 1756 3231 aie
1775 3185 1865 3230 murz.
2172 3202 2177 3252 1

679 3353 681 3357 ‚
724 3264 860 3333 Patami.
904 3268 992 3330 Areia
1017 3268 1148 3346 Capituli
1171 3269 1197 3342 1,
1219 3269 1248 3332 4.
1270 3304 1315 3318 -
1337 3268 1522 3351 Boczmislri,
1549 3272 1617 3334 cod
1639 3273 1757 3348 diplom
1782 3271 1892 3333 Momr.
1911 3270 2015 3334 Poloa
2037 3271 2089 3335 43.

724 3485 763 3554 ln
784 3486 909 3554 nomine
926 3485 1030 3554 Patris
1048 3493 1081 3555 et
1102 3488 1176 3555 Filii
1196 3495 1231 3556 et
1252 3488 1390 3574 Spiritus
1411 3490 1513 3558 munti
1535 3509 1638 3557 amen.
1682 3488 1834 3568 Quoniam
1865 3487 2003 3556 conditio
2028 3488 2165 3557 humana

576 3669 581 3679 Ι
621 3607 685 3658 non
697 3594 840 3658 moratur
857 3589 891 3655 in
905 3588 1020 3656 mundo
1041 3589 1075 3658 in
1088 3597 1284 3675 perpetuum,
1306 3592 1362 3659 sed
1383 3592 1543 3676 peremtio
1564 3598 1638 3676 post
1657 3590 1891 3676 generationem
1906 3609 2028 3676 semper
2049 3592 2165 3660 mansit

621 3692 655 3760 in
676 3697 820 3774 mortem,
841 3691 955 3788 ideireo
976 3697 1049 3758 aete
1068 3693 1219 3776 priorum,
1239 3694 1376 3761 maxime
1404 3693 1487 3761 bona
1515 3698 1549 3761 et
1573 3692 1675 3773 utilia,
1707 3691 1855 3759 familiare
1880 3690 2030 3759 labuntur
2054 3710 2076 3759 a
2100 3710 2165 3759 me·

620 3795 723 3863 moda
740 3794 802 3861 nisi
828 3794 862 3859 in
892 3793 1017 3877 seriptis
1037 3794 1229 3878 redigantur,
1263 3815 1320 3879 per
1348 3814 1410 3880 que
1442 3795 1565 3880 possint
1594 3795 1700 3862 venire
1732 3793 1774 3862 ad
1802 3794 1953 3862 notiemm
1977 3793 2164 3862 intarorurn

621 3896 699 3965 lude
719 3902 771 3964 est
791 3895 875 3981 quod
897 3914 953 3963 nos
971 3895 1155 3967 Bolerlarus
1176 3898 1236 3965 Dei
1255 3901 1361 3983 gaha
1381 3899 1445 3993 dax
1466 3898 1595 3965 Polonie
1616 3903 1726 3964 notum
1741 3897 1873 3964 holmus
1888 3903 1955 3965 tam
1970 3896 2166 3982 presentibus

622 4018 719 4085 quam
739 3998 866 4078 futuris,
889 3997 972 4082 quod
990 3999 1103 4066 nobilis
1121 4001 1170 4067 vir
1189 4000 1289 4069 irater
1306 4008 1418 4069 noster
1436 4000 1519 4069 bone
1537 4000 1687 4067 memorie
1707 4000 1841 4066 illustris
1866 4001 2011 4084 princeps
2034 3997 2166 4066 Premisl

612 4101 682 4185 ,bei
701 4102 807 4186 gratia
828 4101 892 4167 dux
911 4100 1040 4169 Polonie
1060 4103 1093 4169 iu
1115 4103 1228 4172 ultima
1247 4104 1410 4172 voluntate
1430 4103 1632 4183 constitutus,
1654 4120 1733 4169 sane
1753 4107 1859 4168 mente
1880 4119 2018 4185 maeque
2035 4099 2165 4168 oonsilio

624 4204 784 4273 salubrius
805 4204 944 4288 cogitans
965 4205 1004 4272 de
1022 4205 1122 4273 salute
1141 4209 1245 4275 anime
1258 4225 1325 4291 sue,
1344 4208 1481 4292 qualiter
1494 4206 1670 4291 perciperet
1682 4223 1739 4288 pm
1754 4203 1978 4287 temporalibus
1990 4202 2166 4286 spiritualia

543 4335 547 4342 ·
623 4305 708 4374 dona
728 4314 848 4387 eterna,
866 4324 928 4390 que
948 4324 1072 4391 semper
1091 4316 1236 4376 creseunt
1256 4309 1296 4376 de
1315 4309 1397 4376 bono
1419 4310 1451 4375 in
1472 4308 1585 4375 melius
1607 4313 1641 4374 et
1661 4324 1822 4389 nunquam
1836 4305 2000 4387 diescant,
2021 4323 2080 4388 pro
2093 4322 2165 4372 suo·

620 4427 693 4475 ram
716 4409 812 4476 etiam
833 4408 1046 4492 permarinum
1074 4411 1210 4477 remedio
1240 4417 1274 4477 et
1301 4416 1468 4494 parentum
1501 4414 1681 4475 nosuorum
1705 4415 1803 4491 utque
1828 4408 1894 4474 rite
1920 4412 2028 4474 eterne
2045 4407 2165 4490 premia

622 4511 850 4596 oonseqnendo,
881 4510 984 4576 villam
1007 4529 1096 4577 suam
1120 4529 1181 4594 qne
1209 4512 1282 4578 Buk
1314 4518 1444 4579 roratur
1466 4510 1664 4594 integraliter
1696 4529 1767 4578 eum
1789 4509 1918 4577 civitate
1938 4514 1972 4576 et
1992 4508 2111 4592 depelle
2131 4513 2166 4575 et
2266 4551 2271 4560 ·

621 4613 693 4682 eam
711 4613 857 4682 omnibus
877 4612 1053 4681 hominibus
1074 4613 1188 4681 ibidem
1211 4613 1427 4680 habitantibus
1447 4611 1508 4679 sibi
1528 4611 1681 4693 obnoxiis,
1703 4618 1738 4679 et
1758 4630 1829 4680 oum
1850 4611 1994 4678 omnibus
2012 4609 2164 4692 terminis,
2204 4612 2206 4614 ’

620 4715 808 4798 attinentiis,
830 4714 1031 4796 utilitatibus,
1054 4733 1124 4782 curn
1145 4722 1282 4795 moneta,
1305 4713 1460 4795 theloneo,
1491 4720 1526 4781 et
1552 4733 1624 4782 eum
1651 4713 1800 4796 tabernis,
1826 4719 1861 4780 et
1886 4733 1958 4782 eum
1982 4713 2076 4798 pleno
2096 4711 2164 4778 iure

620 4825 655 4886 et
672 4819 811 4886 dominio
832 4817 916 4901 qaod
936 4825 1044 4884 noster
1063 4816 1162 4884 hater
1183 4817 1323 4903 prelatus
1344 4816 1408 4883 dun
1427 4815 1538 4884 babuit
1562 4819 1595 4884 in
1627 4817 1739 4886 eadem
1765 4817 1903 4899 civiate,
1927 4816 2057 4884 eoeleste
2079 4812 2165 4882 beati

488 4955 494 4966 ·
620 4917 708 4988 Petri
726 4921 761 4987 in
781 4919 907 4986 Poanan
928 4918 970 4986 od
989 4919 1164 4988 custodiam
1185 4920 1320 4988 eontulit
1345 4920 1415 4986 iure
1439 4926 1591 5003 perpetuo
1618 4920 1853 5005 possidendam
1882 4919 1942 4986 hoe
1968 4924 2073 4984 tamen
2092 4915 2164 4984 daei

621 5027 795 5090 meinorato
815 5021 979 5105 disponere
996 5021 1125 5104 plueuit,
1153 5022 1238 5106 quod
1259 5022 1401 5089 homines
1421 5021 1454 5088 in
1475 5021 1584 5089 eadem
1605 5022 1682 5088 villa
1702 5022 1762 5088 sibi
1787 5020 1897 5103 debiti,
1925 5025 2074 5104 pometum
2093 5036 2164 5086 oum

526 5197 530 5206 ,
621 5140 680 5192 sua
700 5125 887 5210 posteritate
907 5129 941 5190 et
961 5141 1032 5191 eum
1058 5124 1195 5192 sortibus
1225 5141 1421 5207 eorumque
1450 5123 1491 5190 ad
1516 5123 1643 5190 eosdem
1669 5123 1839 5208 pertinent,
1868 5122 2038 5189 trmmimnt
2063 5118 2163 5188 eidem

616 5225 752 5296 <adeleno
773 5225 858 5293 beati
876 5225 961 5292 Petri
980 5226 1012 5292 in
1033 5226 1170 5295 oih'eiam
1189 5227 1450 5295 mortuariorum.
1495 5224 1617 5293 Statuit
1638 5227 1744 5307 etiam,
1770 5231 1807 5291 ut
1827 5231 1935 5290 ausum
1956 5222 2094 5308 predicte
2114 5241 2164 5292 ee·
