4476 6180
1813 282 1888 365 389

337 488 466 660 l[ligamini
484 488 595 559 blec.
617 441 849 577 septuagesimo
877 489 911 576 (o
929 489 978 558 lit
1001 489 1077 576 del.)
1105 496 1221 576 quarto
1250 490 1409 559 Kalendas
1430 490 1518 568 Moli,
1541 432 1573 559 ln
1602 492 1654 562 die
1682 491 1785 561 sancti
1800 487 1891 558 Vita·

444 798 559 883 Lubin,
581 803 686 867 lubin.
730 799 867 882 Orcivin,
891 803 1037 879 n'rzyaetn.
1082 797 1201 892 Srzem,
1225 782 1320 866 deero.

1011 1096 1084 1180 Nr.
1118 1091 1218 1180 442.

445 1291 567 1376 comcs
594 1229 861 1376 banchomirns
888 1296 1012 1374 1271
1040 1289 1065 1374 J
1066 1312 1126 1373 an.
1153 1296 1227 1387 15,
1253 1314 1283 1374 s.
1308 1290 1351 1394 ις
1370 1315 1595 1378 usamentum
1616 1309 1703 1378 ocio.

449 1417 645 1493 ltcmmopc
662 1417 889 1495 poteicrdzony
906 1432 1016 1494 przcz:
1036 1411 1201 1478 Bollsslaus
1222 1411 1287 1479 dux
1308 1410 1438 1478 Polouia
1463 1412 1545 1477 1272
1568 1413 1636 1481 lau.
1662 1414 1713 1496 12,
1735 1413 1769 1480 iu
1783 1412 1893 1481 Iuveui
1989 1401 1995 1418 ⁶

340 1514 557 1582 Wladlslavia

445 1620 608 1683 Bibliolcko
629 1620 702 1684 XX.
729 1620 968 1700 ozerrorpstet
1016 1620 1089 1681 Tclci
1110 1619 1351 1682 Noraszeniczoc

445 1823 538 1891 Auno
559 1820 686 1889 Domini
705 1822 875 1891 milassimo
896 1821 1110 1890 ducentesimo
1128 1821 1359 1906 septuagesimo
1380 1820 1492 1906 primo,
1514 1821 1635 1890 decimo
1650 1828 1762 1891 oetam
1776 1821 1894 1890 Kalen·

339 1926 399 1993 das
419 1925 595 2007 Februarii,
617 1945 675 2009 ego
697 1944 801 1993 comes
822 1926 1049 1993 Lnucbomirus
1072 1924 1154 1991 bona
1174 1923 1400 1992 deliberatione
1415 1925 1533 2008 babila,
1556 1926 1686 2010 cupiens
1699 1926 1825 2010 placere
1837 1925 1894 1994 ‹lo-
1932 1957 1957 1961 ·>

341 2029 427 2096 mino
448 2028 527 2096 Jesn
550 2027 688 2110 Christo,
708 2028 740 2094 in
762 2047 834 2095 maa
854 2028 968 2096 ultima
980 2028 1145 2095 voluntate
1159 2034 1193 2094 ct
1206 2029 1344 2094 condens
1359 2034 1582 2096 tastamentum
1596 2027 1707 2112 delego
1720 2033 1755 2094 et
1767 2028 1894 2112 assigno

341 2132 434 2200 beato
455 2132 551 2199 Petro
582 2130 798 2215 apostolomm
829 2132 963 2217 principi
994 2131 1035 2196 ad
1061 2130 1224 2197 ecclesiam
1254 2129 1511 2198 Crmwiclensem
1545 2131 1652 2198 villam
1694 2149 1796 2198 meam
1835 2149 1897 2215 qne

343 2234 477 2302 moeno
503 2240 713 2317 nuncupatur.
757 2233 805 2300 De
830 2234 906 2301 villu
933 2240 1039 2302 aulem
1068 2232 1293 2300 mehomirce
1320 2251 1416 2318 super
1439 2233 1575 2319 Goplam
1601 2233 1666 2301 sita
1689 2233 1736 2299 sic
1761 2231 1832 2300 solo
1860 2237 1895 2300 et

341 2335 485 2420 dispono,
518 2335 603 2418 quod
630 2341 701 2402 tota
725 2354 797 2404 cum
823 2336 967 2404 omnibus
993 2335 1172 2404 attinentiis
1194 2335 1228 2401 ln
1256 2334 1336 2401 duas
1362 2341 1471 2418 partes
1501 2335 1670 2416 dividatur,
1704 2354 1767 2420 qne
1797 2333 1895 2401 micbl

342 2444 473 2523 propter
489 2437 598 2504 debita
618 2437 725 2505 fratris
746 2439 810 2505 mei
831 2439 1028 2525 integraliter
1049 2440 1146 2507 cessit
1166 2443 1200 2505 ct
1220 2437 1378 2522 legaliter3
1407 2443 1442 2504 et
1468 2455 1563 2504 uuam
1582 2443 1707 2521 partem
1729 2437 1828 2505 totim
1848 2437 1896 2504 vl·

342 2540 457 2608 delicet
477 2539 664 2607 hereditatis
685 2559 723 2608 ac
744 2559 852 2608 omnes
870 2560 957 2609 meas
977 2557 1029 2609 res
1050 2541 1191 2624 mobiles,
1214 2541 1336 2609 scilicet
1357 2540 1508 2608 animdia
1521 2539 1722 2607 rationabilia
1735 2558 1807 2607 cum
1820 2540 1896 2608 bru·

343 2643 386 2710 tis
407 2649 442 2710 et
461 2661 534 2711 cnm
556 2642 701 2710 omnibus
719 2643 791 2711 aliis
813 2645 907 2712 rebus
923 2644 1173 2730 quibuscumque
1198 2643 1377 2712 nominibus
1405 2647 1602 2724 censeantur,
1625 2642 1717 2710 uxori
1743 2660 1813 2711 moe
1833 2661 1896 2729 qne

345 2763 396 2813 me
416 2743 457 2813 (le
478 2745 661 2830 paganismo
683 2745 826 2828 redemit,
856 2748 982 2814 nomine
1010 2746 1214 2829 Dobroslavn,
1244 2746 1391 2814 similiter
1417 2746 1527 2830 delego
1545 2751 1580 2814 et
1600 2745 1737 2830 assigno,
1765 2751 1799 2813 et
1824 2764 1894 2815 eam

344 2866 416 2917 cum
437 2849 583 2916 omnibus
604 2849 698 2916 rebus
719 2849 785 2916 suis
807 2849 974 2916 mobilibus
995 2855 1029 2917 et
1050 2850 1262 2917 immobilibus
1283 2847 1454 2916 vmersbili
1469 2847 1554 2932 patri
1568 2847 1696 2915 domino
1711 2847 1896 2933 Wolymiro,

344 2951 476 3020 ecclesie
497 2950 768 3018 Wlndislnviensis
789 2952 935 3037 episcopo
958 2952 1130 3034 committo,
1152 2958 1191 3018 ut
1209 2952 1252 3019 ub
1272 2951 1406 3019 ecclesio
1426 2951 1460 3017 in
1483 2951 1549 3017 suis
1570 2951 1641 3034 ipsa
1655 2951 1779 3018 iniuriis
1793 2956 1828 3019 et
1841 2969 1897 3018 ne-

343 3053 544 3121 cessitatibus
565 3053 760 3122 defendatur.
804 3055 909 3122 Aliam
931 3073 1004 3122 vero
1021 3061 1145 3140 partem
1166 3054 1305 3122 eiusdem
1326 3053 1512 3120 hereditatis
1533 3051 1599 3120 filio
1619 3052 1698 3120 dicti
1712 3052 1820 3120 fratris
1834 3053 1897 3121 mei

224 3191 232 3202 ·
343 3155 494 3224 lobannis
515 3156 625 3241 delego
647 3164 681 3224 ct
701 3158 837 3242 assigno,
860 3162 894 3225 et
914 3158 942 3224 si
964 3175 1092 3224 uxorem
1115 3175 1217 3224 meam
1238 3156 1432 3223 antedictam
1454 3154 1564 3221 dicbus
1585 3155 1651 3222 rite
1673 3172 1730 3223 sue
1751 3138 1832 3223 bene
1848 3162 1897 3224 te-

343 3259 451 3326 nuerit
472 3264 506 3326 et
526 3258 668 3340 honeste,
691 3259 792 3326 eidem
814 3260 904 3326 uxori
925 3278 993 3326 mee
1012 3259 1143 3326 liberam
1165 3259 1206 3326 do
1236 3259 1431 3338 facultatem,
1461 3258 1534 3325 ilius
1560 3257 1750 3325 whereditatis
1772 3262 1897 3344 partem

343 3379 439 3445 quam
461 3361 491 3427 ei
513 3360 553 3429 de
574 3363 668 3428 rebus
689 3361 857 3429 mobilibus
878 3361 987 3446 delego
1008 3366 1041 3428 et
1063 3363 1202 3445 assigno,
1229 3361 1327 3428 madi
1356 3359 1539 3445 supradicto
1560 3357 1670 3427 fratris
1691 3360 1753 3426 mel
1774 3359 1841 3427 lilio
1868 3359 1897 3427 si

344 3463 479 3531 boneste
496 3463 580 3532 sicut
600 3464 664 3530 dixi
687 3464 728 3531 ab
749 3465 817 3547 ipso
839 3463 935 3530 fucrit
956 3471 1155 3531 conservata:
1176 3465 1316 3548 alioquin
1338 3464 1466 3548 penius
1485 3462 1529 3530 sit
1543 3460 1652 3545 libera,
1674 3467 1798 3546 portem
1812 3462 1898 3531 dicte

343 3565 532 3633 hereditatis
563 3584 632 3632 cum
662 3566 807 3633 omnibns
828 3566 899 3632 aliis
922 3565 1013 3633 rebus
1035 3565 1224 3650 supradictis
1249 3583 1307 3649 pro
1328 3583 1388 3631 sua
1407 3565 1569 3631 voluntate
1595 3571 1629 3632 et
1654 3564 1688 3631 in
1716 3565 1820 3645 anime
1840 3582 1898 3632 sue

343 3666 516 3734 remedium
539 3667 614 3734 dare
635 3672 669 3735 ct
690 3669 851 3751 assignare
869 3668 1044 3752 cuicunque
1064 3667 1125 3734 sibi
1146 3667 1302 3752 placuerit
1321 3667 1461 3749 ecclesie,
1483 3672 1517 3735 et
1537 3667 1593 3734 ubi
1613 3667 1727 3734 melius
1741 3666 1899 3736 videbitur

347 3769 506 3854 expedire.
551 3770 619 3836 llec
640 3771 747 3837 omnia
775 3777 809 3838 et
838 3771 961 3854 singula
983 3788 1061 3854 pum
1087 3776 1121 3836 et
1145 3770 1330 3855 simpliciter
1350 3769 1410 3836 feci
1438 3777 1472 3838 ct
1492 3769 1538 3837 sic
1557 3769 1728 3853 adimpleri
1753 3771 1835 3853 ¹volo,
1861 3777 1900 3839 ut

345 3871 501 3938 bonorum
523 3891 652 3955 operum
674 3874 835 3957 particeps
853 3891 975 3939 merear
995 3872 1138 3954 inveniri,
1161 3877 1195 3938 et
1215 3879 1252 3939 ut
1272 3891 1312 3939 aa
1332 3891 1395 3957 que
1414 3873 1460 3940 sic
1481 3871 1565 3938 bona
1585 3871 1648 3939 lide
1668 3874 1775 3957 peregi
1804 3878 1838 3941 et
1865 3875 1899 3940 in

345 3974 459 4040 ultima
484 3973 650 4041 voluntate
679 3993 749 4041 mea
776 3976 808 4040 in
838 3980 1027 4042 testamento
1056 3973 1204 4055 conclusi,
1236 3976 1344 4042 omnin
1364 3981 1398 4042 ct
1417 3975 1542 4059 singula
1570 3974 1662 4041 firma
1682 3982 1897 4059 permaneam.

347 4075 458 4143 Testes
479 4075 520 4141 ad
542 4076 601 4144 boc
622 4076 803 4160 specialiter
823 4077 941 4157 vocavi,
964 4076 1109 4142 videlicet
1130 4076 1328 4144 honorabiles
1354 4076 1438 4144 viros
1459 4084 1492 4143 et
1512 4077 1671 4144 dominos:
1698 4077 1898 4146 Sandulaum

349 4176 510 4243 custodem
527 4176 827 4260 wladislaviensem,
842 4179 993 4245 Goslaum
1009 4179 1172 4259 decanum,
1187 4178 1389 4262 Lypbardum
1404 4179 1667 4261 archidiaconum,
1690 4179 1898 4248 Venceslnum

347 4280 509 4346 custodem
530 4285 564 4344 et
585 4279 773 4346 bliclroelcm
796 4283 979 4347 canonicum
1001 4281 1130 4347 ccclesia
1153 4281 1388 4363 Crusviciensis,
1410 4282 1557 4349 Iacobum
1579 4283 1748 4367 plebanum
1763 4284 1802 4351 dc
1817 4284 1899 4350 Kos·

350 4383 500 4463 cclesiow,
531 4382 676 4448 cornilem
704 4381 883 4449 Miloslaum
914 4382 1201 4464 Prcbislavicnscm,
1230 4388 1264 4450 et
1289 4384 1452 4467 Goslanm,
1479 4385 1632 4468 Vislaum,
1659 4386 1844 4470 Woyslcnm
1865 4392 1900 4453 ct

350 4482 551 4570 Mycyconcm
574 4485 691 4550 militas
712 4491 746 4550 ct
768 4484 898 4551 boreales
920 4487 959 4553 dc
981 4486 1189 4552 llosczicsiow
1218 4493 1252 4553 ct
1276 4488 1356 4554 alios
1378 4507 1472 4572 quam
1499 4488 1616 4571 pluras,
1646 4509 1761 4572 rogans
1779 4490 1900 4574 suppli·

339 4587 428 4654 'citer
448 4593 482 4653 ct
500 4587 621 4668 devote,
643 4587 719 4670 quin
740 4587 843 4670 sigillo
866 4607 967 4669 carco,
998 4595 1034 4654 ut
1059 4607 1188 4671 presens
1216 4589 1369 4673 scriptum
1394 4590 1569 4674 sigillorum
1595 4589 1800 4674 impressione
1825 4612 1898 4677 pre·

348 4688 502 4760 dictorum
525 4691 653 4756 testium
676 4690 781 4773 sigilla
802 4689 984 4757 lubentium
1006 4692 1191 4772 muniretur,
1213 4691 1297 4774 quod
1318 4695 1359 4760 ad
1380 4713 1483 4761 mecm
1504 4693 1689 4777 petitionem
1707 4695 1785 4761 dicti
1800 4700 1899 4761 testes

348 4789 449 4860 lacere
469 4793 666 4860 studuerunt

449 4996 592 5081 Procino,
616 5002 762 5080 Proczyra
807 4996 1041 5082 Lunclromirzc
1066 5001 1304 5068 lucdoo'rorcice.
1348 4999 1461 5087 Gopla,
1491 5004 1588 5082 copto
1603 5004 1733 5082 jezioro.
1776 4999 1900 5070 wudi-

349 5095 520 5183 abulensis,
546 5106 584 5167 de
616 5105 809 5169 Wcoccaml.
855 5101 1073 5185 liosczicsiow,
1103 5103 1291 5171 Koicieazlcr’.
1335 5104 1603 5188 Prcbislavicnsis,
1631 5111 1669 5170 de
1692 5105 1900 5189 l’rzylrprlou.
