4860 6180
436 593 513 667 580

436 792 591 878 Mistiuuy
610 810 681 858 cum
702 810 808 859 unorc.
844 791 977 860 Scbcsir.
1007 791 1103 859 Bono.
1131 791 1247 858 suono.
1273 790 1419 860 Boscthc
1447 789 1595 859 Cistibor.
1621 791 1772 876 Bogussa.
1794 788 1900 859 samu.
1923 790 1988 858 hn-

439 895 544 964 dreas.
566 893 699 962 Tiroost.
723 893 811 962 Smii.
841 893 1011 963 Ohimhms.
1042 893 1217 978 Episcopus
1235 894 1363 963 Paulae.
1391 895 1517 979 Symon.
1539 893 1665 962 Ivarus.
1690 892 1829 961 Cistena.
1853 893 1988 963 biroocc.

437 995 586 1065 Βιιιιιιιιι.
607 994 771 1062 lohannes.
794 995 872 1065 Orlo.
895 995 1065 1062 Woizlaus.
1087 994 1245 1062 Mothous
1276 996 1380 1062 Ianca
1408 996 1550 1063 Bliaono.
1579 995 1724 1063 notovit.
1746 996 1887 1063 Dctrich.
1909 997 1990 1064 Pau·

434 1098 494 1166 ius.
512 1097 666 1165 Andreas.
695 1096 885 1165 Gohciridus
906 1099 1052 1164 decanus.
1081 1097 1210 1165 ihoma.
1241 1099 1431 1183 Stephanus.
1458 1098 1594 1182 Dcncpr.
1624 1098 1790 1166 Pribizlav.
1817 1098 1988 1182 Boguvola

440 1199 565 1286 Stoyoc
586 1198 719 1266 Slarica.
741 1200 903 1268 ihorimir.
925 1198 1073 1266 Dcthicb.
1096 1199 1298 1268 Benedictus.
1320 1199 1516 1285 uodhphaa.
1539 1200 1692 1267 Sciizlava
1714 1200 1901 1267 Radoziava
1918 1201 1990 1267 Dir-

438 1301 565 1370 sialaua
604 1299 703 1369 Cretb
730 1318 801 1368 cum
830 1319 928 1368 uxore
949 1300 1084 1368 Petram
1104 1306 1139 1367 ct
1159 1300 1223 1367 iilio
1245 1301 1370 1384 Drogcl.
1401 1301 1544 1384 ιιοςιιιι
1565 1321 1636 1369 cum
1657 1301 1723 1368 fiho
1742 1301 1918 1370 Mothouso.
1941 1303 1991 1368 Io·

351 1463 353 1468 .
434 1403 557 1474 ιιιιιι
587 1402 671 1469 iilius
700 1402 831 1486 Bripine
857 1422 929 1471 cam
957 1417 1059 1470 matre
1084 1416 1118 1470 ot
1140 1422 1245 1470 uxore.
1268 1402 1413 1472 hiernach.
1435 1403 1590 1472 SdizIava
1618 1405 1808 1487 Rogrmiava.
1837 1404 1913 1471 Dan
1927 1404 1991 1470 Bo·

434 1505 563 1574 laum.
597 1504 670 1570 Dur
691 1503 819 1570 Mcsioo.
857 1504 929 1571 Dux
949 1505 1019 1571 Odo
1041 1523 1112 1572 cum
1135 1523 1231 1570 uxore
1252 1509 1286 1571 et
1307 1504 1390 1570 filiis.
1424 1504 1592 1571 Divisouic.
1614 1503 1779 1571 Senianum
1798 1523 1869 1570 cum
1891 1522 1989 1572 uxore

433 1614 469 1676 et
499 1607 584 1676 filiis.
627 1606 779 1674 Barbara
829 1606 988 1674 Sdealaus.
1038 1607 1224 1690 hadulphus
1257 1605 1413 1690 presbiter
1438 1623 1510 1673 cum
1536 1623 1634 1672 uxore
1666 1606 1848 1690 Margareta
1868 1613 1903 1673 ct
1923 1606 1990 1674 fllia

435 1707 626 1778 Radozlaca
666 1708 809 1774 Radosta
829 1708 935 1776 obbas.
969 1710 1087 1776 Ριιιιιι
1109 1711 1205 1793 prior.
1239 1708 1411 1775 Romanus.
1446 1707 1613 1775 Iohannes.
1650 1707 1784 1774 blasius.
1821 1706 1989 1776 Fabianus.

438 1809 637 1879 Βιιιοιιιιιιι.
668 1810 839 1877 Dionisius.
869 1810 982 1878 Lucas.
1017 1811 1124 1878 lanice
1146 1810 1322 1896 presbiteri.
1355 1809 1549 1893 Bogomilrm.
1573 1809 1679 1876 Vitas.
1716 1807 1831 1875 Saulus
1854 1809 1988 1876 diaconi.

436 1911 617 1993 Οιιιιιιιιιιι.
651 1910 838 1995 Bogurlaus.
875 1911 995 1979 biilost
1032 1913 1221 1996 Stephanus.
1256 1911 1393 1985 blosius.
1428 1911 1628 1978 Prosimirus.
1658 1909 1832 1977 Corradus.
1860 1910 1989 1978 Esdras.

432 2012 574 2083 Luboost
595 2012 785 2081 subdianoni.
807 2013 956 2080 Damcch.
978 2013 1126 2082 Vostech
1146 2012 1311 2080 Bratrecir
1332 2011 1468 2080 Biisbor.
1490 2012 1639 2080 Brauon
1661 2012 1795 2080 Sabacb
1818 2010 1985 2098 Oestocoy.

434 2114 538 2186 Borio.
560 2115 681 2184 Bilech.
703 2114 835 2200 Nnoy.
856 2115 1022 2183 Iohannes.
1044 2114 1163 2183 Prebor
1184 2115 1335 2182 ιοιιιιιιι

537 2215 680 2284 Boseiza
699 2216 805 2285 Ianca
827 2216 943 2284 Tebna.
963 2216 1079 2284 Lacca
1101 2216 1264 2284 Dethmar.
1286 2216 1456 2283 Martinus.
1470 2216 1595 2287 Petrus
1615 2216 1749 2284 Mstecb
1763 2217 1857 2286 Saxa
1871 2215 1989 2283 Hadia.

431 2317 533 2386 lusca
561 2317 728 2386 Sulizlava.
750 2317 860 2403 Egida
879 2318 1036 2386 Pribinlau
1056 2318 1140 2385 filim
1163 2318 1309 2386 Gromole
1323 2337 1396 2386 cum
1409 2337 1508 2385 uxore
1521 2318 1658 2386 Bouana
1681 2318 1804 2385 Rodim
1826 2315 1984 2385 (immola

431 2419 600 2488 Pribizlav.
636 2419 813 2504 Boguzlaus
834 2418 875 2488 dc
895 2420 1012 2505 Popen
1039 2420 1221 2499 Benedicta.
1254 2421 1417 2489 Otcnzlav
1451 2420 1609 2490 Iohamea
1630 2438 1744 2490 comes
1780 2419 1901 2517 Naaoy
1913 2439 1986 2489 cum

434 2541 543 2592 uxore
566 2521 736 2590 Godisbus
757 2540 829 2590 cum
850 2541 957 2589 uxore
979 2522 1165 2590 Ριιιιιιιιιιι
1184 2528 1219 2590 ιι
1239 2521 1315 2591 filia
1338 2521 1473 2607 Bogata
1495 2523 1657 2591 suatava
1677 2522 1794 2591 Nescia
1816 2507 1997 2590 Dubrobn'a'

434 2643 516 2694 aroc
533 2624 635 2692 Prode
648 2643 720 2692 cum
740 2624 815 2692 filiis
835 2630 870 2692 et
886 2624 953 2691 filia
974 2624 1122 2693 (ιιιιιιιιιι
1141 2631 1176 2693 ιι
1189 2631 1301 2692 matre.
1323 2624 1491 2692 Radalcuc
1513 2624 1650 2692 Blosius.
1671 2621 1825 2692 Andrms
1846 2623 1989 2692 Lauren

433 2727 508 2796 tius
524 2725 669 2812 Ustivoy.
691 2725 848 2793 Wiseclac
869 2744 941 2793 cum
962 2744 1060 2794 uxore
1082 2734 1117 2794 ιι
1136 2726 1210 2793 filiis
1227 2733 1261 2794 ct
1281 2726 1415 2794 filiabus.
1452 2725 1593 2795 Scodrob
1614 2726 1762 2794 decimus
1793 2725 1897 2793 Miiob
1917 2745 1989 2795 cum

433 2847 532 2898 uxore
552 2834 587 2898 ιι
607 2829 672 2896 filio
693 2829 822 2896 Mirota
854 2828 1000 2897 Wsebori
1021 2830 1144 2897 comitis
1163 2829 1327 2896 camerarii
1359 2829 1523 2895 Kazimiri.
1545 2827 1721 2896 Pribiziave
1746 2826 1870 2896 ιιιιιιιιι.
1902 2827 1990 2896 Stre·
2029 2911 2033 2917 .

433 2931 550 3000 aialave
569 2929 694 2999 femine.
738 2930 875 2998 Ubioisti
896 2930 1021 2999 femine.
1042 2930 1210 2998 Pribiziavi
1231 2930 1413 2998 sacerdotia
1458 2930 1555 3015 Suley
1576 2949 1648 2999 cum
1669 2949 1776 3000 uxore
1797 2930 1987 2998 Godislavus

435 3049 507 3101 cum
527 3050 636 3102 uxore.
656 3031 811 3101 iohannis
833 3031 966 3099 comitis
989 3033 1077 3100 Petri
1090 3032 1210 3100 militia
1229 3031 1415 3115 Tirpislava
1433 3030 1555 3100 Martia
1576 3052 1648 3100 cum
1669 3051 1766 3101 uxore
1786 3032 1988 3101 Techosiaca.

540 3135 572 3203 2.
595 3133 789 3220 Septembris
806 3134 911 3202 obibus
933 3134 1078 3202 Kumadi
1098 3133 1186 3202 (ιιιιι
1208 3135 1260 3218 pie
1281 3134 1437 3203 memorie

541 3235 652 3323 bagao
674 3254 778 3305 comes
800 3254 871 3303 cum
892 3254 991 3304 uxore
1009 3241 1044 3304 et
1062 3236 1136 3303 filiis
1157 3241 1192 3304 et
1211 3235 1346 3303 filiabus.
1379 3236 1503 3304 Pantcn
1523 3254 1701 3305 conversus.
1724 3182 1877 3304 Sarbinus
1898 3248 1988 3304 scua-

433 3337 511 3407 rius.
534 3339 773 3424 (ιιιιιιιιιιιιι).
795 3337 919 3405 Guther
933 3337 1036 3405 vidua.
1076 3337 1205 3405 Lancha
1225 3355 1306 3405 uxor
1328 3336 1480 3404 Wiiiclmi
1502 3357 1574 3406 cam
1595 3338 1683 3405 fihis:
1707 3338 1895 3420 Winocntio‚
1914 3337 1989 3405 Phi·

431 3439 521 3527 lippo
535 3441 704 3509 etlaoobo.
728 3440 888 3508 silvester.
916 3438 1057 3524 Nepiim.
1080 3440 1263 3507 Gorbardus
1278 3458 1349 3506 cam
1364 3459 1462 3507 uxore
1477 3438 1683 3507 Stroniziava.
1705 3440 1838 3509 Boccho.
1863 3440 1988 3508 Mirans

432 3561 514 3612 uxor
535 3542 624 3611 Cane
642 3561 714 3611 cum
735 3549 839 3610 matre
859 3542 987 3610 Miicba
1031 3542 1166 3610 Grabisa
1196 3561 1268 3610 cum
1290 3561 1388 3609 uxore
1408 3542 1592 3610 Mirozlava.
1637 3543 1787 3610 Roztam
1831 3541 1989 3610 Sulizlave

431 3641 556 3713 famine.
600 3645 797 3712 Dobroueste
818 3643 942 3713 femine.
988 3645 1071 3713 Wile
1099 3664 1171 3712 cum
1192 3663 1290 3714 uxore
1309 3644 1478 3713 Bothocoo.
1521 3647 1626 3713 Anna
1664 3645 1881 3712 Stromialaca
1918 3645 1987 3712 Mo

437 3745 511 3814 (ilis.
532 3746 633 3831 Sgira
656 3748 787 3815 Martia.
822 3746 973 3814 Nasulka.
1012 3746 1128 3816 Cecilie
1149 3748 1272 3816 femine.
1298 3748 1405 3816 hara
1425 3766 1497 3816 cum
1516 3765 1614 3814 uxore
1635 3746 1830 3815 Dobrosulca
1849 3755 1883 3814 et
1904 3747 1988 3815 filiis.

431 3847 574 3916 Bodilov.
604 3848 737 3918 Sdislav.
760 3849 947 3934 Stephanus.
968 3848 1107 3917 Gorlusa
1134 3849 1283 3918 Sacrana
1306 3850 1432 3918 Sulava.
1454 3849 1582 3935 hssocicy
1603 3849 1712 3918 laicus
1734 3850 1851 3917 Paulus
1868 3868 1982 3918 comas.

432 3949 595 4018 Dabmssu
609 3971 681 4020 cum
691 3970 796 4019 uxore
809 3950 918 4019 Godis.
939 3950 1100 4019 ibostioco
1116 3971 1188 4019 cum
1202 3970 1309 4020 uxore.
1330 3953 1439 4020 Borea
1457 3952 1550 4020 Sdeh.
1573 3951 1681 4020 Mater
1693 3972 1802 4020 eorum
1816 3953 1987 4037 Droguma

432 4052 540 4137 agata
561 4070 633 4120 cum
665 4053 730 4119 iilio
756 4052 858 4120 Tader
878 4059 912 4120 et
941 4052 1006 4119 iilia
1030 4053 1222 4121 Gustizlavo.
1266 4054 1372 4121 Utecb
1400 4073 1472 4122 cum
1497 4073 1606 4122 uxore
1651 4055 1818 4124 Zlanocba
1862 4055 1987 4123 Podsad

431 4152 533 4222 frater
563 4160 682 4222 noster.
725 4153 839 4221 Petrus
860 4155 1112 4240 archiepiscopus
1142 4157 1281 4239 suscepit
1306 4156 1547 4224 fraternitatem
1591 4156 1697 4226 Radoa
1727 4176 1797 4225 cum
1826 4176 1924 4225 uxore
1955 4164 1989 4225 ιι

432 4253 507 4322 filiis
528 4261 562 4323 ιι
579 4255 714 4323 fiiiabm.
758 4255 893 4339 Imgutr.
926 4255 1041 4340 Hinga.
1075 4256 1199 4324 Mislua
1221 4258 1379 4325 Brihicest
1400 4278 1480 4325 uxor
1508 4259 1649 4326 Ziauere.
1685 4259 1796 4344 Rariry
1817 4259 1901 4326 iilius
1924 4259 1988 4326 Na·

433 4375 501 4442 gos.
531 4356 695 4425 Filomcua
715 4358 861 4424 ιιιιιιιοι
882 4376 954 4423 cum
980 4377 1077 4425 uxore
1103 4359 1249 4444 Bogodar
1270 4368 1303 4427 et
1322 4361 1455 4428 filiabus.
1499 4362 1614 4446 Ropuh
1636 4381 1708 4429 cum
1730 4380 1827 4429 uxore
1848 4370 1882 4429 et
1903 4362 1985 4429 tiliis.

433 4458 534 4529 Sires.
570 4461 696 4527 Dumna
733 4461 923 4527 Wissesiavo
944 4462 1083 4545 suscepit
1104 4463 1335 4529 fraternitatem
1365 4482 1436 4530 cum
1454 4463 1520 4531 filio
1541 4463 1748 4547 Wiodizlavo,
1771 4464 1859 4531 dedit
1880 4465 1987 4531 viliam

437 4560 530 4630 beate
550 4560 654 4630 Marte
675 4563 707 4628 ιιι
730 4563 800 4646 ipsa
820 4563 947 4629 civitate
968 4562 1133 4648 Prcnrut¹)
1155 4583 1226 4631 cum
1246 4572 1319 4631 octo
1334 4565 1434 4639 bubus
1449 4571 1482 4632 ct
1496 4566 1618 4633 duobus
1630 4567 1848 4650 crpriiccariis.
1869 4565 1988 4633 Gerboh
2009 4638 2011 4642 ,

433 4681 505 4730 cum
526 4682 634 4731 uxore.
668 4664 792 4731 Pisana.
825 4664 1008 4730 Potrumilo.
1042 4666 1156 4732 Ιιιιιιι.
1186 4667 1340 4750 Bogumii.
1368 4667 1589 4735 chnthoslai.·
1608 4668 1796 4735 Prcstslavc.
1819 4666 1984 4754 lohannes.

430 4764 524 4833 Boris
545 4785 616 4834 cum
638 4786 736 4833 unum
757 4774 791 4834 ct
812 4766 895 4832 iiliis.
917 4767 1077 4852 Proclwoy.
1106 4769 1203 4835 Curia
1227 4769 1407 4836 Scarbimir.
1440 4769 1568 4837 Michal.
1599 4769 1762 4836 Morizlav.
1795 4770 1985 4838 Scolastiha.

432 4865 565 4935 Siaobor
587 4869 642 4952 qui
662 4868 750 4936 ‹icdit
773 4888 955 4952 campanam
974 4871 1048 4937 huic
1070 4871 1148 4939 ioco.
1178 4872 1362 4956 Bogumilrr⁴
1384 4872 1588 4940 Dobroziava.
1620 4873 1774 4956 hopumii.
1797 4871 1901 4939 Iacob.
1924 4872 1986 4938 Bo·

432 4968 536 5037 theob.
559 4968 688 5054 Stcpan.
728 4970 840 5037 Connus
861 4970 995 5055 Symeon
1018 4993 1089 5040 cunr
1110 4992 1207 5041 uxore
1229 4975 1384 5041 vissiaco.
1421 4974 1616 5041 Hualisiava.
1653 4973 1840 5057 Suutopolk.
1872 4972 1986 5042 comos

279 5116 288 5121 -
431 5069 591 5139 Nicolaus.
623 5073 740 5140 Moioh.
769 5073 907 5140 Crassos.
939 5074 1006 5141 Ion.
1035 5074 1176 5143 Crisono.
1203 5077 1357 5144 Povorica.
1380 5076 1507 5144 Gostca
1536 5075 1702 5143 Sotrucho.
1734 5075 1896 5143 Sadinhve
1921 5076 1985 5143 fra·

431 5179 481 5240 ter
500 5175 552 5258 (i).
571 5174 705 5242 Sobcsir.
742 5175 926 5242 Pohumiio.
964 5177 1099 5261 voyteh.
1137 5178 1283 5247 Suclicha
1321 5178 1518 5262 Dour-onega
1555 5178 1747 5246 Wisscaioue
1766 5197 1837 5247 cum
1862 5180 1985 5247 duobus

536 5501 559 5567 ¹)
578 5499 821 5572 l’connrtpcnnh·
838 5498 1015 5569 romariorum.
1038 5499 1162 5568 Promut,
1182 5499 1209 5568 (ι’.
1231 5500 1361 5569 l’rccmch
1377 5500 1446 5572 misr.
1467 5499 1513 5554 Νι.
1534 5501 1603 5557 236.
