4860 6180
758 377 833 455 330

756 596 830 648 vero
851 575 1064 663 penitentibus
1084 584 1119 648 et
1139 579 1300 666 ooniessis,
1323 583 1379 669 qui
1399 581 1440 650 ud
1461 581 1625 651 ecclesium
1647 583 1749 667 ipsum
1770 580 1804 648 in
1833 578 1964 664 singulis
1992 575 2218 648 festivitatibus
2238 584 2300 667 glo-

756 683 840 750 riose
859 680 961 749 biurie
978 683 1108 768 virginis
1129 690 1163 753 et
1184 686 1283 772 ipsius
1305 688 1391 756 beuti
1411 686 1569 755 Dominioi
1598 685 1785 754 contessoris
1815 702 1854 752 uo
1874 682 1960 767 Petri
1979 683 2138 768 martyris,
2166 684 2300 760 eiusdem
2405 677 2407 681 ’

756 782 885 851 Ordinis
905 785 1102 870 professoris,
1123 793 1157 855 et
1175 796 1297 874 septem
1318 789 1429 857 diebus
1450 789 1631 857 immediate
1652 786 1856 873 sequentibus
1885 803 1981 852 oense
2004 783 2180 852 devotionis
2203 803 2301 856 woes-

755 886 865 968 serlnt,
884 889 1048 956 ennuntim
1075 895 1202 958 eentum
1227 893 1296 960 dios
1321 883 1370 960 de'
1385 893 1528 960 iniuncto
1555 892 1616 959 sibi
1643 891 1818 976 penitentia
1843 886 2088 966 misericorditer
2117 886 2301 962 reloxnmue

756 987 874 1058 notum
896 989 1033 1060 viterbii
1054 992 1086 1060 11
1108 990 1216 1061 Nouos
1238 994 1321 1078 Iulli,
1344 996 1547 1082 pontiliontus
1566 995 1668 1063 nostri
1686 1012 1770 1063 nuno
1791 998 1915 1078 quorto.

1428 1310 1504 1397 Nr.
1537 1302 1638 1396 371.

862 1499 1056 1586 Bolerleus
1083 1501 1161 1587 dux
1186 1503 1334 1590 Polonie
1360 1507 1512 1590 btoioris
1540 1507 1674 1587 1258
1700 1524 1730 1586 s
1765 1500 1816 1601 d,
1851 1501 1895 1583 ln
1928 1497 2098 1601 Pobodlm
2140 1513 2304 1586 enorme

758 1621 949 1690 monasterio
967 1622 1007 1690 de
1027 1621 1166 1691 Kolbnoz
1187 1623 1389 1693 donationem
1410 1634 1444 1695 et
1464 1627 1644 1695 libertatem
1663 1624 1811 1692 villorum
1832 1620 1964 1704 Treben,
1985 1618 2147 1705 Duperpoi
2165 1624 2200 1687 et
2214 1619 2304 1688 Wer·

756 1724 816 1809 sin,
838 1742 859 1792 o
879 1730 971 1810 petre
991 1741 1060 1807 suo,
1082 1724 1241 1809 quondum
1262 1728 1342 1796 duoe
1363 1728 1548 1812 Windisloo,
1570 1728 1711 1814 adeptos

860 1831 981 1896 Stetttm
1025 1827 1140 1910 Kdutpl
1165 1833 1270 1897 Stoots
1290 1837 1409 1899 Arobio.
1458 1836 1614 1901 Oolbotzer
1644 1833 1791 1898 Motrs‘kel
1806 1833 1862 1910 sol.
1888 1831 1942 1913 24,
1964 1831 2018 1896 Nr.
2036 1827 2090 1894 96.
2111 1860 2156 1875 -
2178 1828 2303 1908 Dreper,

760 1932 833 1999 cod.
855 1934 1056 1999 meae
1073 1941 1129 2002 ete.
1150 1937 1206 2002 Nr.
1228 1937 1302 2000 303.

858 2134 1043 2205 innomine
1061 2137 1190 2206 Domini
1211 2157 1313 2208 omen.
1343 2140 1432 2209 luter
1452 2145 1567 2209 ennete
1587 2156 1684 2224 opem
1701 2156 1764 2223 que
1782 2136 1824 2206 de
1844 2135 1995 2204 kumtotis
2014 2134 2102 2203 lonte
2122 2132 2305 2220 procedunt,

756 2237 927 2307 elemosine
947 2240 1100 2309 eelebrius
1121 2242 1368 2327 oommendstur,
1395 2244 1471 2328 quie
1496 2244 1566 2328 ipse
1591 2248 1642 2311 est
1670 2259 1729 2327 per
1752 2260 1849 2328 quom
1874 2238 1913 2307 fit
1932 2238 2065 2308 obolioio
2085 2237 2249 2319 scelerum,
2272 2243 2305 2304 et

755 2347 868 2410 sonus
888 2343 993 2411 omnio
1010 2343 1119 2411 mundi
1140 2345 1289 2430 periculo,
1319 2346 1552 2416 firmamentum
1580 2345 1639 2414 beu
1658 2350 1708 2413 est
1726 2344 1784 2412 illo
1803 2342 1989 2429 preambulr
2008 2339 2221 2426 sulirngotrix,
2244 2357 2305 2423 que

756 2461 816 2513 nos
835 2450 965 2512 mensal
985 2446 1200 2530 propicioliter
1219 2446 1260 2515 de
1281 2449 1455 2517 oommissis
1476 2455 1510 2517 et
1529 2448 1666 2532 mutium
1686 2446 1778 2515 nobis
1798 2445 1925 2513 assidue
1944 2443 2049 2512 reddit
2077 2442 2303 2529 plasmationis,

758 2545 837 2616 inde
850 2548 998 2633 estquod
1011 2567 1070 2617 nos
1083 2549 1121 2617 B.
1136 2549 1315 2635 Dei·grutio
1328 2552 1393 2620 dux
1406 2552 1535 2620 Polonie
1548 2550 1691 2632 Maioris,
1712 2548 1999 2617 animadvertentes
2012 2547 2065 2632 pio
2078 2551 2171 2630 geete
2185 2544 2237 2612 W.
2252 2563 2306 2629 po·

756 2649 816 2718 tris
837 2650 938 2718 uostn‘
959 2649 1012 2737 pie
1032 2650 1181 2720 memorie
1201 2671 1264 2738 que
1285 2653 1362 2722 iecit
1381 2656 1488 2723 domui
1510 2658 1619 2722 senete
1639 2652 1743 2721 Morio
1763 2651 1804 2720 de
1826 2650 1942 2719 Gelbes
1962 2648 2090 2717 Ordinis
2119 2647 2307 2715 cistercien·

756 2752 811 2837 sis,
832 2771 958 2823 omnem
977 2753 1179 2823 donatorem
1200 2761 1235 2823 et
1256 2755 1437 2827 libertatem
1458 2776 1554 2843 quum
1571 2757 1613 2824 ob
1633 2757 1703 2841 ipso
1724 2761 1801 2822 sunt
1826 2753 1943 2838 edepol
1969 2751 2090 2821 scilieet
2112 2751 2206 2818 villos
2233 2751 2308 2817 Tre·

755 2853 817 2924 ben
837 2862 873 2926 et
893 2856 1055 2942 Duperpol
1077 2863 1112 2924 et
1133 2855 1262 2925 Wnrsin
1284 2877 1357 2928 eum
1378 2860 1523 2928 omnibus
1544 2857 1728 2926 ettiueneiis
1741 2856 1818 2940 suis,
1840 2857 1953 2941 protis,
1974 2856 2076 2939 equis,
2097 2853 2196 2936 silvis,
2219 2851 2306 2921 sicud

754 2958 789 3026 in
816 2976 926 3027 eorum
956 2959 1128 3046 privilegiis
1161 2962 1352 3046 metiretur,
1381 2962 1609 3049 perpetualiter
1636 2959 1867 3029 oonfirmnmns
1910 2957 1959 3026 Ut
1984 2963 2091 3027 entem
2119 2956 2179 3023 beo
2198 2961 2309 3022 nosue

757 3059 958 3130 oontirmuolo.
976 3062 1203 3131 inviolabiliter
1223 3063 1417 3148 observetur,
1438 3082 1569 3150 presens
1587 3053 1739 3149 seriptum
1761 3060 1859 3146 sigilli
1880 3059 1982 3128 nostri
1995 3059 2167 3154 munimine
2179 3057 2307 3125 robore·

756 3181 837 3233 mus.
880 3164 999 3233 Datum
1020 3166 1055 3232 iu
1070 3165 1207 3234 Pobodis
1228 3185 1312 3235 onno
1324 3168 1431 3252 gruoie
1443 3167 1572 3235 Domini
1585 3163 1826 3248 moenum,
1848 3162 2047 3248 presentibus
2060 3163 2145 3230 istis:
2168 3160 2307 3230 Iobenne

755 3266 941 3335 eonoellorio
960 3272 1081 3353 nostro,
1103 3267 1235 3337 Nioolno
1256 3269 1417 3355 preponito
1438 3269 1619 3353 Kelisiensi,
1642 3265 1811 3353 Bogomelo
1833 3266 1994 3353 preposito
2016 3263 2204 3349 (lumensi,
2227 3262 2306 3333 Son·

755 3367 880 3455 divogb
901 3369 1073 3440 metellum
1093 3371 1134 3440 de
1156 3370 1270 3441 (liobe

862 3573 989 3661 colum,
1013 3577 1081 3644 uzi}
1100 3597 1121 3642 ι
1140 3580 1307 3644 niemieolm
1333 3579 1461 3646 Ootbotz,
1497 3574 1629 3661 Treben,
1651 3580 1746 3642 oredo
1766 3579 1885 3643 mileto.
1912 3573 2082 3662 anerpol,
2104 3573 2173 3640 uzol
2189 3578 2306 3639 zeutem

757 3680 952 3762 metopon
997 3678 1300 3764 illuminarunt
1320 3699 1414 3748 mmo.
1457 3678 1828 3764 nutrimentorum
1873 3676 1986 3761 cmuu,
2009 3678 2137 3746 morto

1426 3995 1501 4082 Νι.
1533 3987 1634 4082 372

860 4188 1052 4274 Bolesleos
1079 4189 1157 4273 dnn
1183 4188 1336 4274 Potonie
1362 4195 1498 4274 1259
1524 4191 1628 4274 Febr.
1654 4196 1719 4287 11,
1744 4189 1787 4271 ln
1812 4189 1980 4293 Poenum
2012 4203 2176 4274 emmor
2208 4205 2307 4275 uom-

758 4310 876 4379 tlouem
894 4317 999 4379 terroe
1020 4309 1213 4395 Koteierzyn
1235 4316 1270 4378 et
1290 4311 1416 4380 loeuum
1437 4311 1623 4380 Bothscove
1645 4317 1680 4378 et
1704 4310 1853 4396 Ostovin
1874 4330 1897 4378 o
1917 4318 2007 4395 petre
2037 4327 2096 4378 suu
2115 4310 2146 4378 b.
2164 4328 2207 4378 m.
2228 4311 2309 4379 duee
2358 4358 2360 4361 -

681 4426 685 4436 ’
755 4411 930 4482 Wlndisloo
952 4411 1104 4481 frutribus
1125 4412 1263 4480 Mintioe
1282 4413 1405 4499 Templi
1426 4414 1552 4482 fmtnm.

860 4520 999 4597 nepos.
1015 4521 1133 4598 orppin.
1159 4520 1208 4581 Να
1221 4538 1353 4583 omnm
1365 4521 1520 4598 jedmobu.
1534 4517 1605 4583 ruet.
1616 4523 1843 4600 pnpuierzooo
1852 4517 1979 4606 pteozpd
1995 4520 2165 4584 nouem
2179 4518 2309 4603 keifeim·
2353 4541 2355 4545 ·

636 4594 639 4600 ’
756 4617 901 4689 nome
918 4620 1014 4684 xvv·

805 4807 850 4871 19
862 4707 975 4770 Balio.
1020 4707 1140 4785 torret.
1169 4707 1296 4774 deheim
1320 4710 1427 4774 Stoots
1445 4711 1535 4776 Aret
1556 4742 1601 4757 -
1623 4710 1737 4791 Bituiti,
1761 4711 1864 4776 muer
1881 4711 2059 4790 utpomoe
2083 4709 2308 4788 moenum

756 4811 785 4872 A
849 4825 912 4888 ,p.
933 4809 964 4873 ὅ.

859 5008 898 5077 ln
918 5009 1043 5078 nomine
1063 5009 1169 5078 Putris
1191 5016 1225 5079 et
1243 5012 1318 5080 Filii
1340 5021 1375 5083 et
1396 5013 1534 5100 Spiritus
1554 5014 1658 5084 sonuli
1679 5031 1782 5083 nmen.
1825 5013 2029 5100 Operooionis
2056 5019 2165 5085 eenole
2194 5033 2309 5102 propo·

755 5112 852 5180 sitrun
873 5112 962 5181 nullo
982 5111 1076 5181 debet
1097 5114 1220 5182 occoeio
1242 5115 1393 5201 inpedire.
1424 5117 1491 5201 Ego
1514 5118 1612 5201 igitur
1633 5116 1799 5185 Bolmbus
1819 5117 1885 5185 dux
1905 5119 2035 5188 Polonie
2056 5122 2166 5187 tenore
2180 5137 2308 5204 proseu-

755 5214 836 5282 ttum
857 5233 1054 5300 recognosoo,
1076 5216 1161 5300 quod
1183 5217 1268 5286 eluro
1289 5219 1440 5286 memorie
1459 5218 1633 5286 Iodmlous
1651 5219 1715 5286 dux
1737 5218 1866 5287 l‘olonie
1887 5227 1978 5305 poter
1992 5239 2090 5306 meus,
2109 5222 2221 5290 metris
2240 5239 2309 5289 mee

755 5313 934 5402 ilodevms
956 5319 1081 5386 nomino
1102 5337 1140 5387 oc
1161 5319 1270 5388 lrotris
1291 5322 1354 5389 mei
1373 5320 1591 5408 Prymyelouis
1608 5320 1704 5390 simul
1725 5327 1760 5390 et
1781 5340 1851 5390 meo
1871 5323 2040 5397 munterte
2064 5343 2228 5410 eumenen,
2250 5342 2309 5411 pro
