4860 6180
1962 251 2238 332 42974

579 473 643 539 eos,
664 453 725 524 boc
746 454 955 524 crematoris
980 453 1090 540 pallio,
1119 471 1159 521 ne
1181 452 1287 521 debite
1312 473 1369 540 pro
1395 457 1489 544 culpa
1514 473 1594 542 pene
1618 452 1801 522 subiaceant
1825 460 1859 523 et
1884 455 1925 524 de
1954 457 2127 527 commissis

579 555 825 626 satisfactionem
851 557 1035 640 exhibeant,
1065 555 1099 623 ia
1127 555 1302 623 crimmum
1331 578 1460 627 suarum
1483 558 1656 645 pemeulum
1681 574 1715 623 sc
1744 557 1891 626 muniunt
1921 559 1954 626 in
1980 562 2126 646 peccatis,

579 660 663 747 quod
684 660 829 729 videlicet
849 661 966 729 domiui
988 680 1149 729 servorum
1167 678 1295 727 suorum
1315 665 1443 733 servitio
1465 683 1528 732 non
1548 662 1664 730 debent
1684 658 1803 742 amque
1817 659 1912 743 culpa
1925 665 2053 748 propria
2073 665 2128 735 dc·

579 762 732 845 irandari;
762 763 869 848 sicque
898 765 1035 848 peccatis
1064 763 1298 831 remanentibus
1322 766 1429 834 taliter
1451 766 1625 851 impunitis,
1648 762 1742 846 eulpa
1763 760 1903 828 trahitur
1923 767 2128 847 perniciosius

579 869 613 936 in
633 866 819 951 exemplum,
843 866 874 933 ln
895 887 991 952 grave
1012 866 1196 935 clericorum
1222 867 1395 950 periculum
1421 873 1454 937 et
1480 869 1712 962 enervptiouem
1732 865 1943 934 ecclesiastice
1961 867 2128 940 libertatis.

579 968 732 1052 Quocirca
751 965 944 1037 iiatemitati
971 977 1075 1037 vestre
1101 988 1157 1054 per
1178 969 1352 1052 apostoliea
1380 971 1499 1055 scripta
1519 971 1714 1050 mandamus,
1736 969 1896 1052 quadarn,
1918 969 1946 1035 si
1968 973 2128 1055 premissis

579 1071 696 1140 veritas
714 1070 875 1156 suffragat,
898 1072 978 1140 tales
999 1073 1137 1141 debitam
1159 1090 1216 1155 pro
1238 1071 1414 1140 huiramodi
1434 1073 1611 1141 excessibus
1625 1072 1730 1139 subire
1751 1070 1958 1156 penitentiam
1979 1078 2014 1140 ct
2035 1075 2128 1143 sads·

579 1174 747 1245 hedonem
770 1175 958 1260 impendere,
981 1177 1209 1245 nonobstante
1230 1178 1431 1245 excusatione
1452 1177 1602 1262 predicto,
1628 1174 1800 1243 monitione
1820 1174 1983 1259 premissa,
2005 1182 2126 1246 remoto

579 1276 800 1364 appellationis
826 1277 1003 1360 obstaculo,
1029 1297 1163 1346 censura
1189 1278 1402 1346 ecclesiastica
1424 1279 1514 1345 iuxta
1539 1277 1633 1345 oilieii
1666 1277 1762 1345 vostri
1794 1276 1937 1344 debitum
1964 1280 2124 1350 coercetis.

580 1380 699 1451 Datum
721 1377 871 1448 hanani
892 1378 1137 1449 unimundus
1158 1378 1332 1464 Februarii,
1355 1379 1556 1466 pontificatus
1577 1378 1680 1448 nostrl
1700 1397 1783 1449 anno
1805 1378 1951 1449 secando.

1251 1675 1324 1763 Nr.
1357 1673 1457 1763 333.

683 1873 843 1960 hamul
869 1873 946 1956 dur
972 1871 1123 1956 Palania
1150 1876 1283 1955 1256
1309 1872 1411 1957 Febr.
1438 1879 1506 1971 14,
1531 1873 1574 1956 in
1599 1872 1765 1975 Poenam
1798 1858 1902 1958 uum
1934 1889 2030 1961 nabet
2054 1911 2128 1962 ven-

583 1994 735 2065 ditionem
759 1993 966 2062 haereditatis
987 1991 1120 2078 lyrein,
1143 2009 1308 2061 mneessee
1328 1992 1479 2062 iratribus
1498 1991 1635 2061 Militiae
1655 1991 1777 2078 Templi
1797 2009 1819 2060 a
1838 1992 1997 2078 &piabo
2016 1994 2128 2079 milite,

582 2095 646 2167 lilio
668 2097 826 2182 quondam
847 2094 996 2164 Zdislari

688 2204 826 2282 Pernam
848 2204 965 2282 ordonn
998 2201 1046 2264 lla
1058 2199 1351 2277 szaanejedwodn.
1366 2199 1504 2282 Quali.
1520 2202 1750 2281 pnpnimonu
1757 2197 1884 2285 paupe
1903 2203 2128 2282 anmiam

581 2307 1107 2483 mwboelamffilllfflm
1136 2399 1243 2471 &ants
1266 2405 1357 2471 Aret.
1379 2437 1424 2454 -
1450 2405 1562 2483 Riedel,
1595 2405 1666 2471 dod.
1691 2405 1870 2484 dolomate
1899 2400 2128 2488 mmomuop.

582 2512 617 2576 Α.
637 2509 691 2588 19,
706 2529 742 2591 p.
760 2509 836 2586 125,
854 2510 1021 2588 [reparent.

452 2741 456 2749 -
581 2673 584 2713 ⁵
617 2683 871 2795 innomine
892 2691 1020 2780 Domini
1039 2709 1101 2778 Dei
1121 2709 1223 2778 eterni
1243 2727 1345 2778 amen.
1382 2709 1536 2792 Quoniam
1556 2708 1663 2795 sepius
1684 2711 1877 2781 anemoria
1897 2711 2059 2782 hommum
2078 2732 2129 2782 rs·

340 2887 342 2890 .
584 2796 931 2902 oeun'ipao‘dsoupu·
949 2820 1008 2882 aut
1031 2813 1114 2882 bono
1140 2812 1320 2881 testimonio
1344 2831 1409 2881 non
1433 2811 1645 2895 confirmatur,
1677 2813 1881 2898 quamobrem
1909 2832 1968 2882 nos
1995 2815 2129 2885 premisl

583 2914 692 2989 dirlna
708 2917 907 2986 insdtadone
927 2916 992 2984 dux
1013 2914 1142 2984 Polonie
1162 2919 1274 2982 notum
1295 2933 1365 2982 esse
1385 2914 1530 2982 volumus
1550 2914 1705 2983 universis
1725 2921 1792 2984 tam
1812 2916 2010 3003 presentibus
2031 2937 2127 3005 quam

407 2989 412 2998 Ι
452 3015 455 3019 ’
574 3014 708 3113 'intuma
729 3019 814 3106 quod
835 3019 961 3087 ueniens
982 3019 1016 3085 in
1035 3017 1226 3104 presentiam
1246 3022 1387 3084 nostram
1408 3016 1498 3085 miles
1518 3023 1627 3086 noste
1646 3016 1860 3103 Bogrrphalus
1890 3018 1975 3088 iilius
1995 3021 2127 3091 condam

584 3122 732 3207 Zdislari,
754 3127 941 3210 procusum
961 3119 1110 3188 Brunene
1131 3117 1292 3187 Gmeiiero
1313 3124 1348 3187 et
1365 3117 1465 3186 bane
1484 3118 1586 3203 ipsius
1605 3119 1753 3205 sineru,
1783 3121 1824 3189 de
1843 3127 1954 3190 nostm
1975 3140 2129 3193 consensu

584 3230 618 3295 et
636 3225 719 3296 bona
737 3225 899 3293 voluntate
921 3222 1129 3291 hereditatam
1150 3239 1240 3288 suam
1261 3238 1323 3304 que
1343 3219 1516 3305 adgentes
1535 3221 1652 3290 Zarino
1666 3228 1877 3308 nuncupatur,
1898 3243 1970 3293 cnm
1983 3227 2128 3295 omnibns

584 3326 799 3396 baubatibus
820 3331 854 3394 et
874 3325 1051 3394 attinentiis
1072 3325 1138 3391 suis
1159 3322 1310 3391 fratnbus
1331 3322 1371 3391 de
1391 3323 1520 3409 Templo
1541 3323 1683 3392 vendidit
1707 3331 1741 3393 et
1762 3326 1897 3394 contulit
1917 3327 1986 3396 inre
2006 3327 2129 3396 haedi·

585 3431 665 3499 tario
685 3434 839 3516 perpetuo
860 3427 1088 3514 possidendam.
1133 3425 1223 3508 Quod
1241 3424 1358 3493 iactum
1380 3444 1438 3494 nos
1460 3432 1566 3495 return
1586 3433 1621 3496 et
1641 3426 1767 3496 lirinum
1786 3430 1929 3499 volentes
1950 3431 2075 3515 habere,
2094 3437 2130 3500 et

584 3550 625 3611 ae
643 3533 740 3602 etiam
761 3532 897 3618 capiam
926 3549 1022 3616 super
1049 3529 1230 3597 venditione
1256 3535 1429 3597 memorata
1451 3529 1645 3614 inposterum
1669 3530 1859 3618 ambiguitas
1880 3534 2057 3617 inducatur,
2086 3534 2128 3603 ad

584 3634 769 3704 manuam
789 3640 824 3703 et
844 3634 1031 3718 peticionem
1052 3633 1218 3716 utriusque
1238 3631 1338 3715 partis
1358 3631 1416 3699 hec
1430 3631 1540 3699 eadem
1554 3632 1588 3700 in
1602 3634 1816 3703 testimonium
1829 3634 1960 3705 fecimus
1974 3636 2128 3708 conscribi

584 3742 619 3806 et
638 3736 735 3823 sigilli
755 3737 857 3804 nostri
876 3725 1047 3803 munimine
1061 3733 1210 3802 roborari
1243 3734 1359 3801 Actum
1380 3734 1414 3800 in
1435 3734 1562 3801 Poanan
1583 3735 1617 3802 in
1637 3736 1689 3804 die
1703 3735 1789 3805 beati
1806 3737 1969 3807 Valentini
1987 3740 2128 3808 martiris

585 3855 668 3906 anno
686 3837 917 3907 Incarnationis
938 3837 1092 3905 dominice
1115 3835 1280 3903 millasimo
1302 3836 1514 3905 ducentesimo
1535 3837 1794 3924 quinquagesimo
1812 3846 1914 3910 serto.
1957 3841 2061 3910 Huius
2083 3842 2130 3911 rei

584 3945 619 4010 et
638 3939 714 4010 laeti
735 3946 834 4010 testes
856 3939 1080 4009 interfuerunt:
1108 3959 1211 4008 comes
1232 3939 1382 4024 Pretpclk
1404 3939 1565 4024 palatinus
1586 3947 1703 4024 noser,
1731 3960 1834 4011 eomes
1855 3942 2058 4030 Bogrrphnlus
2076 3963 2129 4014 ea·

584 4042 737 4114 atellanus
756 4042 991 4126 Pomaniensia
1021 4061 1125 4111 eomes
1154 4041 1262 4109 Zbilut
1284 4041 1472 4110 castellanus
1494 4041 1721 4126 Ostroricnsis,
1750 4044 1917 4113 Beniamin
1938 4047 2128 4116 castellanus

585 4144 625 4215 da
640 4145 785 4229 Badhan,
807 4145 950 4213 Andreas
971 4142 1161 4230 subdapifer‚
1184 4143 1291 4212 Simon
1313 4147 1388 4211 tunc
1410 4145 1560 4228 temporis
1574 4146 1737 4230 subiuder‚
1759 4153 1793 4215 et
1811 4147 1866 4214 alii
1880 4166 1976 4233 quam
1989 4148 2127 4235 plurimi.

580 4247 652 4336 rgo
666 4249 801 4320 ldichael
814 4250 958 4318 nomnus
973 4249 1034 4316 hiis
1048 4248 1148 4316 eciam
1161 4245 1290 4315 interitu
1305 4251 1339 4314 et
1355 4244 1398 4313 ad
1411 4246 1595 4315 mandatum
1609 4248 1742 4333 predicti
1761 4249 1850 4318 ducis
1864 4250 1928 4318 ista
1947 4250 2127 4337 eomcripsi

687 4453 813 4537 zariae
831 4452 956 4536 pdiailj
976 4457 1098 4536 Zyrsico,
1121 4452 1188 4518 dxii
1204 4474 1224 4517 z
1242 4455 1406 4517 meraclo
1428 4453 1550 4519 Secrert.
1572 4450 1794 4539 OstrnvimsiQ
1816 4459 1855 4522 de
1875 4453 1998 4533 atron,
2019 4457 2128 4520 matu

586 4574 628 4621 aa
648 4562 759 4640 upepic
772 4561 895 4637 jeziora
913 4559 1057 4632 adram,
1071 4577 1092 4621 z
1104 4555 1229 4636 reorepo
1251 4555 1318 4620 dzii
1338 4560 1441 4620 ruina.
1459 4554 1606 4640 Rudbim,
1628 4561 1764 4634 Rodzba,
1785 4557 1865 4639 orda
1887 4578 1931 4624 aa
1948 4562 2060 4642 auspic
2079 4579 2126 4626 rt.

593 4659 699 4726 Warta
715 4680 749 4743 p
770 4680 808 4726 aa
836 4657 1168 4740 ommittendum
1190 4658 1257 4724 dzid
1278 4677 1396 4740 narypy
1416 4662 1502 4724 nerui
1523 4663 1690 4750 iptpbclie
1703 4664 1871 4743 mapa.
