4860 6180
1308 591 1383 679 Νι.
1416 591 1515 681 344.

735 785 927 870 Bolsslaus
954 788 1032 871 dux
1057 786 1204 871 Polonio
1232 793 1366 871 1256
1392 813 1421 873 s.
1449 790 1492 890 d,
1519 790 1562 872 in
1590 787 1755 889 llnonna3
1783 807 1884 869 aaa
1905 801 2003 871 must
2023 810 2183 887 armna·

633 908 751 976 donem
777 907 973 991 quarundam
991 908 1203 975 barolitatum
1224 914 1259 976 ot
1279 911 1494 991 ecelesiarum,
1525 929 1620 995 quam
1641 907 1741 975 irater
1759 924 1835 973 suus
1855 904 1989 972 Premisl
2009 904 2073 974 dur
2091 907 2184 976 Polo·

632 1011 705 1078 niae
725 1015 759 1077 et
778 1007 893 1078 innuas
914 1009 1090 1095 Hospitalis
1109 1030 1135 1080 s.
1156 1011 1305 1080 Iohannis
1327 1015 1360 1081 iu
1381 1013 1507 1081 Poznai
1529 1031 1640 1082 secum
1661 1011 1815 1092 feceram,
1849 1013 1883 1076 et
1910 1006 1994 1076 villis
2012 1008 2183 1078 eorundem

631 1113 767 1183 fratrum
788 1112 822 1179 in
835 1131 892 1180 suo
912 1111 1031 1181 ducatu
1052 1115 1123 1181 sitis
1145 1115 1297 1200 plurimas
1318 1116 1482 1184 libertates
1503 1115 1634 1184 confert

734 1219 837 1297 sopra
856 1238 883 1281 n
900 1221 1036 1298 mzycie
1050 1222 1254 1300 popirrorrym
1275 1222 1328 1285 bez
1345 1225 1484 1301 podonia
1504 1219 1633 1296 iridim
1658 1223 1758 1300 passo
1779 1219 1816 1282 X
1818 1216 1908 1282 VIII
1924 1216 2028 1280 wirma

735 1322 850 1400 Prepa
880 1323 999 1384 Arabio.
1023 1325 1184 1401 prioratus
1211 1324 1333 1388 Ordinis
1353 1329 1485 1405 spiritam
1507 1327 1717 1390 Melitensium.

613 1562 616 1570 ·
735 1523 773 1592 ln
795 1524 921 1593 nomine
942 1530 1051 1592 sancte
1072 1532 1107 1594 et
1126 1526 1285 1596 individue
1299 1528 1464 1596 Trinitatis
1483 1546 1584 1596 amen
1625 1525 1778 1607 Quoniam
1793 1541 1901 1592 omnes
1914 1521 2068 1591 morimur
2089 1522 2184 1592 simul

632 1629 665 1696 in
686 1646 794 1710 mum,
816 1627 903 1695 divas
923 1631 958 1695 et
977 1646 1107 1712 pauper,
1125 1648 1183 1697 nee
1202 1637 1252 1698 ast
1272 1631 1391 1716 aliquid
1413 1633 1497 1716 quod
1511 1632 1544 1698 in
1563 1631 1676 1699 mortis
1697 1628 1830 1696 articulo
1854 1632 1978 1696 tantum
1999 1627 2105 1696 volat
2125 1627 2183 1696 bo·

632 1733 751 1800 minum
773 1730 903 1800 cuilibet
923 1729 1089 1814 suffragari
1110 1731 1194 1800 sicut
1206 1734 1431 1818 misericordia,
1454 1755 1517 1819 quo
1537 1734 1606 1802 sola
1619 1738 1670 1801 est
1684 1750 1788 1801 comes
1808 1728 2041 1798 defunctorum:
2064 1730 2183 1799 iustum

632 1840 692 1917 αι,
714 1833 850 1902 maxime
870 1832 961 1901 nobis
982 1833 1036 1917 qui
1059 1852 1116 1919 pre
1137 1835 1250 1902 cetems
1264 1856 1285 1903 a
1298 1837 1433 1904 Domino
1448 1837 1538 1904 bonis
1558 1836 1759 1923 presentibus
1773 1835 1972 1915 honoramur,
1991 1831 2051 1900 heo
2063 1832 2184 1919 asnia

632 1943 667 2006 et
685 1935 930 2004 misericorditer
951 1935 1019 2002 Deo
1039 1934 1073 2002 in
1095 1937 1236 2021 personis
1258 1957 1320 2022 que
1340 1939 1402 2007 sibi
1423 1940 1565 2008 serviunt
1584 1937 1751 2023 impertiri,
1773 1941 1810 2002 ut
1828 1934 1875 2002 sic
1893 1934 1928 2001 in
1947 1932 2056 2002 buturo
2076 1935 2184 2003 distri·

635 2045 722 2109 ctum
740 2038 876 2107 iudicem
896 2056 934 2106 eo
954 2035 1078 2105 facilius
1100 2038 1191 2107 nobis
1220 2039 1406 2124 placabilem
1432 2043 1652 2110 inveniremus.
1695 2039 1816 2106 Notum
1840 2036 1885 2105 sit
1912 2037 2010 2122 igitur
2041 2037 2187 2107 omnibus
2272 2126 2273 2130 Ἴ

633 2147 699 2210 um
720 2139 919 2227 presentibus
939 2159 1035 2224 quam
1057 2138 1172 2208 intans
1194 2148 1371 2227 presentem
1392 2146 1540 2229 paginam
1558 2141 1757 2228 inspecturis,
1775 2139 1860 2225 quod
1874 2157 1931 2208 nos
1945 2139 2110 2209 Bolaslans
2123 2141 2185 2210 Dei

631 2243 739 2331 gracia
755 2244 821 2311 dux
841 2243 971 2312 Polonie
992 2243 1213 2312 confirmamus
1230 2264 1269 2313 ac
1285 2252 1390 2315 ratam
1412 2254 1446 2315 et
1472 2247 1656 2315 inviolatam
1686 2263 1755 2313 asse
1775 2243 1920 2312 volumus
1940 2245 1975 2310 in
1996 2249 2185 2329 perpetuum

633 2347 909 2434 permutacionem,
932 2364 1027 2431 quam
1049 2346 1182 2416 illustris
1204 2348 1349 2433 princeps
1369 2349 1514 2417 dominns
1527 2347 1710 2416 Premislius
1727 2346 1870 2415 uterinus
1885 2345 1985 2414 irater
1997 2351 2107 2415 noster
2119 2345 2185 2416 dux

632 2449 771 2520 desdam
799 2449 929 2517 Polonie
962 2448 1002 2517 de
1028 2456 1139 2517 nostro
1168 2469 1321 2519 consensa
1346 2450 1422 2519 iecit
1442 2470 1514 2518 oum
1535 2449 1687 2518 trabibus
1712 2447 1889 2534 Hospitalis
1910 2449 2013 2517 sancti
2034 2447 2185 2518 Iohannis

632 2555 667 2622 in
684 2553 822 2636 Poanan,
847 2552 994 2621 videlicet
1014 2571 1109 2637 super
1135 2554 1325 2622 ecclesiane
1345 2554 1490 2639 Obrryrlr
1508 2561 1542 2623 et
1562 2554 1772 2622 haeditatem
1799 2551 1926 2620 Sedleca
1947 2557 2090 2620 vacuum
2111 2569 2185 2620 cum

632 2655 699 2724 suls
718 2654 922 2737 utilitatibus,
944 2660 979 2721 et
998 2672 1094 2739 snper
1113 2655 1245 2724 ecclesia
1264 2656 1305 2724 de
1325 2656 1472 2740 Rogozen
1490 2675 1561 2725 cnm
1582 2656 1666 2723 villis
1686 2659 1721 2724 et
1741 2655 1809 2723 eius
1839 2653 2050 2740 adscripticiis
2076 2658 2111 2722 et
2129 2653 2185 2723 de·

633 2758 733 2841 simis,
755 2777 889 2842 quarum
910 2757 1038 2825 nomina
1059 2757 1092 2823 in
1115 2757 1278 2842 privilegio
1298 2759 1499 2826 continentur
1519 2757 1595 2825 dato
1616 2777 1638 2824 a
1657 2756 1758 2825 fratre
1779 2762 1889 2825 nostro
1916 2755 2043 2825 domino
2063 2755 2100 2825 Ρ.
2122 2756 2184 2825 eis·

632 2860 705 2929 dem
724 2858 878 2927 iratribus
895 2877 990 2943 super
1011 2858 1098 2926 dicta
1119 2861 1361 2944 permutacione,
1383 2861 1437 2928 ubi
1458 2866 1493 2929 et
1513 2860 1581 2944 ipsa
1601 2859 1713 2928 modus
1734 2858 1979 2946 pamutaeionis
1993 2859 2183 2927 metiretur.

634 2959 864 3031 confirmarem
885 2966 919 3028 et
939 2960 1119 3028 libertatem
1144 2980 1206 3045 que
1230 2962 1264 3029 in
1289 2963 1399 3030 eodem
1428 2962 1591 3046 privilegio
1615 2968 1665 3030 est
1693 2962 1872 3047 conscripta
1892 2966 1926 3029 et
1945 2961 2023 3030 data
2043 2980 2064 3030 a
2084 2959 2185 3056 baua

622 3070 742 3133 nostro
763 3063 933 3150 sepedicto,
954 3063 1095 3131 volentes
1116 3071 1155 3131 ut
1174 3064 1208 3131 in
1230 3064 1394 3149 villisque
1415 3064 1476 3132 site
1496 3070 1573 3131 sunt
1591 3065 1626 3131 in
1639 3069 1749 3132 nostro
1770 3064 1973 3149 dumisque
1993 3064 2035 3130 ad
2052 3063 2185 3133 eandm

570 3223 575 3232 .
633 3167 815 3254 religionem
836 3167 1008 3253 pertinent,
1029 3171 1068 3242 ut
1088 3165 1248 3250 Radloao,
1271 3165 1409 3248 SedIcre,
1432 3165 1638 3248 Pohorelicia,
1660 3167 1731 3251 ipsa
1748 3166 1881 3236 libertas
1901 3185 1964 3252 que
1982 3167 2060 3236 <iata
2080 3171 2131 3235 ast
2150 3172 2186 3235 et

538 3321 541 3324 ι
634 3272 823 3358 conscripta,
845 3276 911 3338 tam
932 3290 952 3337 a
972 3268 1124 3337 tratribus
1146 3270 1210 3338 iam
1240 3270 1333 3337 dietis
1361 3287 1457 3353 quam
1478 3267 1519 3335 ab
1540 3267 1720 3337 hominibus
1740 3287 1850 3336 eorum
1871 3269 1905 3337 in
1925 3269 2004 3354 ipsis
2025 3269 2109 3337 villis
2129 3267 2184 3338 de·

633 3374 780 3461 gentibus
813 3372 1040 3460 perpetualiter
1072 3377 1229 3441 teneamr.
1287 3370 1517 3441 constituimus
1549 3370 1704 3454 siqnidem
1734 3371 1776 3439 ob
1807 3371 2018 3440 reamandum
2050 3370 2185 3456 predicti

633 3475 820 3563 Hospitalis,
842 3473 1000 3561 predictas
1014 3474 1106 3542 villas
1127 3494 1149 3541 a
1169 3475 1323 3542 servitute
1343 3491 1414 3541 esse
1435 3472 1563 3556 liberas,
1585 3492 1647 3559 que
1666 3473 1794 3558 presod,
1816 3492 1925 3559 poros,
1940 3480 2047 3543 amora
2060 3480 2094 3542 et
2106 3473 2185 3561 pod-

633 3597 756 3649 sorore
776 3583 985 3663 nuncupatur.
1030 3575 1075 3643 Et
1094 3577 1122 3643 si
1141 3577 1218 3660 qnid
1239 3576 1317 3644 iuris
1338 3576 1459 3645 babent
1479 3577 1513 3642 in
1531 3576 1604 3644 aliis
1623 3577 1708 3644 villis
1728 3582 1763 3645 et
1783 3577 1950 3661 libertatis,
1975 3577 2037 3648 buc
2058 3578 2093 3645 in
2113 3577 2186 3646 isus

632 3681 814 3766 possideant
834 3680 1011 3748 innomine
1031 3677 1127 3745 Ibaau
1149 3677 1283 3761 Christi,
1310 3684 1344 3746 et
1364 3679 1399 3745 in
1420 3678 1476 3746 illa
1494 3697 1557 3762 que
1578 3677 1695 3746 dicitnr
1714 3677 1841 3761 Balari,
1862 3697 1959 3765 quam
1978 3679 2131 3748 iratrib-
2152 3685 2187 3749 et

632 3782 697 3865 iam
717 3781 812 3850 motis
832 3782 915 3849 villis
937 3798 1188 3848 annumeramus,
1207 3781 1360 3848 Addimus
1381 3781 1519 3863 insuper,
1540 3779 1625 3865 quod
1649 3780 1792 3850 homines
1816 3783 1982 3851 memorati
2003 3781 2184 3869 Hospitalis

633 3902 697 3953 non
717 3885 856 3953 citentur
876 3884 938 3951 nisi
953 3882 1059 3966 sigillo
1080 3888 1190 3950 nostro
1212 3901 1317 3950 coram
1338 3882 1444 3963 nobis;
1466 3888 1500 3950 et
1520 3882 1548 3950 si
1568 3882 1700 3951 iudicati
1720 3882 1840 3954 fuerim
1865 3885 1908 3954 ad
1927 3904 1984 3954 ser
2005 3886 2081 3975 (sic)
2101 3904 2186 3955 mar·

634 4005 697 4070 cas,
718 4005 846 4055 vaccam
866 3985 917 4054 vel
938 4004 1050 4053 urnam
1071 3984 1188 4066 mellis3
1214 3991 1249 4053 et
1268 4003 1326 4069 pro
1348 3984 1458 4069 soppit
1479 3983 1554 4069 (sic)
1577 3986 1710 4070 triginta
1730 3987 1877 4057 denarios
1894 3988 2028 4057 solvant
2067 3987 2186 4058 conce-

635 4089 739 4158 dimus
752 4089 853 4159 οοίαιιι
867 4089 968 4157 eidem
989 4087 1159 4172 Hospitali,
1181 4094 1219 4155 ut
1239 4087 1388 4173 quociens
1407 4084 1523 4154 iratres
1542 4087 1681 4155 diadem
1702 4108 1759 4174 per
1780 4095 1899 4159 arram
1919 4096 2063 4161 normam
2081 4097 2186 4160 bans·

567 4250 571 4259 .
634 4197 709 4260 sant
734 4196 874 4260 ementes
901 4197 935 4259 et
961 4190 1131 4258 vendentes
1154 4208 1193 4257 ea
1213 4208 1275 4274 que
1295 4189 1337 4255 ad
1357 4190 1535 4257 necessaria
1555 4190 1727 4260 domestice
1748 4211 1823 4261 cure
1844 4193 2015 4280 pertinent,
2037 4212 2095 4280 per
2115 4192 2186 4262 the·

633 4293 790 4363 lonearias
811 4295 912 4364 eciam
937 4293 1015 4375 vias,
1036 4292 1078 4359 ab
1099 4292 1185 4359 omni
1203 4293 1366 4360 exactione
1388 4291 1555 4359 cuiuslibet
1575 4292 1744 4361 solucionis
1765 4295 1831 4363 sint
1850 4295 1942 4364 liberi
1964 4301 1998 4364 et
2019 4296 2185 4364 imnum

634 4398 701 4482 Qua
720 4400 828 4467 omnia
848 4403 885 4465 ut
905 4397 1002 4465 robur
1022 4396 1184 4464 firmitatis
1211 4403 1277 4463 tam
1302 4414 1324 4461 a
1342 4395 1540 4479 presentibus
1561 4414 1657 4479 quam
1678 4396 1795 4466 tuturis
1816 4398 1990 4482 obtineant,
2012 4397 2107 4484 sigilli
2128 4416 2185 4467 no·

633 4501 693 4570 stri
712 4501 917 4587 impressione
935 4506 970 4568 et
989 4501 1180 4584 appensione
1208 4504 1386 4584 presentem
1415 4497 1555 4565 litteram
1573 4500 1750 4569 curammus
1772 4502 1967 4570 communiri
2011 4503 2131 4570 Datum
2151 4499 2186 4568 in

634 4602 765 4672 Gneana
782 4622 865 4672 anno
883 4603 988 4688 gracie
1006 4600 1212 4669 M.cc.L.Vl.
1240 4600 1438 4686 presentibus
1466 4600 1527 4698 biis
1550 4601 1703 4672 testibus:
1725 4603 1861 4674 larostio
1882 4603 1948 4673 tilio
1974 4602 2112 4688 Falonis,
2134 4601 2186 4670 Io·

633 4704 738 4775 barm
758 4705 824 4775 tilio
844 4705 1004 4789 Richardi,
1025 4705 1152 4772 Mutina
1173 4704 1333 4789 preposito
1351 4704 1454 4772 sancti
1475 4702 1613 4789 Georgii,
1636 4704 1795 4776 chrostla

736 4911 895 4996 Obrryclr,
932 4914 1094 4993 obmscto.
1131 4909 1274 4991 Selleca,
1305 4912 1432 4975 Siedler.
1466 4907 1627 4994 Rogozm
1649 4912 1801 4994 Rosam
1838 4911 2004 4996 muoso,
2026 4911 2184 4977 marm.

540 5111 544 5120 Ι
634 5012 838 5096 Poboreliaia,
861 5019 1064 5096 Poporzeb'ea
1097 5012 1216 5097 Belaci,
1240 5015 1379 5093 Biclaro.
1811 5040 1817 5055 ·
