4860 6180
2013 204 2088 284 309

538 405 656 477 umas
676 409 854 492 presentem
875 403 1022 492 peginam
1043 401 1175 473 ierimus
1195 400 1346 472 roborari.
1390 402 1427 473 ln
1445 403 1539 473 buius
1560 405 1608 472 rei
1631 402 1846 473 testimonium
1867 405 2007 492 sigillum
2028 407 2091 478 Ga·

538 509 632 597 pituli
648 507 871 578 Pcznuuiensis
892 507 1023 576 fecimus
1043 507 1170 592 apponi.
1214 507 1298 574 dcta
1318 514 1394 574 sunt
1414 508 1471 576 bec
1488 525 1572 575 unno
1592 506 1721 575 Domini
1751 508 1917 576 millesimo
1942 511 2091 581 ducente·

538 613 618 681 simo
639 612 898 696 quinquagesimo
917 611 1062 695 septimo,
1082 609 1114 675 in
1138 607 1298 676 Cutbcdru
1313 608 1398 677 beati
1420 611 1507 678 Petri
1528 611 1784 696 apostolicorum
1799 609 1889 678 nobis
1904 613 1938 679 iu
1953 614 2091 699 Pcanan,

538 716 737 804 presentibus
754 717 919 802 Prutpelcc
938 716 1090 801 palatino,
1120 713 1260 782 Iohanne
1287 715 1474 783 cancellario
1503 721 1624 802 nostro,
1654 712 1779 780 Busche
1804 715 1936 782 cusmdc
1960 724 1994 785 ot
2018 719 2092 786 aliis

540 838 636 906 quarn
657 819 811 904 plurimis.
1052 866 1053 870 ,

642 1022 739 1107 0bra,
767 1026 855 1090 ocra
899 1022 1083 1108 Smarsewc,
1105 1024 1173 1090 deii
1193 1044 1213 1088 z
1234 1024 1399 1087 nimieclcu
1423 1024 1590 1090 Senum
1635 1022 1767 1105 Sicdlec,
1794 1021 1974 1107 Rekituics,
1996 1024 2093 1094 Babi-

540 1131 634 1210 most
656 1127 724 1192 dzr'i
745 1130 799 1191 tutr
819 1146 911 1192 mmo.
957 1127 1134 1213 Putupisco,
1156 1131 1208 1192 nie
1228 1127 1428 1206 odoudrione.

1213 1423 1287 1508 Nr.
1319 1417 1420 1507 348.

644 1617 868 1702 breunensis
895 1618 1046 1702 ccclesia
1074 1619 1287 1723 capitulum
1313 1623 1446 1700 1257
1471 1617 1581 1702 biart.
1598 1624 1684 1717 24,
1710 1620 1752 1702 in
1770 1619 1936 1726 insnum
1953 1659 2093 1709 ommu-

540 1744 590 1808 tat
607 1738 714 1807 villam
737 1757 828 1806 suam
848 1737 1038 1824 Wyszakow
1059 1759 1129 1806 cum
1150 1739 1227 1807 villa
1256 1739 1424 1808 Absalcnis
1448 1739 1555 1807 clerici
1575 1740 1662 1807 dicta
1684 1739 1869 1824 Opatowkc,
1896 1747 1930 1808 et
1955 1742 2094 1810 decimas

461 1867 466 1874 ·
541 1843 574 1910 iu
594 1841 672 1910 villa
691 1841 880 1928 Wysrakcw
899 1860 957 1928 pro
978 1842 1107 1910 decimis
1131 1843 1315 1909 monaterii
1336 1842 1377 1910 de
1400 1841 1503 1910 Lubiu
1524 1843 1558 1909 iu
1576 1843 1740 1927 praedicta
1760 1842 1837 1909 villa
1858 1841 2043 1926 Opatowku.

643 1945 784 2026 Papum
805 1951 923 2027 crucia.
969 1949 1104 2012 Sarutrli
1118 1949 1280 2025 jaceatne
1298 1951 1340 2011 ort
1355 1951 1594 2027 przpaeterzenta
1616 1945 1718 2009 ὠνόοΙι
1735 1950 1880 2032 abacti.

650 2050 791 2114 Gaiano.
814 2052 934 2116 Archiv.
962 2052 1094 2129 Capituli
1117 2052 1275 2130 Matr-epol
1300 2051 1353 2114 lr'r.
1374 2050 1428 2117 25.

649 2249 688 2320 Ιιι
706 2251 833 2321 numine
853 2252 983 2320 Domini
1004 2253 1106 2321 nostri
1126 2252 1223 2320 ihesu
1245 2251 1365 2322 christi
1386 2271 1486 2321 amen.
1531 2251 1685 2334 Quoniam
1706 2251 1785 2319 iuris
1805 2258 1953 2321 auctores
1972 2255 2094 2324 indem-

541 2353 659 2442 pnitati
679 2355 882 2424 ecclesiarum
903 2361 937 2423 et
958 2354 1059 2440 quieti
1076 2355 1241 2440 providere
1262 2355 1471 2438 intendentes,
1489 2355 1601 2440 predic
1622 2353 1791 2423 somniem
1810 2372 1872 2439 que
1886 2357 1955 2423 sine
1968 2357 2094 2444 dispen-

541 2456 602 2526 diis
623 2456 767 2543 pluribus
787 2464 822 2526 et
839 2452 1045 2525 incommodis
1066 2458 1134 2542 regi
1158 2460 1224 2526 sive
1249 2459 1366 2526 instrui
1394 2458 1550 2543 nequiunt
1575 2477 1633 2526 nec
1661 2456 1795 2541 defendi,
1825 2477 1884 2545 pro
1912 2460 2095 2529 melioribus

542 2577 579 2627 ac
609 2558 712 2644 mgis
743 2559 875 2626 utilibus
900 2561 1076 2644 permutari
1100 2556 1337 2629 concesserunt:
1367 2560 1457 2627 licuit
1484 2567 1519 2628 et
1540 2560 1616 2628 licet
1644 2560 1775 2644 prelatis
1796 2561 1999 2629 ecclesiarum
2020 2582 2094 2632 cum

519 2653 521 2658 ’
542 2679 651 2730 eurum
673 2659 830 2746 Capitulis
852 2662 910 2730 hec
931 2662 1052 2748 predis,
1073 2663 1120 2730 sic
1142 2678 1248 2730 umen
1269 2669 1307 2730 ut
1324 2663 1456 2731 meliora
1477 2662 1683 2749 prospiciant,
1705 2669 1894 2747 permutare.
1939 2663 2016 2733 Inde
2043 2672 2094 2734 est
2145 2687 2148 2693 ·

542 2763 627 2850 quud
647 2782 706 2832 nos
727 2763 922 2833 Gnernensis
943 2766 1074 2834 ecclesie
1096 2765 1290 2850 Capitulum,
1312 2766 1545 2834 considerantes
1565 2784 1607 2833 ex
1632 2766 1797 2833 vicinitate
1823 2766 1969 2834 villarum
1999 2767 2094 2853 Capi·

542 2865 611 2936 tulu
630 2872 740 2936 nocuo
759 2869 986 2952 pertinentium
1008 2869 1146 2954 plurimu
1164 2868 1254 2937 nobis
1275 2867 1438 2936 commoda
1459 2868 1633 2951 provenire,
1656 2868 1814 2934 mmmuni
1828 2886 1866 2935 ac
1881 2868 2024 2952 diligenti
2038 2869 2094 2937 de·

542 2968 728 3038 libentium
745 2969 865 3054 habitu,
888 2971 978 3039 villas
993 2978 1131 3039 remotas
1144 2970 1184 3039 de
1197 2970 1311 3055 quibus
1325 2989 1455 3056 parvam
1468 2968 1519 3038 vel
1536 2969 1656 3036 nullam
1670 2969 1891 3054 consequimur
1909 2971 2094 3055 utilitatem,

542 3090 600 3158 pro
620 3071 825 3140 vicinioribus
846 3072 992 3141 duximus
1010 3073 1245 3158 permutandos
1289 3073 1351 3142 Sed
1379 3075 1456 3158 quia
1481 3073 1539 3140 hec
1566 3072 1816 3157 pennutationes
1846 3073 1914 3141 sine
1940 3093 2096 3161 consensu

545 3173 742 3260 prelatorum
763 3174 833 3243 ieri
853 3175 934 3243 nulli
956 3174 1200 3261 capitulorum
1221 3192 1377 3257 concesse,
1405 3192 1464 3242 nos
1484 3173 1604 3241 domini
1632 3174 1734 3259 nostri
1762 3175 1911 3243 Falconis
1940 3176 2095 3263 archiepi·
2204 3168 2205 3172 ’

490 3338 493 3345 .
544 3279 632 3365 scopi
651 3278 795 3365 gratuitu
817 3297 970 3348 consensu
989 3280 1092 3365 petito
1111 3286 1145 3347 et
1165 3278 1306 3362 obtento,
1329 3277 1436 3346 villam
1457 3276 1606 3363 capitulo
1626 3282 1738 3345 nosue
1757 3279 1968 3362 pertinentem
1989 3278 2095 3348 Wisa·

542 3380 614 3449 kun
633 3383 760 3450 numine
780 3382 814 3449 iu
834 3382 962 3468 dyocesi
983 3380 1191 3450 Poznauiensi
1212 3383 1318 3464 sitam,
1338 3401 1397 3466 pru
1417 3381 1494 3449 silla
1514 3381 1647 3466 Opatow
1665 3382 1698 3447 in
1720 3380 1845 3466 dyocesi
1859 3381 1979 3449 domini
1993 3383 2095 3451 nostri

471 3508 484 3513 ··
541 3484 697 3554 existente
719 3503 790 3554 cum
809 3485 967 3553 Absdone
989 3484 1103 3554 clerico
1124 3486 1190 3553 lilio
1213 3485 1367 3553 Bernardi
1387 3484 1428 3552 de
1448 3482 1576 3552 Polrica
1596 3484 1853 3568 permutavimus,
1875 3484 2007 3553 eandem
2021 3504 2094 3570 per·
2189 3461 2215 3494 ³
2253 3463 2274 3491 ⁴
2317 3453 2324 3465 ⁸

542 3587 750 3656 musonem
772 3594 838 3656 tam
859 3606 917 3674 pru
937 3587 1029 3656 nobis
1050 3594 1084 3656 et
1105 3588 1224 3655 nostris
1244 3587 1476 3657 successoribus
1497 3606 1537 3655 er
1559 3606 1622 3654 una
1644 3595 1745 3671 parte,
1768 3607 1865 3673 quam
1894 3607 1952 3672 pru
1971 3591 2040 3674 ipso
2061 3595 2110 3658 et

542 3688 610 3758 eius
630 3690 766 3775 posteris
787 3709 827 3758 ex
848 3691 950 3758 altera
971 3691 1005 3757 iu
1025 3696 1215 3775 perpetuum
1237 3697 1341 3758 ratam
1361 3696 1395 3758 et
1415 3689 1542 3757 firmam
1559 3691 1781 3776 promittentes
1802 3690 1978 3759 observare
2020 3691 2096 3760 Per·

542 3793 677 3860 ιιιιιίιιιίο
700 3799 808 3862 umen
829 3793 887 3861 hec
902 3792 1098 3861 solummodo
1120 3812 1179 3877 pro
1201 3793 1278 3861 villa
1303 3797 1450 3860 teneatur
1469 3798 1660 3874 memorata3
1689 3792 1745 3859 sed
1773 3793 1802 3860 si
1826 3793 1930 3861 denuo
1956 3793 2097 3879 siquam

543 3893 583 3963 de
603 3895 687 3962 vidite
708 3897 826 3964 nostris
852 3903 1033 3981 permutare
1062 3896 1298 3980 indiguerimus,
1329 3895 1466 3962 eiusdem
1488 3894 1607 3962 domini
1637 3896 1738 3963 nostri
1767 3895 1916 3964 Falconis
1941 3895 2097 3983 archiepi-

543 3996 631 4083 scopi
649 4016 818 4066 conseasus
839 3999 880 4066 ad
902 3999 963 4066 hcc
980 3999 1125 4083 specialis
1148 4000 1210 4065 erit
1230 3996 1444 4082 requirendus.
1489 3997 1649 4081 Ceterum,
1676 3999 1751 4082 quia
1779 3998 1902 4067 decima
1929 4000 1970 4068 de
1992 4000 2098 4067 Wisa·

543 4099 614 4168 kur
635 4106 745 4169 nostm
768 4100 916 4185 Capitulo
937 4102 1092 4186 pertinuit
1112 4101 1154 4170 ab
1175 4103 1316 4186 antiquo,
1342 4101 1464 4168 decima
1487 4118 1562 4168 vero
1587 4099 1628 4168 de
1658 4101 1790 4185 Opatow
1820 4103 1919 4171 ubbus
1949 4109 1983 4169 et
2012 4101 2097 4170 Con·

543 4205 651 4273 ventui
672 4205 712 4272 de
733 4204 852 4273 Lubin:
874 4211 913 4272 ut
933 4203 1040 4271 uillam
1063 4204 1196 4289 Opatcw
1218 4205 1311 4289 pleno
1329 4205 1397 4270 iure
1418 4201 1546 4286 pacifice
1567 4203 1797 4288 possideremus
1819 4210 1852 4271 et
1873 4205 1990 4288 quiete,
2012 4204 2097 4272 dcci·

543 4325 612 4374 mss
633 4306 760 4375 easdem
775 4326 847 4374 cum
863 4305 1029 4373 conventu
1043 4314 1077 4375 et
1091 4308 1206 4376 abbate
1221 4307 1467 4392 permutavimus
1481 4307 1673 4390 memoratis,
1694 4307 1814 4374 domini
1833 4309 1934 4374 nostri
1949 4307 2098 4375 Fulconis

542 4409 768 4495 memmscopi
799 4429 896 4492 mero,
930 4409 1024 4494 pleno
1048 4416 1082 4477 et
1109 4411 1242 4494 benigno
1269 4429 1422 4477 coursensu
1447 4409 1625 4478 accedente.
1670 4409 1772 4494 Super
1800 4410 1858 4478 bec
1881 4411 1977 4478 etiam
2002 4410 2098 4477 dictis
2192 4399 2196 4405 ’

543 4511 651 4581 abbati
673 4519 708 4581 et
729 4511 917 4594 (ἓοιιιειιῐιιί,
938 4511 1056 4578 domini
1078 4514 1180 4580 nostri
1205 4512 1432 4596 archicpiscopi
1456 4519 1490 4581 et
1514 4520 1658 4582 nostmm
1681 4513 1879 4597 privilegium
1909 4513 2099 4580 contulimus

543 4616 689 4700 speciale.
732 4614 771 4682 iu
793 4615 883 4682 cuius
905 4615 951 4681 rei
974 4615 1188 4682 testimouimn
1211 4621 1389 4700 presentem
1419 4618 1564 4700 paginam
1594 4616 1713 4683 domini
1742 4618 1845 4683 nostri
1871 4613 2099 4699 archiepiscopi

544 4721 580 4783 et
600 4715 740 4803 Capitarli
758 4717 860 4785 nostri
889 4717 1002 4802 sigillis
1022 4717 1168 4784 duximus
1193 4717 1412 4784 roborandam.
1443 4717 1561 4786 Datum
1576 4720 1609 4785 in
1625 4713 1755 4786 Gnc‘zna
1769 4738 1852 4786 auno
1865 4720 1970 4802 gratie
1984 4716 2096 4784 MEO.

543 4820 804 4907 quiuquagesimo
824 4821 969 4907 septimo,
989 4818 1168 4889 indiccione
1186 4820 1446 4904 quintadecima,
1468 4841 1551 4889 nuno
1569 4821 1729 4889 Kalendas
1751 4821 1880 4907 Aprilis.

648 5024 819 5107 Wisslrcrr,
843 5028 1027 5109 Wprzuton.
1072 5024 1216 5112 Opotou,
1244 5029 1418 5106 Opotowtco.
1461 5024 1603 5109 Pulvica,
1633 5024 1777 5093 Pietatem
1822 5023 1935 5108 Lubiu,
1959 5024 2065 5094 lubia
