<?xml version="1.0" encoding="UTF-8"?>
<!DOCTYPE html PUBLIC "-//W3C//DTD XHTML 1.0 Transitional//EN"
    "http://www.w3.org/TR/xhtml1/DTD/xhtml1-transitional.dtd">
<html xmlns="http://www.w3.org/1999/xhtml" xml:lang="en" lang="en">
 <head>
  <title>
</title>
<meta http-equiv="Content-Type" content="text/html;charset=utf-8" />
  <meta name='ocr-system' content='tesseract 3.04.00' />
  <meta name='ocr-capabilities' content='ocr_page ocr_carea ocr_par ocr_line ocrx_word'/>
</head>
<body>
  <div class='ocr_page' id='page_1' title='image "./codexdiplomatic03zakrgoog_0482.png"; bbox 0 0 4476 6180; ppageno 0'>
   <div class='ocr_carea' id='block_1_1' title="bbox 937 872 1145 1023">
    <p class='ocr_par' dir='ltr' id='par_1_1' title="bbox 937 872 1145 1023">
     <span class='ocr_line' id='line_1_1' title="bbox 937 872 1145 1023; baseline 0.024 -67"><span class='ocrx_word' id='word_1_1' title='bbox 937 872 1145 1023; x_wconf 61' lang='lat' dir='ltr'><strong>useel.</strong></span> 
     </span>
    </p>
   </div>
   <div class='ocr_carea' id='block_1_2' title="bbox 269 1067 1828 1792">
    <p class='ocr_par' dir='ltr' id='par_1_2' title="bbox 269 1067 1828 1586">
     <span class='ocr_line' id='line_1_2' title="bbox 375 1067 1818 1178; baseline 0.001 -23"><span class='ocrx_word' id='word_1_2' title='bbox 375 1067 561 1158; x_wconf 73' lang='lat' dir='ltr'><strong>Secundus</strong></span> <span class='ocrx_word' id='word_1_3' title='bbox 588 1072 852 1178; x_wconf 50' lang='lat' dir='ltr'><strong>Premialldux</strong></span> <span class='ocrx_word' id='word_1_4' title='bbox 877 1072 1026 1160; x_wconf 87' lang='lat' dir='ltr'><strong>Polonie</strong></span> <span class='ocrx_word' id='word_1_5' title='bbox 1054 1077 1191 1156; x_wconf 79' lang='lat'>1280</span> <span class='ocrx_word' id='word_1_6' title='bbox 1209 1071 1235 1156; x_wconf 87' lang='lat' dir='ltr'><strong>J</strong></span> <span class='ocrx_word' id='word_1_7' title='bbox 1236 1094 1296 1154; x_wconf 86' lang='lat' dir='ltr'><strong>an.</strong></span> <span class='ocrx_word' id='word_1_8' title='bbox 1313 1075 1358 1168; x_wconf 85' lang='lat'><strong>6,</strong></span> <span class='ocrx_word' id='word_1_9' title='bbox 1383 1071 1426 1154; x_wconf 90' lang='lat' dir='ltr'><strong>ln</strong></span> <span class='ocrx_word' id='word_1_10' title='bbox 1444 1071 1609 1174; x_wconf 78' lang='lat' dir='ltr'><strong>Poenam</strong></span> <span class='ocrx_word' id='word_1_11' title='bbox 1654 1088 1818 1157; x_wconf 73' lang='lat' dir='ltr'><strong>oenfinnsc</strong></span> 
     </span>
     <span class='ocr_line' id='line_1_3' title="bbox 271 1191 1816 1277; baseline 0 -17"><span class='ocrx_word' id='word_1_12' title='bbox 271 1191 470 1261; x_wconf 88' lang='lat' dir='ltr'><strong>donationem</strong></span> <span class='ocrx_word' id='word_1_13' title='bbox 493 1195 676 1262; x_wconf 81' lang='lat' dir='ltr'><strong>beralitatis</strong></span> <span class='ocrx_word' id='word_1_14' title='bbox 698 1194 864 1276; x_wconf 85' lang='lat' dir='ltr'><strong>Grodzisk,</strong></span> <span class='ocrx_word' id='word_1_15' title='bbox 884 1194 1073 1261; x_wconf 90' lang='lat' dir='ltr'><strong>amilitibus</strong></span> <span class='ocrx_word' id='word_1_16' title='bbox 1088 1195 1191 1275; x_wconf 83' lang='lat' dir='ltr'><strong>Pelea,</strong></span> <span class='ocrx_word' id='word_1_17' title='bbox 1214 1192 1409 1277; x_wconf 76' lang='lat' dir='ltr'><strong>Boguplmlo,</strong></span> <span class='ocrx_word' id='word_1_18' title='bbox 1432 1192 1597 1274; x_wconf 84' lang='lat' dir='ltr'><strong>Zemiclao,</strong></span> <span class='ocrx_word' id='word_1_19' title='bbox 1617 1191 1816 1274; x_wconf 61' lang='lat' dir='ltr'><strong>(lueremus,</strong></span> 
     </span>
     <span class='ocr_line' id='line_1_4' title="bbox 271 1294 1817 1383; baseline -0.002 -19"><span class='ocrx_word' id='word_1_20' title='bbox 271 1294 440 1383; x_wconf 80' lang='lat' dir='ltr'><strong>Stephano,</strong></span> <span class='ocrx_word' id='word_1_21' title='bbox 461 1302 496 1366; x_wconf 94' lang='lat' dir='ltr'><strong>et</strong></span> <span class='ocrx_word' id='word_1_22' title='bbox 515 1297 637 1366; x_wconf 91' lang='lat' dir='ltr'><strong>duobus</strong></span> <span class='ocrx_word' id='word_1_23' title='bbox 666 1297 739 1363; x_wconf 87' lang='lat' dir='ltr'><strong>tiliis</strong></span> <span class='ocrx_word' id='word_1_24' title='bbox 767 1297 928 1380; x_wconf 78' lang='lat' dir='ltr'><strong>Phalislai,</strong></span> <span class='ocrx_word' id='word_1_25' title='bbox 957 1299 1051 1365; x_wconf 90' lang='lat' dir='ltr'><strong>dictis</strong></span> <span class='ocrx_word' id='word_1_26' title='bbox 1075 1298 1204 1365; x_wconf 87' lang='lat' dir='ltr'><strong>Marcus</strong></span> <span class='ocrx_word' id='word_1_27' title='bbox 1229 1304 1264 1365; x_wconf 91' lang='lat' dir='ltr'><strong>ct</strong></span> <span class='ocrx_word' id='word_1_28' title='bbox 1291 1296 1433 1377; x_wconf 78' lang='lat' dir='ltr'>Samson,</span> <span class='ocrx_word' id='word_1_29' title='bbox 1465 1296 1655 1365; x_wconf 82' lang='lat' dir='ltr'><strong>monasterio</strong></span> <span class='ocrx_word' id='word_1_30' title='bbox 1677 1295 1817 1380; x_wconf 80' lang='lat' dir='ltr'><strong>Paraclyt</strong></span> 
     </span>
     <span class='ocr_line' id='line_1_5' title="bbox 269 1383 1813 1485; baseline -0.002 -16"><span class='ocrx_word' id='word_1_31' title='bbox 269 1397 400 1482; x_wconf 69' lang='lat' dir='ltr'><strong>mamm</strong></span> <span class='ocrx_word' id='word_1_32' title='bbox 422 1383 567 1468; x_wconf 84' lang='lat' dir='ltr'><strong>comitem</strong></span> <span class='ocrx_word' id='word_1_33' title='bbox 585 1419 657 1467; x_wconf 82' lang='lat' dir='ltr'><strong>vero</strong></span> <span class='ocrx_word' id='word_1_34' title='bbox 678 1399 852 1482; x_wconf 80' lang='lat' dir='ltr'><strong>Nicolaum,</strong></span> <span class='ocrx_word' id='word_1_35' title='bbox 874 1400 1026 1468; x_wconf 86' lang='lat' dir='ltr'><strong>militibus</strong></span> <span class='ocrx_word' id='word_1_36' title='bbox 1048 1400 1217 1485; x_wconf 87' lang='lat' dir='ltr'><strong>praedictis</strong></span> <span class='ocrx_word' id='word_1_37' title='bbox 1238 1418 1296 1485; x_wconf 93' lang='lat' dir='ltr'><strong>pro</strong></span> <span class='ocrx_word' id='word_1_38' title='bbox 1316 1399 1409 1467; x_wconf 92' lang='lat' dir='ltr'><strong>huius</strong></span> <span class='ocrx_word' id='word_1_39' title='bbox 1426 1398 1604 1467; x_wconf 89' lang='lat' dir='ltr'><strong>donationis</strong></span> <span class='ocrx_word' id='word_1_40' title='bbox 1631 1417 1813 1484; x_wconf 81' lang='lat' dir='ltr'><strong>recompen-</strong></span> 
     </span>
     <span class='ocr_line' id='line_1_6' title="bbox 272 1497 1828 1586; baseline -0.001 -15"><span class='ocrx_word' id='word_1_41' title='bbox 272 1504 395 1572; x_wconf 86' lang='lat' dir='ltr'><strong>satione</strong></span> <span class='ocrx_word' id='word_1_42' title='bbox 416 1503 623 1571; x_wconf 65' lang='lat' dir='ltr'><strong>hereditatem</strong></span> <span class='ocrx_word' id='word_1_43' title='bbox 645 1501 845 1571; x_wconf 77' lang='lat' dir='ltr'><strong>chwalkowo</strong></span> <span class='ocrx_word' id='word_1_44' title='bbox 868 1502 1000 1585; x_wconf 84' lang='lat' dir='ltr'><strong>dedisse,</strong></span> <span class='ocrx_word' id='word_1_45' title='bbox 1022 1509 1226 1586; x_wconf 77' lang='lat' dir='ltr'><strong>protestatur.</strong></span> <span class='ocrx_word' id='word_1_46' title='bbox 1822 1497 1828 1513; x_wconf 84' lang='lat'><strong>‘</strong></span> 
     </span>
    </p>

    <p class='ocr_par' dir='ltr' id='par_1_3' title="bbox 375 1604 1814 1792">
     <span class='ocr_line' id='line_1_7' title="bbox 377 1604 1432 1694; baseline 0.001 -21"><span class='ocrx_word' id='word_1_47' title='bbox 377 1604 519 1686; x_wconf 68' lang='lat' dir='ltr'><strong>Petam</strong></span> <span class='ocrx_word' id='word_1_48' title='bbox 541 1612 659 1688; x_wconf 73' lang='lat' dir='ltr'><strong>empta.</strong></span> <span class='ocrx_word' id='word_1_49' title='bbox 703 1609 831 1672; x_wconf 76' lang='lat' dir='ltr'><strong>Dze‘urlci</strong></span> <span class='ocrx_word' id='word_1_50' title='bbox 851 1611 893 1671; x_wconf 82' lang='lat' dir='ltr'><strong>od</strong></span> <span class='ocrx_word' id='word_1_51' title='bbox 910 1611 1144 1688; x_wconf 75' lang='lat' dir='ltr'><strong>przymieezenia</strong></span> <span class='ocrx_word' id='word_1_52' title='bbox 1157 1605 1272 1684; x_wconf 74' lang='lat' dir='ltr'><strong>jecncj</strong></span> <span class='ocrx_word' id='word_1_53' title='bbox 1288 1611 1432 1694; x_wconf 66' lang='lat' dir='ltr'><strong>pieczfci.</strong></span> 
     </span>
     <span class='ocr_line' id='line_1_8' title="bbox 375 1709 1814 1792; baseline 0.001 -17"><span class='ocrx_word' id='word_1_54' title='bbox 375 1709 511 1777; x_wconf 74' lang='lat' dir='ltr'><strong>nomae.</strong></span> <span class='ocrx_word' id='word_1_55' title='bbox 534 1711 701 1774; x_wconf 73' lang='lat' dir='ltr'><strong>asareem</strong></span> <span class='ocrx_word' id='word_1_56' title='bbox 719 1709 886 1791; x_wconf 64' lang='lat' dir='ltr'><strong>sacmeel.</strong></span> <span class='ocrx_word' id='word_1_57' title='bbox 908 1712 1048 1792; x_wconf 72' lang='lat' dir='ltr'><strong>nepum</strong></span> <span class='ocrx_word' id='word_1_58' title='bbox 1069 1713 1105 1784; x_wconf 83' lang='lat' dir='ltr'><strong>s,</strong></span> <span class='ocrx_word' id='word_1_59' title='bbox 1127 1710 1187 1791; x_wconf 61' lang='lat'><strong>22„</strong></span> <span class='ocrx_word' id='word_1_60' title='bbox 1202 1745 1246 1760; x_wconf 92' lang='lat'><em>-</em></span> <span class='ocrx_word' id='word_1_61' title='bbox 1268 1709 1448 1790; x_wconf 62' lang='lat' dir='ltr'><strong>nutzpoum,</strong></span> <span class='ocrx_word' id='word_1_62' title='bbox 1475 1711 1545 1776; x_wconf 78' lang='lat' dir='ltr'><strong>coa.</strong></span> <span class='ocrx_word' id='word_1_63' title='bbox 1567 1712 1687 1790; x_wconf 70' lang='lat' dir='ltr'><strong>apros.</strong></span> <span class='ocrx_word' id='word_1_64' title='bbox 1704 1713 1814 1776; x_wconf 71' lang='lat' dir='ltr'><strong>maro.</strong></span> 
     </span>
    </p>
   </div>
   <div class='ocr_carea' id='block_1_3' title="bbox 232 1997 1819 3632">
    <p class='ocr_par' dir='ltr' id='par_1_4' title="bbox 232 1997 1819 3632">
     <span class='ocr_line' id='line_1_9' title="bbox 374 1997 1817 2086; baseline 0.001 -18"><span class='ocrx_word' id='word_1_65' title='bbox 374 1998 413 2068; x_wconf 90' lang='lat' dir='ltr'><strong>In</strong></span> <span class='ocrx_word' id='word_1_66' title='bbox 433 1997 559 2067; x_wconf 89' lang='lat' dir='ltr'><strong>nomine</strong></span> <span class='ocrx_word' id='word_1_67' title='bbox 579 1998 707 2067; x_wconf 86' lang='lat' dir='ltr'><strong>Domini</strong></span> <span class='ocrx_word' id='word_1_68' title='bbox 727 2020 828 2069; x_wconf 90' lang='lat' dir='ltr'><strong>amen.</strong></span> <span class='ocrx_word' id='word_1_69' title='bbox 873 1999 1011 2068; x_wconf 88' lang='lat' dir='ltr'><strong>Humani</strong></span> <span class='ocrx_word' id='word_1_70' title='bbox 1032 2000 1155 2085; x_wconf 76' lang='lat' dir='ltr'><strong>generis</strong></span> <span class='ocrx_word' id='word_1_71' title='bbox 1175 2000 1316 2068; x_wconf 73' lang='lat' dir='ltr'><strong>actiones</strong></span> <span class='ocrx_word' id='word_1_72' title='bbox 1337 2001 1488 2068; x_wconf 90' lang='lat' dir='ltr'><strong>memoria</strong></span> <span class='ocrx_word' id='word_1_73' title='bbox 1509 2006 1662 2086; x_wconf 85' lang='lat' dir='ltr'><strong>perpetua</strong></span> <span class='ocrx_word' id='word_1_74' title='bbox 1676 2000 1817 2086; x_wconf 74' lang='lat' dir='ltr'><strong>indigen·</strong></span> 
     </span>
     <span class='ocr_line' id='line_1_10' title="bbox 272 2101 1818 2189; baseline -0.001 -16"><span class='ocrx_word' id='word_1_75' title='bbox 272 2109 322 2173; x_wconf 81' lang='lat' dir='ltr'><strong>tes</strong></span> <span class='ocrx_word' id='word_1_76' title='bbox 340 2103 525 2189; x_wconf 83' lang='lat' dir='ltr'><strong>plerumque</strong></span> <span class='ocrx_word' id='word_1_77' title='bbox 542 2101 765 2172; x_wconf 79' lang='lat' dir='ltr'><strong>abdominum</strong></span> <span class='ocrx_word' id='word_1_78' title='bbox 785 2105 904 2172; x_wconf 76' lang='lat' dir='ltr'><strong>noticia</strong></span> <span class='ocrx_word' id='word_1_79' title='bbox 923 2102 1115 2186; x_wconf 92' lang='lat' dir='ltr'><strong>dilabuntur,</strong></span> <span class='ocrx_word' id='word_1_80' title='bbox 1140 2121 1203 2186; x_wconf 85' lang='lat' dir='ltr'><strong>que</strong></span> <span class='ocrx_word' id='word_1_81' title='bbox 1223 2103 1451 2188; x_wconf 84' lang='lat' dir='ltr'><strong>scripturarum</strong></span> <span class='ocrx_word' id='word_1_82' title='bbox 1477 2122 1534 2171; x_wconf 88' lang='lat' dir='ltr'><strong>seu</strong></span> <span class='ocrx_word' id='word_1_83' title='bbox 1559 2104 1687 2171; x_wconf 77' lang='lat' dir='ltr'><strong>testium</strong></span> <span class='ocrx_word' id='word_1_84' title='bbox 1716 2105 1818 2171; x_wconf 90' lang='lat' dir='ltr'><strong>muni·</strong></span> 
     </span>
     <span class='ocr_line' id='line_1_11' title="bbox 272 2205 1817 2292; baseline -0.001 -16"><span class='ocrx_word' id='word_1_85' title='bbox 272 2208 356 2276; x_wconf 91' lang='lat' dir='ltr'><strong>mine</strong></span> <span class='ocrx_word' id='word_1_86' title='bbox 376 2226 439 2276; x_wconf 93' lang='lat' dir='ltr'><strong>non</strong></span> <span class='ocrx_word' id='word_1_87' title='bbox 456 2213 657 2276; x_wconf 80' lang='lat' dir='ltr'><strong>renovantur.</strong></span> <span class='ocrx_word' id='word_1_88' title='bbox 701 2207 803 2292; x_wconf 79' lang='lat' dir='ltr'><strong>igitur</strong></span> <span class='ocrx_word' id='word_1_89' title='bbox 822 2225 881 2274; x_wconf 91' lang='lat' dir='ltr'><strong>nos</strong></span> <span class='ocrx_word' id='word_1_90' title='bbox 899 2206 1054 2275; x_wconf 88' lang='lat' dir='ltr'><strong>secundus</strong></span> <span class='ocrx_word' id='word_1_91' title='bbox 1079 2205 1215 2273; x_wconf 85' lang='lat' dir='ltr'><strong>Premirl</strong></span> <span class='ocrx_word' id='word_1_92' title='bbox 1243 2205 1302 2272; x_wconf 89' lang='lat' dir='ltr'><strong>Dei</strong></span> <span class='ocrx_word' id='word_1_93' title='bbox 1328 2207 1433 2289; x_wconf 68' lang='lat' dir='ltr'><strong>matis</strong></span> <span class='ocrx_word' id='word_1_94' title='bbox 1460 2206 1525 2273; x_wconf 81' lang='lat' dir='ltr'><strong>dnn</strong></span> <span class='ocrx_word' id='word_1_95' title='bbox 1553 2206 1682 2275; x_wconf 89' lang='lat' dir='ltr'><strong>Polonie</strong></span> <span class='ocrx_word' id='word_1_96' title='bbox 1708 2213 1817 2274; x_wconf 82' lang='lat' dir='ltr'><strong>notum</strong></span> 
     </span>
     <span class='ocr_line' id='line_1_12' title="bbox 272 2308 1818 2396; baseline -0.002 -17"><span class='ocrx_word' id='word_1_97' title='bbox 272 2309 403 2379; x_wconf 82' lang='lat' dir='ltr'><strong>lecimus</strong></span> <span class='ocrx_word' id='word_1_98' title='bbox 423 2312 577 2379; x_wconf 86' lang='lat' dir='ltr'><strong>universis</strong></span> <span class='ocrx_word' id='word_1_99' title='bbox 599 2316 666 2380; x_wconf 90' lang='lat' dir='ltr'><strong>tam</strong></span> <span class='ocrx_word' id='word_1_100' title='bbox 684 2309 881 2395; x_wconf 83' lang='lat' dir='ltr'><strong>presentibus</strong></span> <span class='ocrx_word' id='word_1_101' title='bbox 901 2329 997 2396; x_wconf 88' lang='lat' dir='ltr'><strong>quam</strong></span> <span class='ocrx_word' id='word_1_102' title='bbox 1017 2308 1133 2375; x_wconf 86' lang='lat' dir='ltr'><strong>tuturis</strong></span> <span class='ocrx_word' id='word_1_103' title='bbox 1154 2314 1330 2394; x_wconf 84' lang='lat' dir='ltr'><strong>presentem</strong></span> <span class='ocrx_word' id='word_1_104' title='bbox 1352 2309 1500 2394; x_wconf 80' lang='lat' dir='ltr'><strong>peginam</strong></span> <span class='ocrx_word' id='word_1_105' title='bbox 1514 2309 1712 2394; x_wconf 77' lang='lat' dir='ltr'><strong>inspecturis,</strong></span> <span class='ocrx_word' id='word_1_106' title='bbox 1733 2310 1818 2394; x_wconf 86' lang='lat' dir='ltr'><strong>quod</strong></span> 
     </span>
     <span class='ocr_line' id='line_1_13' title="bbox 271 2409 1817 2499; baseline -0.001 -18"><span class='ocrx_word' id='word_1_107' title='bbox 271 2414 306 2482; x_wconf 92' lang='lat' dir='ltr'><strong>in</strong></span> <span class='ocrx_word' id='word_1_108' title='bbox 326 2421 436 2483; x_wconf 89' lang='lat' dir='ltr'><strong>nostra</strong></span> <span class='ocrx_word' id='word_1_109' title='bbox 456 2420 700 2499; x_wconf 87' lang='lat' dir='ltr'><strong>nostrorumque</strong></span> <span class='ocrx_word' id='word_1_110' title='bbox 718 2413 871 2481; x_wconf 89' lang='lat' dir='ltr'><strong>baronum</strong></span> <span class='ocrx_word' id='word_1_111' title='bbox 888 2412 1050 2498; x_wconf 88' lang='lat' dir='ltr'><strong>presencia</strong></span> <span class='ocrx_word' id='word_1_112' title='bbox 1070 2409 1177 2478; x_wconf 85' lang='lat' dir='ltr'><strong>dilecti</strong></span> <span class='ocrx_word' id='word_1_113' title='bbox 1198 2411 1300 2478; x_wconf 81' lang='lat' dir='ltr'><strong>nostri</strong></span> <span class='ocrx_word' id='word_1_114' title='bbox 1328 2411 1444 2480; x_wconf 79' lang='lat' dir='ltr'><strong>militae</strong></span> <span class='ocrx_word' id='word_1_115' title='bbox 1474 2411 1578 2494; x_wconf 82' lang='lat' dir='ltr'><strong>Pelea,</strong></span> <span class='ocrx_word' id='word_1_116' title='bbox 1603 2411 1817 2498; x_wconf 71' lang='lat' dir='ltr'><strong>sompnum,</strong></span> 
     </span>
     <span class='ocr_line' id='line_1_14' title="bbox 272 2511 1819 2601; baseline -0.001 -16"><span class='ocrx_word' id='word_1_117' title='bbox 272 2517 455 2601; x_wconf 83' lang='lat' dir='ltr'><strong>Zemiclaus‚</strong></span> <span class='ocrx_word' id='word_1_118' title='bbox 478 2518 696 2598; x_wconf 82' lang='lat' dir='ltr'><strong>Gnevomirns‚</strong></span> <span class='ocrx_word' id='word_1_119' title='bbox 716 2516 904 2600; x_wconf 84' lang='lat' dir='ltr'><strong>Stephanus,</strong></span> <span class='ocrx_word' id='word_1_120' title='bbox 927 2522 961 2584; x_wconf 89' lang='lat' dir='ltr'><strong>et</strong></span> <span class='ocrx_word' id='word_1_121' title='bbox 978 2515 1040 2583; x_wconf 88' lang='lat' dir='ltr'><strong>duo</strong></span> <span class='ocrx_word' id='word_1_122' title='bbox 1062 2513 1120 2581; x_wconf 89' lang='lat' dir='ltr'><strong>lilii</strong></span> <span class='ocrx_word' id='word_1_123' title='bbox 1145 2511 1316 2598; x_wconf 77' lang='lat' dir='ltr'><strong>PhaHsIay,</strong></span> <span class='ocrx_word' id='word_1_124' title='bbox 1346 2513 1474 2582; x_wconf 84' lang='lat' dir='ltr'><strong>Marcus</strong></span> <span class='ocrx_word' id='word_1_125' title='bbox 1502 2522 1537 2582; x_wconf 88' lang='lat' dir='ltr'><strong>et</strong></span> <span class='ocrx_word' id='word_1_126' title='bbox 1564 2514 1706 2598; x_wconf 84' lang='lat' dir='ltr'><strong>Samson,</strong></span> <span class='ocrx_word' id='word_1_127' title='bbox 1737 2515 1819 2584; x_wconf 84' lang='lat' dir='ltr'><strong>bona</strong></span> 
     </span>
     <span class='ocr_line' id='line_1_15' title="bbox 271 2615 1818 2713; baseline 0 -27"><span class='ocrx_word' id='word_1_128' title='bbox 271 2619 499 2688; x_wconf 83' lang='lat' dir='ltr'><strong>deliberacione</strong></span> <span class='ocrx_word' id='word_1_129' title='bbox 519 2625 553 2687; x_wconf 91' lang='lat' dir='ltr'><strong>et</strong></span> <span class='ocrx_word' id='word_1_130' title='bbox 573 2619 678 2687; x_wconf 89' lang='lat' dir='ltr'><strong>animo</strong></span> <span class='ocrx_word' id='word_1_131' title='bbox 700 2618 819 2688; x_wconf 88' lang='lat' dir='ltr'><strong>salubri</strong></span> <span class='ocrx_word' id='word_1_132' title='bbox 837 2618 1046 2713; x_wconf 76' lang='lat' dir='ltr'><strong>bereditatam</strong></span> <span class='ocrx_word' id='word_1_133' title='bbox 1067 2635 1129 2701; x_wconf 90' lang='lat' dir='ltr'><strong>que</strong></span> <span class='ocrx_word' id='word_1_134' title='bbox 1148 2615 1298 2683; x_wconf 87' lang='lat' dir='ltr'><strong>Grozisce</strong></span> <span class='ocrx_word' id='word_1_135' title='bbox 1318 2617 1492 2702; x_wconf 76' lang='lat' dir='ltr'><strong>vulgariter</strong></span> <span class='ocrx_word' id='word_1_136' title='bbox 1512 2625 1712 2703; x_wconf 90' lang='lat' dir='ltr'><strong>nuncupatur</strong></span> <span class='ocrx_word' id='word_1_137' title='bbox 1733 2619 1818 2686; x_wconf 79' lang='lat' dir='ltr'><strong>dau·</strong></span> 
     </span>
     <span class='ocr_line' id='line_1_16' title="bbox 271 2719 1819 2806; baseline 0 -17"><span class='ocrx_word' id='word_1_138' title='bbox 271 2727 339 2789; x_wconf 88' lang='lat' dir='ltr'><strong>stru</strong></span> <span class='ocrx_word' id='word_1_139' title='bbox 359 2720 399 2789; x_wconf 91' lang='lat' dir='ltr'><strong>de</strong></span> <span class='ocrx_word' id='word_1_140' title='bbox 419 2721 570 2789; x_wconf 84' lang='lat' dir='ltr'><strong>Paradiso</strong></span> <span class='ocrx_word' id='word_1_141' title='bbox 590 2721 810 2806; x_wconf 84' lang='lat' dir='ltr'><strong>possidendam</strong></span> <span class='ocrx_word' id='word_1_142' title='bbox 831 2722 1068 2806; x_wconf 87' lang='lat' dir='ltr'><strong>inperpetuum</strong></span> <span class='ocrx_word' id='word_1_143' title='bbox 1095 2724 1313 2803; x_wconf 78' lang='lat' dir='ltr'><strong>porrexerunt,</strong></span> <span class='ocrx_word' id='word_1_144' title='bbox 1339 2719 1602 2788; x_wconf 82' lang='lat' dir='ltr'><strong>abrenunciantes</strong></span> <span class='ocrx_word' id='word_1_145' title='bbox 1630 2721 1716 2789; x_wconf 90' lang='lat' dir='ltr'><strong>omni</strong></span> <span class='ocrx_word' id='word_1_146' title='bbox 1741 2723 1819 2789; x_wconf 91' lang='lat' dir='ltr'><strong>iuri·</strong></span> 
     </span>
     <span class='ocr_line' id='line_1_17' title="bbox 232 2821 1818 2910; baseline -0.002 -15"><span class='ocrx_word' id='word_1_147' title='bbox 232 2889 236 2899; x_wconf 84' lang='lat'><em>.</em></span> <span class='ocrx_word' id='word_1_148' title='bbox 272 2823 401 2892; x_wconf 88' lang='lat' dir='ltr'><strong>dictioni</strong></span> <span class='ocrx_word' id='word_1_149' title='bbox 422 2843 486 2910; x_wconf 87' lang='lat' dir='ltr'><strong>qua</strong></span> <span class='ocrx_word' id='word_1_150' title='bbox 506 2824 541 2892; x_wconf 91' lang='lat' dir='ltr'><strong>in</strong></span> <span class='ocrx_word' id='word_1_151' title='bbox 561 2825 670 2892; x_wconf 56' lang='lat' dir='ltr'><strong>wem</strong></span> <span class='ocrx_word' id='word_1_152' title='bbox 691 2824 866 2892; x_wconf 81' lang='lat' dir='ltr'><strong>hereditate</strong></span> <span class='ocrx_word' id='word_1_153' title='bbox 886 2822 1080 2891; x_wconf 84' lang='lat' dir='ltr'><strong>fruebantur.</strong></span> <span class='ocrx_word' id='word_1_154' title='bbox 1127 2821 1240 2890; x_wconf 78' lang='lat' dir='ltr'><strong>Comes</strong></span> <span class='ocrx_word' id='word_1_155' title='bbox 1261 2841 1335 2889; x_wconf 86' lang='lat' dir='ltr'><strong>vcro</strong></span> <span class='ocrx_word' id='word_1_156' title='bbox 1360 2821 1521 2906; x_wconf 84' lang='lat' dir='ltr'><strong>Nicolaus,</strong></span> <span class='ocrx_word' id='word_1_157' title='bbox 1550 2823 1634 2892; x_wconf 86' lang='lat' dir='ltr'><strong>filius</strong></span> <span class='ocrx_word' id='word_1_158' title='bbox 1660 2825 1818 2910; x_wconf 88' lang='lat' dir='ltr'><strong>quondam</strong></span> 
     </span>
     <span class='ocr_line' id='line_1_18' title="bbox 273 2925 1818 3013; baseline 0 -17"><span class='ocrx_word' id='word_1_159' title='bbox 273 2927 432 2996; x_wconf 81' lang='lat' dir='ltr'><strong>smdiroii</strong></span> <span class='ocrx_word' id='word_1_160' title='bbox 452 2929 509 3013; x_wconf 85' lang='lat' dir='ltr'><strong>qui</strong></span> <span class='ocrx_word' id='word_1_161' title='bbox 535 2927 685 2996; x_wconf 86' lang='lat' dir='ltr'><strong>fundator</strong></span> <span class='ocrx_word' id='word_1_162' title='bbox 713 2928 821 2995; x_wconf 72' lang='lat' dir='ltr'><strong>extitb</strong></span> <span class='ocrx_word' id='word_1_163' title='bbox 845 2927 930 2996; x_wconf 85' lang='lat' dir='ltr'><strong>dicte</strong></span> <span class='ocrx_word' id='word_1_164' title='bbox 955 2925 1076 3008; x_wconf 82' lang='lat' dir='ltr'><strong>domus,</strong></span> <span class='ocrx_word' id='word_1_165' title='bbox 1107 2925 1297 3010; x_wconf 87' lang='lat' dir='ltr'><strong>supradictis</strong></span> <span class='ocrx_word' id='word_1_166' title='bbox 1324 2925 1477 2993; x_wconf 89' lang='lat' dir='ltr'><strong>militibus</strong></span> <span class='ocrx_word' id='word_1_167' title='bbox 1504 2927 1611 2995; x_wconf 85' lang='lat' dir='ltr'><strong>rolens</strong></span> <span class='ocrx_word' id='word_1_168' title='bbox 1635 2928 1818 2996; x_wconf 75' lang='lat' dir='ltr'><strong>mtisfaccre</strong></span> 
     </span>
     <span class='ocr_line' id='line_1_19' title="bbox 271 3027 1819 3118; baseline -0.001 -19"><span class='ocrx_word' id='word_1_169' title='bbox 271 3050 329 3118; x_wconf 95' lang='lat' dir='ltr'><strong>pro</strong></span> <span class='ocrx_word' id='word_1_170' title='bbox 350 3033 595 3100; x_wconf 85' lang='lat' dir='ltr'><strong>commutacione</strong></span> <span class='ocrx_word' id='word_1_171' title='bbox 617 3030 743 3117; x_wconf 81' lang='lat' dir='ltr'><strong>pretate</strong></span> <span class='ocrx_word' id='word_1_172' title='bbox 759 3032 953 3114; x_wconf 80' lang='lat' dir='ltr'><strong>hereditatis,</strong></span> <span class='ocrx_word' id='word_1_173' title='bbox 984 3031 1061 3115; x_wconf 91' lang='lat' dir='ltr'><strong>ipsis</strong></span> <span class='ocrx_word' id='word_1_174' title='bbox 1090 3048 1194 3096; x_wconf 90' lang='lat' dir='ltr'><strong>coram</strong></span> <span class='ocrx_word' id='word_1_175' title='bbox 1220 3027 1311 3096; x_wconf 90' lang='lat' dir='ltr'><strong>nobis</strong></span> <span class='ocrx_word' id='word_1_176' title='bbox 1334 3047 1424 3097; x_wconf 87' lang='lat' dir='ltr'><strong>suam</strong></span> <span class='ocrx_word' id='word_1_177' title='bbox 1451 3029 1656 3098; x_wconf 73' lang='lat' dir='ltr'><strong>hereditatem</strong></span> <span class='ocrx_word' id='word_1_178' title='bbox 1677 3032 1819 3115; x_wconf 86' lang='lat' dir='ltr'><strong>porrexit</strong></span> 
     </span>
     <span class='ocr_line' id='line_1_20' title="bbox 272 3130 1817 3220; baseline 0.001 -19"><span class='ocrx_word' id='word_1_179' title='bbox 272 3134 341 3203; x_wconf 91' lang='lat' dir='ltr'><strong>iure</strong></span> <span class='ocrx_word' id='word_1_180' title='bbox 360 3134 551 3203; x_wconf 87' lang='lat' dir='ltr'><strong>hereditario</strong></span> <span class='ocrx_word' id='word_1_181' title='bbox 573 3136 607 3201; x_wconf 94' lang='lat' dir='ltr'><strong>in</strong></span> <span class='ocrx_word' id='word_1_182' title='bbox 628 3140 815 3220; x_wconf 89' lang='lat' dir='ltr'><strong>perpetuum</strong></span> <span class='ocrx_word' id='word_1_183' title='bbox 834 3133 1046 3219; x_wconf 83' lang='lat' dir='ltr'><strong>optinendam</strong></span> <span class='ocrx_word' id='word_1_184' title='bbox 1068 3150 1130 3217; x_wconf 87' lang='lat' dir='ltr'><strong>que</strong></span> <span class='ocrx_word' id='word_1_185' title='bbox 1151 3130 1308 3200; x_wconf 82' lang='lat' dir='ltr'><strong>Pbaloovo</strong></span> <span class='ocrx_word' id='word_1_186' title='bbox 1329 3131 1502 3218; x_wconf 76' lang='lat' dir='ltr'><strong>vulgariter</strong></span> <span class='ocrx_word' id='word_1_187' title='bbox 1527 3139 1735 3219; x_wconf 86' lang='lat' dir='ltr'><strong>nuncupatur.</strong></span> <span class='ocrx_word' id='word_1_188' title='bbox 1779 3133 1817 3203; x_wconf 91' lang='lat' dir='ltr'><strong>ln</strong></span> 
     </span>
     <span class='ocr_line' id='line_1_21' title="bbox 270 3234 1818 3321; baseline 0 -16"><span class='ocrx_word' id='word_1_189' title='bbox 270 3237 398 3306; x_wconf 80' lang='lat' dir='ltr'><strong>maioris</strong></span> <span class='ocrx_word' id='word_1_190' title='bbox 418 3257 492 3306; x_wconf 83' lang='lat' dir='ltr'><strong>vero</strong></span> <span class='ocrx_word' id='word_1_191' title='bbox 513 3237 635 3306; x_wconf 90' lang='lat' dir='ltr'><strong>roboris</strong></span> <span class='ocrx_word' id='word_1_192' title='bbox 656 3237 848 3318; x_wconf 80' lang='lat' dir='ltr'><strong>duritatem,</strong></span> <span class='ocrx_word' id='word_1_193' title='bbox 871 3235 986 3303; x_wconf 76' lang='lat' dir='ltr'><strong>batres</strong></span> <span class='ocrx_word' id='word_1_194' title='bbox 1008 3235 1139 3303; x_wconf 84' lang='lat' dir='ltr'><strong>claustri</strong></span> <span class='ocrx_word' id='word_1_195' title='bbox 1158 3234 1332 3321; x_wconf 83' lang='lat' dir='ltr'><strong>supradicti</strong></span> <span class='ocrx_word' id='word_1_196' title='bbox 1357 3236 1526 3321; x_wconf 87' lang='lat' dir='ltr'><strong>sepedictis</strong></span> <span class='ocrx_word' id='word_1_197' title='bbox 1553 3237 1705 3305; x_wconf 90' lang='lat' dir='ltr'><strong>militibn&#39;s</strong></span> <span class='ocrx_word' id='word_1_198' title='bbox 1725 3237 1818 3305; x_wconf 90' lang='lat' dir='ltr'><strong>dede-</strong></span> 
     </span>
     <span class='ocr_line' id='line_1_22' title="bbox 272 3338 1818 3427; baseline 0.001 -20"><span class='ocrx_word' id='word_1_199' title='bbox 272 3345 348 3407; x_wconf 89' lang='lat' dir='ltr'><strong>runt</strong></span> <span class='ocrx_word' id='word_1_200' title='bbox 368 3341 532 3425; x_wconf 76' lang='lat' dir='ltr'><strong>semginta</strong></span> <span class='ocrx_word' id='word_1_201' title='bbox 550 3359 674 3408; x_wconf 87' lang='lat' dir='ltr'><strong>marcas</strong></span> <span class='ocrx_word' id='word_1_202' title='bbox 694 3339 817 3424; x_wconf 74' lang='lat' dir='ltr'><strong>arpenti</strong></span> <span class='ocrx_word' id='word_1_203' title='bbox 831 3338 1110 3423; x_wconf 81' lang='lat' dir='ltr'><strong>Brandburgensls,</strong></span> <span class='ocrx_word' id='word_1_204' title='bbox 1133 3339 1410 3406; x_wconf 89' lang='lat' dir='ltr'><strong>commutationem</strong></span> <span class='ocrx_word' id='word_1_205' title='bbox 1422 3344 1589 3425; x_wconf 90' lang='lat' dir='ltr'><strong>prenotam</strong></span> <span class='ocrx_word' id='word_1_206' title='bbox 1604 3341 1679 3427; x_wconf 86' lang='lat' dir='ltr'><strong>(sic)</strong></span> <span class='ocrx_word' id='word_1_207' title='bbox 1693 3341 1818 3408; x_wconf 85' lang='lat' dir='ltr'><strong>firmare</strong></span> 
     </span>
     <span class='ocr_line' id='line_1_23' title="bbox 272 3441 1818 3529; baseline 0.001 -19"><span class='ocrx_word' id='word_1_208' title='bbox 272 3442 442 3529; x_wconf 87' lang='lat' dir='ltr'><strong>cupientes.</strong></span> <span class='ocrx_word' id='word_1_209' title='bbox 485 3442 524 3509; x_wconf 91' lang='lat' dir='ltr'><strong>In</strong></span> <span class='ocrx_word' id='word_1_210' title='bbox 542 3443 637 3510; x_wconf 90' lang='lat' dir='ltr'><strong>buius</strong></span> <span class='ocrx_word' id='word_1_211' title='bbox 658 3443 704 3509; x_wconf 89' lang='lat' dir='ltr'><strong>rei</strong></span> <span class='ocrx_word' id='word_1_212' title='bbox 726 3443 940 3510; x_wconf 83' lang='lat' dir='ltr'><strong>testimonium</strong></span> <span class='ocrx_word' id='word_1_213' title='bbox 962 3446 996 3508; x_wconf 90' lang='lat' dir='ltr'><strong>et</strong></span> <span class='ocrx_word' id='word_1_214' title='bbox 1015 3441 1192 3508; x_wconf 87' lang='lat' dir='ltr'><strong>canthelnm</strong></span> <span class='ocrx_word' id='word_1_215' title='bbox 1213 3442 1448 3524; x_wconf 86' lang='lat' dir='ltr'><strong>evidentiorem,</strong></span> <span class='ocrx_word' id='word_1_216' title='bbox 1475 3449 1652 3528; x_wconf 83' lang='lat' dir='ltr'><strong>presentem</strong></span> <span class='ocrx_word' id='word_1_217' title='bbox 1672 3445 1818 3528; x_wconf 76' lang='lat' dir='ltr'><strong>peginam</strong></span> 
     </span>
     <span class='ocr_line' id='line_1_24' title="bbox 271 3544 1819 3632; baseline 0.001 -19"><span class='ocrx_word' id='word_1_218' title='bbox 271 3547 373 3613; x_wconf 87' lang='lat' dir='ltr'><strong>nostri</strong></span> <span class='ocrx_word' id='word_1_219' title='bbox 393 3545 488 3631; x_wconf 81' lang='lat' dir='ltr'><strong>sigilli</strong></span> <span class='ocrx_word' id='word_1_220' title='bbox 510 3547 682 3613; x_wconf 89' lang='lat' dir='ltr'><strong>munimine</strong></span> <span class='ocrx_word' id='word_1_221' title='bbox 705 3544 923 3613; x_wconf 87' lang='lat' dir='ltr'><strong>confirmemus</strong></span> <span class='ocrx_word' id='word_1_222' title='bbox 945 3545 1142 3630; x_wconf 79' lang='lat' dir='ltr'><strong>presentibus</strong></span> <span class='ocrx_word' id='word_1_223' title='bbox 1164 3545 1227 3612; x_wconf 89' lang='lat' dir='ltr'><strong>hiis</strong></span> <span class='ocrx_word' id='word_1_224' title='bbox 1249 3545 1402 3614; x_wconf 82' lang='lat' dir='ltr'><strong>testibus:</strong></span> <span class='ocrx_word' id='word_1_225' title='bbox 1425 3549 1540 3615; x_wconf 88' lang='lat' dir='ltr'><strong>comite</strong></span> <span class='ocrx_word' id='word_1_226' title='bbox 1553 3546 1717 3614; x_wconf 72' lang='lat' dir='ltr'><strong>sennam</strong></span> <span class='ocrx_word' id='word_1_227' title='bbox 1731 3547 1819 3632; x_wconf 87' lang='lat' dir='ltr'><strong>paln-</strong></span> 
     </span>
    </p>
   </div>
   <div class='ocr_carea' id='block_1_4' title="bbox 171 3648 1819 3733">
    <p class='ocr_par' dir='ltr' id='par_1_5' title="bbox 171 3648 1819 3733">
     <span class='ocr_line' id='line_1_25' title="bbox 171 3648 1819 3733; baseline 0.002 -17"><span class='ocrx_word' id='word_1_228' title='bbox 171 3662 176 3667; x_wconf 82' lang='grc'><em>·</em></span> <span class='ocrx_word' id='word_1_229' title='bbox 272 3649 340 3716; x_wconf 91' lang='lat' dir='ltr'><strong>tino</strong></span> <span class='ocrx_word' id='word_1_230' title='bbox 359 3648 576 3733; x_wconf 85' lang='lat' dir='ltr'><strong>Poznanicosi,</strong></span> <span class='ocrx_word' id='word_1_231' title='bbox 600 3648 727 3717; x_wconf 89' lang='lat' dir='ltr'><strong>domino</strong></span> <span class='ocrx_word' id='word_1_232' title='bbox 753 3648 922 3717; x_wconf 69' lang='lat' dir='ltr'><strong>Vincencio</strong></span> <span class='ocrx_word' id='word_1_233' title='bbox 954 3649 1141 3717; x_wconf 86' lang='lat' dir='ltr'><strong>cancellario</strong></span> <span class='ocrx_word' id='word_1_234' title='bbox 1166 3648 1384 3733; x_wconf 75' lang='lat' dir='ltr'><strong>Pomanicnsi,</strong></span> <span class='ocrx_word' id='word_1_235' title='bbox 1414 3651 1528 3719; x_wconf 84' lang='lat' dir='ltr'><strong>comite</strong></span> <span class='ocrx_word' id='word_1_236' title='bbox 1556 3649 1689 3719; x_wconf 83' lang='lat' dir='ltr'><strong>Nicolno</strong></span> <span class='ocrx_word' id='word_1_237' title='bbox 1717 3650 1819 3719; x_wconf 90' lang='lat' dir='ltr'><strong>iudice</strong></span> 
     </span>
    </p>
   </div>
   <div class='ocr_carea' id='block_1_5' title="bbox 270 3739 1819 4026">
    <p class='ocr_par' dir='ltr' id='par_1_6' title="bbox 270 3739 1819 4026">
     <span class='ocr_line' id='line_1_26' title="bbox 271 3739 1819 3840; baseline 0.001 -21"><span class='ocrx_word' id='word_1_238' title='bbox 271 3751 487 3837; x_wconf 75' lang='lat' dir='ltr'><strong>Pocnaniensi,</strong></span> <span class='ocrx_word' id='word_1_239' title='bbox 509 3751 636 3820; x_wconf 88' lang='lat' dir='ltr'><strong>domino</strong></span> <span class='ocrx_word' id='word_1_240' title='bbox 657 3750 822 3835; x_wconf 78' lang='lat' dir='ltr'><strong>Bogumilo</strong></span> <span class='ocrx_word' id='word_1_241' title='bbox 840 3752 1001 3836; x_wconf 89' lang='lat' dir='ltr'><strong>preposito</strong></span> <span class='ocrx_word' id='word_1_242' title='bbox 1022 3751 1063 3819; x_wconf 91' lang='lat' dir='ltr'><strong>dc</strong></span> <span class='ocrx_word' id='word_1_243' title='bbox 1083 3750 1233 3820; x_wconf 86' lang='lat' dir='ltr'><strong>Santoch.</strong></span> <span class='ocrx_word' id='word_1_244' title='bbox 1277 3751 1396 3819; x_wconf 90' lang='lat' dir='ltr'><strong>Detnm</strong></span> <span class='ocrx_word' id='word_1_245' title='bbox 1414 3753 1448 3820; x_wconf 93' lang='lat' dir='ltr'><strong>in</strong></span> <span class='ocrx_word' id='word_1_246' title='bbox 1469 3753 1596 3821; x_wconf 83' lang='lat' dir='ltr'><strong>Poznan</strong></span> <span class='ocrx_word' id='word_1_247' title='bbox 1617 3739 1701 3822; x_wconf 81' lang='lat' dir='ltr'><strong>anno</strong></span> <span class='ocrx_word' id='word_1_248' title='bbox 1717 3755 1819 3840; x_wconf 81' lang='lat' dir='ltr'><strong>gratie</strong></span> 
     </span>
     <span class='ocr_line' id='line_1_27' title="bbox 270 3853 1817 4026; baseline 0.002 -103"><span class='ocrx_word' id='word_1_249' title='bbox 270 3853 656 4026; x_wconf 46' lang='lat' dir='ltr'><strong>ffiffmnccmxx</strong></span> <span class='ocrx_word' id='word_1_250' title='bbox 687 3855 720 3921; x_wconf 92' lang='lat' dir='ltr'><strong>in</strong></span> <span class='ocrx_word' id='word_1_251' title='bbox 752 3854 803 3921; x_wconf 91' lang='lat' dir='ltr'><strong>die</strong></span> <span class='ocrx_word' id='word_1_252' title='bbox 835 3853 1012 3939; x_wconf 84' lang='lat' dir='ltr'><strong>Epiphanio</strong></span> <span class='ocrx_word' id='word_1_253' title='bbox 1042 3855 1169 3923; x_wconf 90' lang='lat' dir='ltr'><strong>Domini</strong></span> <span class='ocrx_word' id='word_1_254' title='bbox 1201 3873 1258 3942; x_wconf 88' lang='lat' dir='ltr'><strong>per</strong></span> <span class='ocrx_word' id='word_1_255' title='bbox 1289 3873 1401 3924; x_wconf 86' lang='lat' dir='ltr'><strong>manus</strong></span> <span class='ocrx_word' id='word_1_256' title='bbox 1431 3855 1573 3926; x_wconf 82' lang='lat' dir='ltr'><strong>Thiloms</strong></span> <span class='ocrx_word' id='word_1_257' title='bbox 1598 3857 1737 3926; x_wconf 87' lang='lat' dir='ltr'><strong>notbnrii</strong></span> <span class='ocrx_word' id='word_1_258' title='bbox 1764 3875 1817 3925; x_wconf 91' lang='lat' dir='ltr'><strong>cu·</strong></span> 
     </span>
    </p>
   </div>
   <div class='ocr_carea' id='block_1_6' title="bbox 375 4563 1818 4868">
    <p class='ocr_par' dir='ltr' id='par_1_7' title="bbox 375 4563 1818 4868">
     <span class='ocr_line' id='line_1_28' title="bbox 941 4563 1147 4653; baseline 0.01 -3"><span class='ocrx_word' id='word_1_259' title='bbox 941 4566 1014 4652; x_wconf 88' lang='lat' dir='ltr'><strong>Nr.</strong></span> <span class='ocrx_word' id='word_1_260' title='bbox 1045 4563 1147 4653; x_wconf 84' lang='lat'><strong>492.</strong></span> 
     </span>
     <span class='ocr_line' id='line_1_29' title="bbox 375 4761 1818 4868; baseline 0.003 -20"><span class='ocrx_word' id='word_1_261' title='bbox 375 4764 563 4849; x_wconf 82' lang='lat' dir='ltr'><strong>Secundus</strong></span> <span class='ocrx_word' id='word_1_262' title='bbox 589 4762 750 4847; x_wconf 82' lang='lat' dir='ltr'><strong>Promlnl</strong></span> <span class='ocrx_word' id='word_1_263' title='bbox 777 4763 853 4846; x_wconf 85' lang='lat' dir='ltr'><strong>dur</strong></span> <span class='ocrx_word' id='word_1_264' title='bbox 871 4761 1020 4846; x_wconf 87' lang='lat' dir='ltr'><strong>Potonie</strong></span> <span class='ocrx_word' id='word_1_265' title='bbox 1047 4769 1185 4849; x_wconf 78' lang='lat'>1280</span> <span class='ocrx_word' id='word_1_266' title='bbox 1211 4763 1313 4847; x_wconf 75' lang='lat' dir='ltr'><strong>Febr.</strong></span> <span class='ocrx_word' id='word_1_267' title='bbox 1332 4768 1376 4858; x_wconf 87' lang='lat'><strong>9,</strong></span> <span class='ocrx_word' id='word_1_268' title='bbox 1401 4761 1607 4868; x_wconf 71' lang='lat' dir='ltr'><strong>mitellam</strong></span> <span class='ocrx_word' id='word_1_269' title='bbox 1637 4785 1740 4852; x_wconf 82' lang='lat' dir='ltr'><strong>munic</strong></span> <span class='ocrx_word' id='word_1_270' title='bbox 1761 4785 1818 4853; x_wconf 83' lang='lat' dir='ltr'><strong>vil-</strong></span> 
     </span>
    </p>
   </div>
   <div class='ocr_carea' id='block_1_7' title="bbox 271 4882 1816 5170">
    <p class='ocr_par' dir='ltr' id='par_1_8' title="bbox 271 4882 1816 5170">
     <span class='ocr_line' id='line_1_30' title="bbox 271 4882 1816 4973; baseline 0 -20"><span class='ocrx_word' id='word_1_271' title='bbox 271 4885 319 4954; x_wconf 78' lang='lat' dir='ltr'><strong>lus</strong></span> <span class='ocrx_word' id='word_1_272' title='bbox 340 4886 520 4952; x_wconf 85' lang='lat' dir='ltr'><strong>monasterii</strong></span> <span class='ocrx_word' id='word_1_273' title='bbox 542 4904 567 4952; x_wconf 91' lang='lat' dir='ltr'><strong>s.</strong></span> <span class='ocrx_word' id='word_1_274' title='bbox 591 4884 750 4950; x_wconf 76' lang='lat' dir='ltr'><strong>vincentii</strong></span> <span class='ocrx_word' id='word_1_275' title='bbox 772 4884 804 4949; x_wconf 91' lang='lat' dir='ltr'><strong>in</strong></span> <span class='ocrx_word' id='word_1_276' title='bbox 826 4882 995 4966; x_wconf 86' lang='lat' dir='ltr'><strong>Wrocluw‚</strong></span> <span class='ocrx_word' id='word_1_277' title='bbox 1018 4884 1118 4952; x_wconf 75' lang='lat' dir='ltr'><strong>(lictus</strong></span> <span class='ocrx_word' id='word_1_278' title='bbox 1141 4885 1283 4970; x_wconf 70' lang='lat' dir='ltr'><strong>Opatdm</strong></span> <span class='ocrx_word' id='word_1_279' title='bbox 1306 4885 1487 4969; x_wconf 87' lang='lat' dir='ltr'><strong>Opatowiec</strong></span> <span class='ocrx_word' id='word_1_280' title='bbox 1503 4893 1536 4952; x_wconf 91' lang='lat' dir='ltr'><strong>ct</strong></span> <span class='ocrx_word' id='word_1_281' title='bbox 1558 4886 1669 4972; x_wconf 81' lang='lat' dir='ltr'><strong>Slupy‚</strong></span> <span class='ocrx_word' id='word_1_282' title='bbox 1688 4889 1816 4973; x_wconf 82' lang='lat' dir='ltr'><strong>amplis·</strong></span> 
     </span>
     <span class='ocr_line' id='line_1_31' title="bbox 271 4986 1314 5073; baseline 0.002 -19"><span class='ocrx_word' id='word_1_283' title='bbox 271 4988 358 5055; x_wconf 82' lang='lat' dir='ltr'><strong>simis</strong></span> <span class='ocrx_word' id='word_1_284' title='bbox 380 4988 559 5073; x_wconf 58' lang='lat' dir='ltr'><strong>privilegiis,</strong></span> <span class='ocrx_word' id='word_1_285' title='bbox 583 4987 728 5071; x_wconf 77' lang='lat' dir='ltr'><strong>ipsasque</strong></span> <span class='ocrx_word' id='word_1_286' title='bbox 750 4987 816 5052; x_wconf 85' lang='lat' dir='ltr'><strong>iure</strong></span> <span class='ocrx_word' id='word_1_287' title='bbox 834 4986 1026 5053; x_wconf 78' lang='lat' dir='ltr'><strong>lleummoo</strong></span> <span class='ocrx_word' id='word_1_288' title='bbox 1044 4987 1140 5055; x_wconf 83' lang='lat' dir='ltr'><strong>locari</strong></span> <span class='ocrx_word' id='word_1_289' title='bbox 1162 4990 1314 5056; x_wconf 78' lang='lat' dir='ltr'><strong>concutit</strong></span> 
     </span>
     <span class='ocr_line' id='line_1_32' title="bbox 381 5094 1542 5170; baseline 0.001 -15"><span class='ocrx_word' id='word_1_290' title='bbox 381 5095 539 5156; x_wconf 68' lang='lat' dir='ltr'><strong>lli-oclus.</strong></span> <span class='ocrx_word' id='word_1_291' title='bbox 586 5095 703 5170; x_wconf 79' lang='lat' dir='ltr'><strong>lr&#39;dnlpl.</strong></span> <span class='ocrx_word' id='word_1_292' title='bbox 727 5094 831 5153; x_wconf 80' lang='lat' dir='ltr'><strong>Stante</strong></span> <span class='ocrx_word' id='word_1_293' title='bbox 854 5094 970 5154; x_wconf 76' lang='lat' dir='ltr'><strong>Arellio.</strong></span> <span class='ocrx_word' id='word_1_294' title='bbox 1018 5095 1152 5157; x_wconf 78' lang='lat' dir='ltr'><strong>Matrica</strong></span> <span class='ocrx_word' id='word_1_295' title='bbox 1172 5114 1197 5160; x_wconf 81' lang='lat' dir='ltr'><strong>s.</strong></span> <span class='ocrx_word' id='word_1_296' title='bbox 1229 5096 1377 5158; x_wconf 80' lang='lat' dir='ltr'><strong>Vlrecentii</strong></span> <span class='ocrx_word' id='word_1_297' title='bbox 1399 5096 1447 5168; x_wconf 86' lang='grc'><strong>11,</strong></span> <span class='ocrx_word' id='word_1_298' title='bbox 1471 5108 1542 5156; x_wconf 71' lang='lat' dir='ltr'><strong>cuc</strong></span> 
     </span>
    </p>
   </div>
   <div class='ocr_carea' id='block_1_8' title="bbox 270 5269 1819 5591">
    <p class='ocr_par' dir='ltr' id='par_1_9' title="bbox 270 5269 1819 5591">
     <span class='ocr_line' id='line_1_33' title="bbox 374 5269 1818 5384; baseline 0.002 -20"><span class='ocrx_word' id='word_1_299' title='bbox 374 5297 410 5364; x_wconf 90' lang='lat' dir='ltr'><strong>ln</strong></span> <span class='ocrx_word' id='word_1_300' title='bbox 433 5297 558 5364; x_wconf 86' lang='lat' dir='ltr'><strong>nomino</strong></span> <span class='ocrx_word' id='word_1_301' title='bbox 579 5269 703 5363; x_wconf 86' lang='lat' dir='ltr'><strong>Domini</strong></span> <span class='ocrx_word' id='word_1_302' title='bbox 723 5315 823 5362; x_wconf 86' lang='lat' dir='ltr'><strong>amon.</strong></span> <span class='ocrx_word' id='word_1_303' title='bbox 869 5295 1008 5363; x_wconf 86' lang='lat' dir='ltr'><strong>llnmuni</strong></span> <span class='ocrx_word' id='word_1_304' title='bbox 1029 5299 1154 5379; x_wconf 69' lang='lat' dir='ltr'><strong>plosoris</strong></span> <span class='ocrx_word' id='word_1_305' title='bbox 1177 5299 1317 5366; x_wconf 78' lang='lat' dir='ltr'><strong>munros</strong></span> <span class='ocrx_word' id='word_1_306' title='bbox 1339 5300 1490 5367; x_wconf 88' lang='lat' dir='ltr'><strong>memoria</strong></span> <span class='ocrx_word' id='word_1_307' title='bbox 1511 5304 1664 5384; x_wconf 60' lang='lat' dir='ltr'><strong>penetus</strong></span> <span class='ocrx_word' id='word_1_308' title='bbox 1678 5298 1818 5383; x_wconf 77' lang='lat' dir='ltr'><strong>indigen·</strong></span> 
     </span>
     <span class='ocr_line' id='line_1_34' title="bbox 271 5399 1819 5486; baseline 0.003 -20"><span class='ocrx_word' id='word_1_309' title='bbox 271 5404 319 5466; x_wconf 79' lang='lat' dir='ltr'><strong>tes</strong></span> <span class='ocrx_word' id='word_1_310' title='bbox 340 5400 524 5485; x_wconf 88' lang='lat' dir='ltr'><strong>plemmquo</strong></span> <span class='ocrx_word' id='word_1_311' title='bbox 544 5401 584 5468; x_wconf 84' lang='lat' dir='ltr'><strong>ab</strong></span> <span class='ocrx_word' id='word_1_312' title='bbox 606 5399 764 5466; x_wconf 76' lang='lat' dir='ltr'><strong>leontinum</strong></span> <span class='ocrx_word' id='word_1_313' title='bbox 787 5399 905 5467; x_wconf 88' lang='lat' dir='ltr'><strong>noticia</strong></span> <span class='ocrx_word' id='word_1_314' title='bbox 925 5399 1117 5483; x_wconf 89' lang='lat' dir='ltr'><strong>dilabuutur,</strong></span> <span class='ocrx_word' id='word_1_315' title='bbox 1141 5420 1203 5486; x_wconf 79' lang='lat' dir='ltr'><strong>quse</strong></span> <span class='ocrx_word' id='word_1_316' title='bbox 1224 5403 1451 5486; x_wconf 86' lang='lat' dir='ltr'><strong>scripturarum</strong></span> <span class='ocrx_word' id='word_1_317' title='bbox 1482 5419 1537 5470; x_wconf 62' lang='lat' dir='ltr'><strong>stou</strong></span> <span class='ocrx_word' id='word_1_318' title='bbox 1568 5405 1696 5470; x_wconf 75' lang='lat' dir='ltr'><strong>testium</strong></span> <span class='ocrx_word' id='word_1_319' title='bbox 1717 5404 1819 5470; x_wconf 89' lang='lat' dir='ltr'><strong>muni·</strong></span> 
     </span>
     <span class='ocr_line' id='line_1_35' title="bbox 270 5501 1818 5591; baseline 0.001 -22"><span class='ocrx_word' id='word_1_320' title='bbox 270 5503 354 5570; x_wconf 88' lang='lat' dir='ltr'><strong>minc</strong></span> <span class='ocrx_word' id='word_1_321' title='bbox 375 5523 436 5570; x_wconf 91' lang='lat' dir='ltr'><strong>non</strong></span> <span class='ocrx_word' id='word_1_322' title='bbox 460 5510 655 5570; x_wconf 81' lang='lat' dir='ltr'><strong>renovantur.</strong></span> <span class='ocrx_word' id='word_1_323' title='bbox 701 5501 801 5586; x_wconf 78' lang='lat' dir='ltr'><strong>Igitur·</strong></span> <span class='ocrx_word' id='word_1_324' title='bbox 821 5505 973 5570; x_wconf 82' lang='lat' dir='ltr'><strong>univorsis</strong></span> <span class='ocrx_word' id='word_1_325' title='bbox 993 5504 1110 5570; x_wconf 81' lang='lat' dir='ltr'><strong>Christi</strong></span> <span class='ocrx_word' id='word_1_326' title='bbox 1133 5504 1278 5572; x_wconf 77' lang='lat' dir='ltr'><strong>lielellbus</strong></span> <span class='ocrx_word' id='word_1_327' title='bbox 1300 5525 1430 5589; x_wconf 70' lang='lat' dir='ltr'><strong>pensuros</strong></span> <span class='ocrx_word' id='word_1_328' title='bbox 1454 5507 1608 5591; x_wconf 88' lang='lat' dir='ltr'><strong>scriptum</strong></span> <span class='ocrx_word' id='word_1_329' title='bbox 1631 5508 1818 5591; x_wconf 71' lang='lat' dir='ltr'><strong>inspecturis</strong></span> 
     </span>
    </p>
   </div>
   <div class='ocr_carea' id='block_1_9' title="bbox 275 4111 1938 4335">
    <p class='ocr_par' dir='ltr' id='par_1_10' title="bbox 275 4111 1938 4335">
     <span class='ocr_line' id='line_1_36' title="bbox 375 4111 1818 4250; baseline 0.002 -17"><span class='ocrx_word' id='word_1_330' title='bbox 375 4165 534 4249; x_wconf 85' lang='lat' dir='ltr'><strong>Grozisce,</strong></span> <span class='ocrx_word' id='word_1_331' title='bbox 571 4169 727 4231; x_wconf 79' lang='lat' dir='ltr'><strong>Grodziel.</strong></span> <span class='ocrx_word' id='word_1_332' title='bbox 787 4163 966 4247; x_wconf 61' lang='lat' dir='ltr'><strong>Paradisum</strong></span> <span class='ocrx_word' id='word_1_333' title='bbox 1001 4169 1153 4246; x_wconf 63' lang='lat' dir='ltr'><strong>Paruum.</strong></span> <span class='ocrx_word' id='word_1_334' title='bbox 1207 4164 1375 4250; x_wconf 67' lang='lat' dir='ltr'><strong>mucoso,</strong></span> <span class='ocrx_word' id='word_1_335' title='bbox 1420 4167 1614 4234; x_wconf 67' lang='lat' dir='ltr'><strong>maculoso.</strong></span> <span class='ocrx_word' id='word_1_336' title='bbox 1669 4111 1818 4250; x_wconf 75' lang='lat' dir='ltr'><strong>Sentoch,</strong></span> 
     </span>
     <span class='ocr_line' id='line_1_37' title="bbox 275 4272 1938 4335; baseline 0.002 0"><span class='ocrx_word' id='word_1_337' title='bbox 275 4272 399 4335; x_wconf 78' lang='lat' dir='ltr'><strong>samoe</strong></span> <span class='ocrx_word' id='word_1_338' title='bbox 1934 4285 1938 4293; x_wconf 88' lang='lat'>&#39;</span> 
     </span>
    </p>
   </div>
   <div class='ocr_carea' id='block_1_10' title="bbox 2121 708 2232 3159">
    <p class='ocr_par' dir='ltr' id='par_1_11' title="bbox 2121 708 2232 3159">
     <span class='ocr_line' id='line_1_38' title="bbox 2121 708 2232 3159; textangle 90"><span class='ocrx_word' id='word_1_339' title='bbox 2168 3143 2176 3159; x_wconf 91' lang='lat'><strong>·</strong></span> <span class='ocrx_word' id='word_1_340' title='bbox 2124 2730 2230 3022; x_wconf 60' lang='grc' dir='ltr'><strong>Ξξξξ,</strong></span> <span class='ocrx_word' id='word_1_341' title='bbox 2155 2423 2227 2696; x_wconf 40' lang='grc' dir='ltr'><strong>ἒξε-</strong></span> <span class='ocrx_word' id='word_1_342' title='bbox 2157 1910 2213 2389; x_wconf 56' lang='grc' dir='ltr'><strong>ἓὲἓξε.</strong></span> <span class='ocrx_word' id='word_1_343' title='bbox 2144 1397 2232 1875; x_wconf 38' lang='grc' dir='ltr'><strong>ἦξε-ἕης</strong></span> <span class='ocrx_word' id='word_1_344' title='bbox 2121 1102 2204 1361; x_wconf 52' lang='grc' dir='ltr'><strong>εἷς</strong></span> <span class='ocrx_word' id='word_1_345' title='bbox 2167 779 2204 1053; x_wconf 62' lang='lat'><strong>2222</strong></span> <span class='ocrx_word' id='word_1_346' title='bbox 2191 708 2204 730; x_wconf 83' lang='lat'>.</span> 
     </span>
    </p>
   </div>
   <div class='ocr_carea' id='block_1_11' title="bbox 0 0 2242 6180">
    <p class='ocr_par' dir='ltr' id='par_1_12' title="bbox 0 0 2242 6180">
     <span class='ocr_line' id='line_1_39' title="bbox 0 0 2242 6180; baseline 0 2"><span class='ocrx_word' id='word_1_347' title='bbox 0 0 2242 6180; x_wconf 95' lang='lat' dir='ltr'><strong> </strong></span> 
     </span>
    </p>
   </div>
  </div>
 </body>
</html>
