4860 6180
433 445 510 523 tto

424 647 567 738 ,salutm
587 647 621 716 ln
640 647 775 718 Domino
804 649 1037 736 sempiternum.
1082 645 1163 714 cnm
1184 665 1206 714 u
1225 646 1318 732 longe
1344 641 1510 714 retroactis
1535 641 1730 726 temporebus
1755 659 1852 727 super
1871 640 1984 709 limiti·
2103 685 2107 692 -

430 751 492 820 bus
512 750 702 819 Lubeeem'as
721 758 755 820 et
776 751 972 820 <laminensis
992 749 1126 817 diocesis
1153 746 1311 816 discordia
1339 746 1517 827 haberetur,
1544 750 1579 813 et
1600 745 1671 829 ipsa
1696 763 1753 828 pier
1774 743 1983 812 venerabilem
2061 830 2062 835 Ἰ

434 858 557 940 patrem
578 859 612 921 et
632 854 901 939 archiepiscopum
917 853 1062 939 ,hironia
1084 852 1216 920 Estonie
1236 858 1271 919 et
1291 850 1427 929 Prutnio,
1449 847 1621 934 apostalice
1642 846 1734 914 Sedis
1754 846 1904 931 legatum,
1926 866 1984 931 per

432 955 560 1025 medum
581 957 678 1043 pacis,
700 964 807 1026 amoto
829 958 906 1024 iuris
927 957 1064 1041 strepitu
1085 956 1274 1025 concordata
1291 953 1389 1022 luerit
1408 958 1442 1021 et
1461 952 1582 1034 sedata
1605 950 1652 1018 ita
1670 949 1756 1033 quod
1777 955 1896 1018 terram
1922 949 1985 1019 Co-

432 1059 532 1129 sterin
565 1059 712 1146 deinceps
741 1060 874 1128 eeclesia
904 1059 1099 1129 Lubueensis
1127 1059 1288 1145 possidere
1312 1058 1436 1139 debeat,
1473 1062 1507 1124 et
1533 1061 1653 1124 terram
1677 1053 1792 1121 Thuita
1818 1071 1890 1121 eum
1917 1054 1985 1121 suis

432 1162 612 1233 atineneiis
632 1163 755 1247 integre
776 1162 971 1230 Carrinensis
989 1163 1121 1231 eeclesia
1141 1160 1324 1247 possidebit,
1352 1159 1539 1244 quibusdam
1566 1159 1600 1225 in
1626 1157 1736 1224 eaden
1764 1161 1853 1224 terra
1868 1156 1985 1224 l'huitn

435 1265 576 1352 exeeptis
597 1265 736 1346 decimis,
759 1264 815 1331 uui
835 1264 993 1332 duntaxat
1012 1263 1169 1349 prebende
1196 1261 1439 1348 pertinentibus,
1467 1259 1607 1346 Capituli
1636 1258 1842 1327 Lubeuensis:
1866 1259 1986 1344 suppli·

434 1367 515 1437 easti
535 1365 626 1435 nobis
645 1365 818 1449 humiliter,
839 1366 940 1450 ipsam
964 1366 1173 1449 concordiam,
1192 1366 1425 1434 ordinacionem
1454 1382 1511 1430 seu
1538 1362 1747 1445 sedaeiomm,
1769 1381 1790 1429 a
1809 1360 1901 1429 nobis
1922 1379 1988 1446 qua

434 1469 594 1556 largimur
613 1467 788 1537 uuwrimte
809 1467 998 1536 murman.
1042 1469 1110 1536 Nos
1131 1470 1237 1536 autem
1256 1467 1388 1536 eandem
1407 1471 1504 1552 prout
1523 1465 1608 1533 iuste
1636 1463 1723 1533 laeta
1749 1470 1801 1532 est
1821 1463 1987 1534 conlirma·

310 1642 315 1652 ,
434 1588 506 1639 mus
524 1577 559 1639 et
579 1577 689 1639 tenore
710 1570 914 1661 presencium
929 1570 1166 1641 communimus.
1210 1571 1328 1638 Datum
1348 1568 1553 1654 Mngdeburgi
1582 1566 1718 1653 septimo
1740 1566 1829 1635 Ydus
1850 1566 1983 1636 Decem·

433 1673 511 1760 bris,
528 1673 732 1763 pontificatus
753 1673 872 1743 domini
894 1673 1068 1744 clementis
1088 1674 1175 1762 Pape
1194 1673 1259 1742 1111
1280 1693 1364 1742 anno
1384 1672 1531 1742 seeundo.

538 1913 745 1999 &menna
766 1920 806 1982 e
825 1915 953 1983 ruent
974 1923 1032 1996 (na
1055 1920 1227 1996 nomm).
1272 1912 1473 1994 numus,
1494 1917 1604 1995 eoae
1624 1931 1702 1978 m.
1724 1897 1925 1992 mames
1948 1914 1988 1976 ee

436 2019 565 2089 lanea
608 2017 707 2090 Terra
721 2017 878 2104 Costerin,
899 2023 938 2087 de
950 2020 1146 2104 ltoldmprr,
1160 2043 1180 2086 z
1192 2021 1358 2088 mecla
1372 2020 1510 2085 detrirc.
1540 2015 1639 2085 Terra
1651 2014 1777 2098 mue,
1798 2019 1838 2081 dc
1855 2016 1986 2081 lltczrw.

1106 2368 1182 2458 Nn.
1211 2365 1314 2457 423.

539 2565 598 2651 rr.
615 2564 743 2670 dddu,
761 2565 823 2650 tit
840 2587 870 2648 a
887 2565 1084 2651 humanati
1100 2567 1143 2650 in
1166 2566 1309 2651 lucina
1333 2563 1453 2671 presb.
1471 2559 1684 2662 omdlnells,
1710 2559 1864 2666 apostol
1882 2557 1988 2644 Sedis

436 2687 595 2790 lagatus,
622 2707 653 2769 s.
679 2707 714 2772 a
741 2686 776 2770 d
803 2685 968 2769 etl-
1001 2690 1151 2786 (1267
1175 2685 1278 2770 Febr.
1311 2691 1357 2782 2,
1389 2683 1432 2767 in
1458 2681 1619 2766 daucido
1645 2680 1987 2786 wratislaviensi),

436 2805 505 2876 edit
524 2805 656 2876 Statuta
675 2805 856 2893 Synodalia,
879 2825 1024 2875 excessus
1045 2808 1198 2877 laicorum
1219 2812 1330 2877 contm
1350 2806 1531 2875 libertatem
1552 2803 1713 2874 Ecclesiae
1730 2803 1764 2871 iu
1785 2802 1918 2873 Pulonia
1937 2822 1986 2872 re·

439 2910 625 2996 mmeritis,
646 2909 766 2979 utalia
786 2911 820 2976 in
841 2910 949 2978 eadem
970 2910 1111 2980 Ecclesia
1131 2909 1335 2979 observanda
1831 2982 1834 2989 ,

541 3016 580 3080 ll.
602 3014 697 3091 Btcbe,
715 3018 948 3094 Amipreiecbnue
974 3017 1182 3082 descrimen.
1205 3017 1347 3096 spondet
1358 3035 1395 3096 p.
1409 3016 1643 3091 56.-liclcc1,
1667 3016 1866 3079 sturm
1878 3032 1988 3094 praua

354 3168 358 3173 .
438 3118 597 3198 Possem
613 3120 761 3198 pometiti.
806 3116 1022 3201 (sempe
1039 3121 1263 3198 potwindzcny
1284 3136 1398 3198 prm:
1423 3115 1583 3184 Ianuslaus
1604 3133 1630 3184 s.
1652 3113 1828 3184 Gneznens
1857 3114 1989 3186 ecclesie

436 3216 662 3305 archiepiscop.
690 3217 775 3284 135⁷
798 3217 866 3289 Ian.
891 3219 943 3303 10,
964 3220 999 3287 in
1019 3218 1133 3305 Kalis).

306 3484 309 3489 .
539 3424 644 3494 (luido
664 3423 868 3494 miseratione
885 3422 1099 3492 divina'titnll
1120 3424 1223 3492 sancti
1244 3423 1410 3493 Laurentii
1432 3423 1466 3490 in
1487 3422 1607 3492 Lucina
1627 3423 1796 3509 presbyter
1808 3423 1988 3510 cardinalia

438 3525 611 3613 apostolice
632 3525 723 3596 Sedis
744 3527 869 3613 legatus
890 3527 924 3593 in
944 3527 1105 3611 pruvincia
1122 3526 1261 3610 Polonie,
1281 3526 1323 3593 ad
1344 3530 1531 3612 perpetuam
1551 3527 1747 3613 memoriam,

356 3664 360 3675 ·
451 3713 457 3729 ·
539 3628 715 3715 Postquam
736 3629 824 3698 Deus
845 3630 992 3698 formavit
1011 3630 1170 3697 hominem
1190 3629 1231 3696 ad
1251 3629 1421 3714 magine-
1442 3634 1476 3697 et
1497 3629 1736 3698 similitudinem
1750 3647 1841 3698 suam
1854 3630 1889 3698 lu
1902 3636 1989 3701 etate

440 3729 535 3816 virili,
558 3732 718 3817 cumipse
739 3733 840 3801 eciam
858 3734 908 3799 ius
929 3731 1075 3800 naturale
1095 3731 1258 3816 produxit3
1280 3732 1330 3798 ius
1351 3732 1436 3799 enirn
1462 3731 1607 3800 naturale
1632 3733 1786 3817 origine·
1806 3751 1828 3800 a
1845 3737 1991 3802 creahm

437 3832 602 3902 rudonalis
623 3835 708 3920 cepit
729 3835 866 3903 merdic
911 3835 1001 3915 Quod
1021 3833 1148 3919 quidem
1169 3833 1210 3901 ad
1231 3833 1467 3919 dispositionem
1495 3854 1620 3903 omnen
1639 3834 1748 3903 mundi
1776 3835 1934 3904 nascentis
1956 3842 1991 3904 et

437 3935 590 4022 temporis
612 3942 734 4004 motum
755 3935 923 4020 sufficeret,
942 3937 970 4003 si
992 3954 1055 4004 uon
1076 3937 1137 4004 sibi
1157 3933 1301 4018 mortem,
1324 3955 1421 4021 quam
1435 3936 1521 4005 Deus
1532 3955 1597 4006 non
1611 3937 1696 4022 lecit,
1718 3938 1884 4006 rationalis
1902 3958 1989 4008 crea·

437 4041 512 4106 hura
531 4037 669 4123 propriis
688 4039 832 4106 manibus
854 4045 888 4106 et
908 4038 1039 4122 pedibus
1059 4039 1256 4122 quesivisset.
1300 4037 1369 4106 llee
1397 4039 1476 4106 iuris
1505 4040 1654 4109 instituta
1683 4041 1816 4124 primeri
1844 4043 1991 4127 protinus

437 4138 562 4208 iustitia
580 4141 717 4226 positiva
737 4139 949 4225 subsequitur,
971 4141 1013 4208 ab
1034 4141 1143 4209 eodern
1171 4140 1359 4224 regulariter
1376 4141 1557 4226 procedens,
1585 4143 1642 4228 qui
1670 4142 1731 4210 snb
1758 4145 1871 4212 mortis
1892 4145 1991 4212 inter·

331 4331 336 4339 ι
437 4241 610 4310 minatione
629 4262 769 4311 morsum
791 4244 876 4329 pomi
895 4243 1030 4310 nonalis
1049 4243 1224 4328 prohibuit3
1247 4262 1311 4328 qua
1332 4243 1562 4328 praehibitioue
1581 4252 1773 4331 mntempta,
1796 4247 1990 4316 maledictio-

437 4343 488 4411 nis
508 4345 670 4413 sententia
690 4345 809 4429 prodiit
829 4344 871 4412 ab
892 4347 1045 4413 Aucwre:
1067 4351 1105 4412 ut
1124 4364 1188 4412 non
1211 4350 1334 4412 mutum
1356 4345 1437 4412 ultio
1464 4345 1634 4415 inferretur
1663 4349 1696 4415 in
1723 4355 1869 4418 auctores
1893 4351 1990 4420 scele-

437 4463 518 4530 rum,
540 4465 650 4515 verum
670 4447 767 4515 etiam
788 4446 822 4513 in
844 4448 1006 4530 progenies
1026 4447 1257 4515 damuutorum.
1301 4447 1424 4516 Exhinc
1445 4466 1505 4515 usn
1527 4449 1689 4518 homiuum
1710 4451 1855 4536 erigene
1879 4459 1914 4521 et
1933 4454 1989 4521 do·

438 4548 536 4618 minio
558 4568 665 4618 rerum
681 4549 871 4630 introducto,
893 4549 978 4633 qued
999 4549 1077 4617 iuris
1098 4550 1231 4635 primevi
1248 4550 1358 4635 regula
1378 4552 1550 4634 nesciebat,
1570 4572 1610 4621 ex
1628 4553 1774 4622 humanis
1792 4556 1992 4624 necessitati·

437 4652 497 4722 bus
514 4655 650 4741 quedam
670 4654 732 4722 sibi
752 4654 824 4720 iura
845 4652 986 4722 hemines
1007 4654 1223 4724 condiderunt.
1267 4653 1396 4721 liadite
1417 4660 1493 4721 sunt
1514 4655 1609 4723 etiam
1630 4656 1752 4725 ednas
1781 4677 1838 4744 per
1858 4658 1991 4746 Meysen

437 4755 560 4826 iustitie
579 4757 664 4842 leges
693 4775 827 4842 quarum
853 4756 985 4840 singulis
1003 4777 1084 4843 pene
1104 4758 1235 4844 syllabis
1256 4756 1403 4825 christus
1424 4756 1609 4840 includitur3
1638 4758 1752 4828 deiude
1769 4762 1923 4847 prophete
1943 4762 1992 4829 in·

437 4866 615 4945 sequuntur
634 4865 669 4928 et
689 4878 779 4944 reges
800 4859 856 4943 qui
879 4859 999 4927 Christi
1019 4863 1168 4946 preconia
1187 4860 1379 4929 evidentiore
1400 4877 1545 4928 sermone
1565 4860 1761 4947 describunt3
1791 4863 1892 4934 donee
1912 4869 1991 4934 tem·

437 4963 524 5048 poris
552 4961 749 5049 plenitudiue
776 4962 931 5045 veniente,
964 4962 1096 5048 impleta
1124 4965 1259 5034 veritate
1286 4963 1458 5049 figurisque
1492 4965 1699 5050 cessantibus,
1728 4967 1798 5036 Rex
1825 4974 1934 5038 noster
1957 4969 1992 5039 iu

438 5070 582 5134 eternum
603 5064 675 5134 iura
695 5084 845 5132 mansura
865 5064 1029 5149 disposuit.
1075 5067 1158 5136 Date
1176 5074 1251 5136 sunt
1272 5068 1355 5136 enim
1376 5065 1473 5136 Petro
1495 5067 1598 5137 claves
1626 5078 1788 5156 perpetue,
1810 5092 1832 5141 a
1854 5090 1917 5157 quo
1943 5078 1992 5141 tu-

325 5195 329 5204 ·
439 5165 506 5235 cius
526 5167 605 5236 iuris
624 5167 828 5237 ecclesiastici
850 5167 1051 5251 pulchritudo
1072 5171 1222 5254 manavit,
1244 5191 1306 5257 que
1327 5169 1368 5240 ud
1390 5169 1531 5253 singulus
1552 5171 1739 5257 provincias,
1758 5173 1800 5241 ad
1821 5174 1993 5244 uindetnm

439 5267 473 5334 in
493 5268 674 5338 nationibus
696 5275 731 5339 et
751 5270 982 5354 increpationes
1003 5271 1036 5338 in
1059 5273 1184 5357 populis
1206 5272 1374 5354 faciendas,
1397 5290 1481 5340 nune
1502 5291 1560 5358 per
1580 5291 1775 5341 summorum
1799 5274 1993 5360 pontificum,

440 5387 524 5440 nunc
544 5391 602 5458 por
622 5371 712 5442 Sedis
733 5372 907 5460 apostolice
929 5374 1105 5460 legatorum
1126 5383 1258 5462 statuta,
1283 5384 1446 5461 nmquam
1462 5395 1522 5462 per
1541 5376 1694 5461 quosdam
1715 5376 1833 5446 medos
1847 5380 1995 5448 demana-
