4860 6180
973 488 1047 576 Nu.
1077 485 1179 578 477.

403 686 598 772 Boleslaus
625 687 702 770 dax
728 687 896 770 limosis
929 691 1061 770 1278
1087 687 1175 771 blai
1210 691 1256 784 4,
1288 686 1331 768 in
1361 684 1515 788 Plocalr3
1544 703 1854 789 mnfimotpossm

303 810 405 879 dones
425 807 608 875 monasterii
631 807 670 875 dc
692 807 797 875 dew
816 807 849 872 in
872 812 958 874 terra
979 827 1037 874 sua
1058 809 1146 889 sitris,
1170 807 1334 892 ipsumque
1352 825 1423 873 eum
1446 805 1557 873 incolis
1579 807 1724 874 villarum
1744 806 1853 891 ipsius,

303 920 454 997 tauquam
475 911 666 977 monasterio
687 911 726 977 do
747 909 851 977 Lubin
873 910 1266 994 pertirrom,·amplissimis
1288 909 1390 975 munit
1410 909 1592 994 privilegiis.

410 1017 606 1094 maumam
626 1018 836 1100 sporzqdzony
854 1033 965 1093 przez:
991 1011 1169 1078 Stanislaus
1190 1010 1230 1078 dc
1249 1010 1395 1078 Glazcwo
1414 1011 1528 1096 Impor.
1551 1009 1742 1078 auctoritato
1762 1014 1853 1075 notu·

305 1117 371 1186 rius
404 1114 548 1202 publicas
583 1113 666 1180 1415
699 1114 788 1200 Sept
827 1119 862 1197 l,
900 1115 934 1181 in
964 1114 1079 1199 oppido
1113 1113 1248 1196 Iezawc,
1280 1113 1322 1181 ad
1353 1114 1541 1181 instandam
1575 1111 1698 1179 Nicolai
1729 1110 1855 1178 abbatis

307 1217 504 1288 lubicensis

407 1319 544 1388 Potasti.
599 1325 719 1400 sonat.
756 1323 860 1386 &eote
894 1323 1014 1385 Arcbiu.
1047 1320 1156 1394 Ludit,
1191 1320 1245 1384 32.
1279 1354 1322 1366 -
1363 1321 1551 1400 Rzpsrczem.
1588 1319 1752 1383 Mucrkoru.
1786 1319 1854 1383 cod.

305 1428 483 1506 mmmmm
506 1427 609 1489 Polou
634 1426 661 1500 I,
684 1426 738 1490 Νι.
761 1426 813 1498 58,
835 1445 853 1487 z
872 1442 1012 1504 perpura
1035 1426 1160 1503 orppia,
1181 1421 1304 1502 lrtdrepo
1321 1420 1447 1508 plectet
1468 1424 1583 1486 radia

407 1609 446 1678 In
467 1609 593 1678 nomine
613 1609 741 1678 Domini
762 1628 863 1677 amen.
901 1608 951 1676 Ne
971 1608 1159 1676 donaciones
1180 1614 1214 1676 et
1235 1609 1490 1676 confirmaciones
1511 1606 1688 1692 principum
1713 1604 1855 1673 raciona-

307 1712 386 1783 bita
406 1712 596 1781 anemoria
620 1711 781 1779 hominurn
808 1709 985 1793 elabantur,
1013 1710 1143 1796 dignum
1167 1717 1218 1779 est
1243 1730 1297 1779 eas
1325 1712 1505 1779 litterarum
1530 1728 1568 1778 ac
1595 1709 1726 1776 testium
1754 1709 1856 1776 muni·

305 1815 390 1884 mim
407 1814 612 1900 perhennare
658 1813 855 1899 Quapmpter
873 1831 931 1880 nos
947 1811 1112 1881 Bolaslaus
1133 1813 1193 1881 Dei
1214 1814 1320 1898 gracia
1340 1812 1405 1880 dux
1430 1813 1574 1881 Mazovie
1594 1818 1705 1888 notum
1723 1810 1856 1878 brimus

305 1917 461 1987 uniuersis
482 1923 549 1986 tam
569 1917 768 2003 presentibus
789 1935 885 2000 quam
906 1914 1022 1983 futuris
1043 1921 1221 2001 presentem
1242 1919 1388 2002 paginam
1406 1915 1579 1998 habituris,
1600 1915 1686 2000 quod
1706 1913 1857 1998 inspectis

308 2019 463 2104 fidelibus,
486 2019 586 2106 gratis
608 2025 643 2087 et
662 2020 845 2088 necessariis
866 2018 1026 2103 obsequiis
1047 2018 1209 2086 reverendi
1222 2019 1283 2086 viri
1297 2018 1416 2088 domini
1436 2017 1569 2085 Martini
1588 2017 1713 2085 abbatis
1727 2014 1859 2084 claustri

305 2121 494 2191 lubinensis
515 2126 549 2189 et
562 2120 772 2206 Yeceriensis,
794 2121 922 2190 Ordinis
943 2123 1045 2191 sancti
1064 2121 1239 2205 Benedicti,
1260 2142 1322 2209 que
1343 2122 1433 2190 nobis
1447 2123 1481 2189 in
1493 2122 1612 2189 nostris
1625 2120 1734 2188 arduis
1752 2135 1859 2186 neres·

305 2225 455 2294 sitatibus
474 2223 610 2292 fideliter
631 2222 876 2293 demomtmuit:
908 2243 979 2293 eum
1009 2224 1093 2292 enim
1122 2225 1156 2292 in
1182 2226 1382 2311 expedicione
1408 2226 1442 2292 in
1465 2224 1613 2306 Polonia,
1646 2241 1718 2293 cum
1739 2222 1857 2289 dilecte

305 2327 404 2396 fratre
424 2333 533 2396 nostro
555 2327 661 2394 ilustri
679 2327 821 2412 principe
841 2327 968 2396 domino
990 2326 1164 2395 Wladislao
1184 2326 1266 2397 duee
1289 2327 1421 2413 Syradie
1441 2326 1609 2413 preliaturi
1633 2332 1746 2394 eontra
1773 2324 1860 2409 prin·

306 2431 407 2516 ripen
427 2429 600 2498 Henricum
620 2427 731 2497 duoem
749 2429 911 2514 Ologowie
939 2448 1038 2515 pmpe
1066 2428 1175 2497 Orivin
1198 2435 1338 2499 castrum
1358 2430 1535 2514 iuissemm,
1566 2428 1650 2496 idem
1669 2425 1859 2496 reuerendus

305 2533 519 2602 sitdominus
540 2531 639 2600 abbas
659 2532 750 2600 nobis
770 2533 907 2600 multum
925 2539 960 2601 et
979 2551 1128 2618 magnum
1148 2532 1299 2601 bonorem
1320 2532 1464 2601 exhibuit
1485 2539 1520 2600 et
1533 2549 1687 2618 expensas
1701 2531 1859 2616 copiosius

306 2636 513 2717 ministravit3
546 2639 580 2703 et
604 2633 691 2720 quod
719 2635 821 2702 maius
843 2640 895 2703 est
918 2637 1131 2720 memoriaque
1159 2635 1255 2703 recoli
1283 2635 1424 2720 dignum
1456 2653 1528 2702 eum
1556 2633 1693 2719 quadm
1718 2633 1860 2700 noctium

306 2737 429 2821 bostes,
455 2738 597 2806 homines
628 2736 728 2804 tortas
753 2735 832 2804 dieti
860 2737 1012 2822 principis
1041 2736 1208 2822 Glogouie,
1237 2738 1393 2807 stationes
1418 2737 1576 2804 exercitus
1601 2737 1703 2804 nostri
1723 2735 1862 2804 btenter

307 2839 572 2909 murmurem
593 2839 764 2924 dampnum
784 2839 875 2907 nobis
896 2838 1013 2907 inferre
1033 2840 1206 2925 cupientes,
1228 2839 1370 2925 prefatus
1391 2838 1491 2907 abbas
1508 2845 1604 2925 pmut
1624 2838 1727 2906 fidelis
1748 2837 1789 2905 ad
1803 2856 1861 2905 nos

310 2943 419 3012 eadem
442 2946 536 3010 nocte
555 2941 685 3027 pmpria
705 2942 740 3008 in
760 2959 896 3025 persona
915 2942 1054 3025 veniens,
1075 2942 1167 3010 nobis
1179 2942 1341 3010 incursum
1360 2941 1500 3009 bostium
1519 2941 1689 3008 eorundem
1707 2940 1863 3008 vmadter

311 3043 480 3115 indicarit:
510 3061 585 3111 mox
614 3045 803 3128 quantocius
831 3050 866 3112 et
883 3045 1010 3112 caucius
1030 3043 1072 3112 ad
1092 3043 1197 3112 locum
1216 3044 1388 3112 indicatum
1415 3045 1574 3126 misimus,
1599 3045 1656 3128 qul
1686 3042 1863 3110 sencientes
1910 3082 1913 3087 -

308 3145 414 3232 lugam
435 3146 584 3231 inierunt,
607 3165 688 3232 quos
710 3148 813 3215 nostri
832 3165 934 3232 usque
955 3147 996 3215 ad
1017 3153 1156 3216 omnum
1179 3146 1287 3215 Oriuin
1309 3152 1385 3214 sunt
1403 3147 1538 3215 uiriliter
1558 3147 1732 3231 perseeutl;
1754 3146 1863 3229 sicque

307 3268 366 3318 nos
386 3255 422 3318 et
440 3255 568 3318 nostros
589 3250 778 3318 reverendus
804 3254 854 3317 vir
881 3256 916 3318 et
943 3248 1045 3317 fidelis
1066 3250 1311 3334 premuniendo,
1339 3270 1360 3319 a
1379 3250 1515 3318 maximo
1537 3249 1673 3334 dampno
1696 3252 1730 3315 et
1750 3247 1862 3316 mortis

307 3353 446 3438 periculo
474 3352 611 3425 fideliter
638 3353 796 3435 liberavit3
827 3372 885 3437 pro
914 3370 953 3420 eo
983 3352 1049 3441 sibi
1073 3357 1216 3448 nostram
1244 3353 1382 3437 graciam
1412 3352 1635 3438 spopondimus
1665 3351 1861 3436 ampliorem.

312 3454 455 3540 Cumque
472 3457 662 3524 reuerendus
682 3457 732 3523 vir
752 3455 850 3523 obbas
871 3456 1032 3541 predictus
1053 3455 1095 3523 all
1116 3474 1174 3540 nos
1195 3457 1229 3544 in
1249 3456 1366 3546 Ploczlr
1388 3458 1515 3524 undem
1533 3456 1702 3542 aliquando
1716 3461 1791 3541 post
1805 3455 1863 3522 ali-
1995 3466 2000 3473 ·
2034 3467 2038 3476 ·

312 3563 392 3644 (μοι
412 3559 563 3644 “mm
584 3560 727 3644 ΨΜ)
747 3560 895 3641 Venisse&
917 3577 974 3643 lm
1000 3558 1187 3642 quibusdam
1216 3560 1331 3644 graciis
1358 3558 1466 3627 domui
1494 3559 1678 3627 Yezeviensi
1702 3557 1863 3639 sedendis,

308 3661 521 3730 msidmtibus
541 3662 666 3731 dilectis
687 3663 806 3738 nostris
826 3662 910 3745 filiis,
930 3661 1090 3731 Semovite
1111 3663 1258 3730 videlieet
1279 3669 1312 3731 et
1333 3663 1491 3748 Troydino
1512 3661 1644 3729 ducibus
1665 3667 1700 3728 et
1719 3660 1792 3728 aliis
1807 3660 1863 3727 ba·

309 3766 448 3849 renibus,
470 3766 561 3834 nobis
583 3765 746 3834 humiliter
766 3766 969 3851 supplicavit,
989 3767 1078 3834 cuius
1099 3766 1284 3833 meritorum
1305 3765 1465 3833 benefieiis
1486 3764 1577 3832 nobis
1592 3764 1732 3848 inpensis
1746 3781 1863 3831 memo·

311 3869 391 3936 riter
411 3867 585 3937 recolentes
607 3875 641 3936 et
662 3868 873 3936 assessoribus
894 3868 1007 3935 seriem
1028 3867 1250 3935 beneficiorum
1271 3867 1369 3952 ipsius
1391 3874 1599 3952 exponentes,
1627 3866 1774 3951 precibus
1795 3865 1864 3934 eius

309 3971 413 4055 dignis
429 3971 598 4038 annuimus
618 3972 768 4056 graciose.
811 3970 919 4052 Unde,
949 3976 1079 4054 propter
1103 3989 1191 4054 spem
1212 3962 1249 4038 et¹
1274 3970 1408 4037 salutem
1429 3971 1495 4037 uite
1521 3977 1629 4037 eterne
1655 3988 1751 4054 quam
1773 3967 1863 4036 nobis

309 4091 330 4140 a
347 4074 482 4142 Domino
503 4080 538 4141 et
559 4075 676 4140 nostris
698 4073 968 4158 predecessoribus
990 4091 1027 4139 ae
1048 4072 1183 4156 posteris
1203 4079 1398 4157 exoptamus,
1427 4072 1467 4140 de
1487 4073 1644 4141 communi
1667 4073 1797 4139 oonsilio
1816 4072 1863 4137 di-

310 4175 462 4244 lectorum
483 4176 620 4244 filiorum
640 4183 819 4244 nostrorum
840 4176 1051 4261 predictorum
1077 4181 1111 4243 et
1136 4175 1289 4242 baronum
1317 4174 1424 4243 favore
1453 4181 1488 4243 et
1508 4194 1651 4257 assensu,
1683 4176 1810 4243 domurn
1832 4181 1865 4271 et

311 4267 418 4346 sillem
438 4280 471 4346 in
493 4280 607 4347 Yezow
629 4286 663 4346 et
680 4280 739 4346 has
757 4281 848 4346 villas
876 4279 917 4345 ad
946 4277 1076 4346 eandem
1105 4277 1146 4345 ab
1175 4280 1305 4362 antiquo
1331 4279 1540 4363 pertinentes,
1568 4279 1716 4346 videlieet
1734 4278 1864 4358 Geram,

310 4380 657 4465 lassinino,ll1ioulimo
679 4388 713 4449 et
736 4382 945 4462 Orosnovam,
967 4381 1158 4448 monasterio
1180 4381 1350 4447 Lubinensi
1373 4388 1406 4448 et
1427 4381 1579 4448 fratribus
1600 4382 1715 4448 ibidem
1737 4381 1864 4447 Ordinis

311 4485 414 4552 moed
434 4484 598 4552 Benedicti
620 4486 738 4552 durium
759 4505 780 4551 a
799 4485 943 4568 patribus
965 4484 1082 4551 uostris
1102 4483 1233 4551 collatos
1255 4489 1288 4550 et
1307 4485 1472 4568 ascriptas,
1496 4484 1618 4567 profatu
1637 4484 1763 4551 domino
1779 4483 1864 4549 Mar·

311 4588 379 4654 tino
400 4587 507 4656 abbati
530 4594 564 4655 et
585 4590 651 4654 suis
674 4587 914 4667 successoribus,
945 4585 1082 4653 claustro
1111 4586 1292 4666 Lubineosi,
1323 4605 1394 4654 cum
1416 4587 1562 4653 omnibus
1589 4586 1865 4668 utilitatibusque

312 4707 396 4759 nunc
418 4691 451 4758 in
465 4691 582 4759 eisdem
597 4698 672 4757 sarit
685 4697 718 4757 et
733 4691 940 4774 inposterum
956 4689 1022 4754 lieri
1039 4694 1198 4771 poterunt,
1214 4690 1246 4755 in
1261 4696 1447 4773 perpolitum
1463 4689 1666 4774 possidendas
1680 4691 1866 4756 innovantes

314 4793 486 4861 addicimus
508 4800 542 4861 ot
563 4793 757 4861 conferentes
784 4790 982 4877 presentibus
1007 4791 1223 4876 sollempniter
1244 4793 1481 4873 eorrfirmamus3
1511 4792 1652 4859 volentes
1679 4798 1713 4859 et
1733 4793 1866 4858 tirmiter

316 4900 507 4979 statuentes,
532 4902 569 4962 ut
593 4896 675 4962 sicut
700 4903 806 4979 patres
834 4895 934 4960 nostri
961 4893 1187 4961 afuralacionc
1213 4895 1341 4962 ecclesio
1362 4896 1446 4962 dicto
1468 4897 1593 4962 (tomum
1616 4895 1730 4962 ibidem
1753 4897 1866 4960 Yrsac·

314 4997 463 5082 viensom,
484 4997 634 5066 Omliacm
656 5000 756 5065 sancti
778 4999 940 5066 llcnulieti
963 5004 997 5063 ot
1016 4998 1130 5064 iratres
1148 4999 1207 5063 sub
1229 5000 1338 5064 suillam
1361 4998 1436 5064 inibi
1460 5000 1525 5066 ltro
1547 4999 1721 5065 militantes
1745 4997 1866 5064 illibate

316 5100 383 5168 sinc
397 5102 526 5186 quercla
539 5109 753 5184 servas-emm,
775 5105 821 5169 sic
837 5104 935 5170 eciam
951 5107 985 5167 ot
1000 5121 1057 5167 nos
1073 5121 1144 5169 cunr
1159 5105 1278 5168 uostris
1295 5103 1429 5187 postoris
1445 5109 1478 5168 ot
1496 5102 1729 5168 suecessoribus
1748 5101 1866 5168 dictam

314 5201 451 5290 domum,
474 5205 624 5274 Ordinem
645 5212 678 5274 ct
699 5205 813 5274 iratres
835 5207 949 5274 ibidem
971 5208 1039 5273 sine
1062 5206 1239 5274 mutacione
1260 5211 1294 5274 et
1312 5206 1397 5274 omni
1413 5206 1542 5291 quercla
1555 5223 1739 5274 coriscrvme
1753 5203 1866 5273 merite

1657 5323 1694 5380 tt
