4860 6180
433 368 508 448 386

432 571 616 645 Prondotha
635 572 675 641 de
696 574 860 645 &lamus
887 575 945 643 Dei
967 574 1074 660 gracia
1099 572 1265 658 episcopus
1295 571 1512 641 Cracoriunsis
1539 568 1751 655 significamus
1778 573 1888 637 tenura
1915 585 1988 653 pre·

432 677 569 747 madum
586 676 701 761 quibus
721 679 849 764 expolit
876 679 1029 747 universis
1053 682 1087 744 at
1113 676 1245 760 siugulis
1267 683 1333 745 tum
1368 676 1566 761 presentibus
1584 681 1689 759 'quam
1715 673 1832 741 futuris
1861 689 1988 758 presen-

432 783 516 852 cium
536 781 686 851 noticiam
708 782 875 866 habituris,
897 782 1052 868 quomodo
1071 781 1112 848 ad
1134 782 1381 866 postulacionem
1402 787 1436 848 et
1455 779 1696 866 suplicaciouem
1712 777 1918 844 illustrissimi
1931 777 1988 845 do·

433 885 511 954 mini
521 884 660 955 Bolcslai
671 885 731 954 bei
744 887 852 971 gracia
864 885 953 952 ducis
968 884 1193 966 cracoviensis,
1209 883 1480 967 Sandomiriensis,
1496 879 1714 950 ltadomiensis
1729 886 1763 948 et
1775 880 1987 963 Lublinansis‚

433 1007 529 1074 quam
548 987 617 1057 aelo
639 988 817 1056 devocionis
837 994 871 1056 et
892 989 997 1056 animo
1018 988 1156 1056 contrito
1174 1006 1212 1054 ac
1231 987 1344 1054 devoto
1366 992 1404 1054 ut
1427 987 1468 1056 ad
1490 986 1593 1053 Deum
1615 989 1822 1053 consueverat
1841 981 1989 1052 exhibere

433 1095 469 1161 et
489 1097 565 1160 bruc
583 1090 736 1173 exhibuit,
759 1097 797 1157 ut
818 1091 980 1159 emlesmm
1002 1091 1036 1158 iu
1056 1091 1133 1159 villa
1153 1089 1240 1158 dicta
1260 1090 1421 1175 Druguya,
1443 1108 1507 1175 que
1527 1087 1660 1156 ecclesia
1678 1087 1719 1154 de
1739 1106 1820 1155 novo
1849 1085 1913 1155 fuit
1932 1106 1989 1172 per

434 1192 592 1282 promtum
613 1193 724 1261 ducam
746 1194 927 1261 Boleslaum
949 1202 1056 1263 erecta
1076 1201 1111 1262 et
1133 1200 1316 1262 constructa
1335 1195 1368 1259 in
1384 1193 1534 1260 honorem
1549 1191 1608 1258 Dei
1624 1190 1850 1274 omnipotentis
1869 1196 1903 1257 et
1915 1189 1990 1258 bea·

435 1303 540 1367 torum
560 1295 727 1364 martirum
746 1296 923 1379 Laurencii,
947 1297 1164 1366 Bartholomei
1186 1303 1220 1365 et
1241 1295 1432 1381 sigismundi
1454 1295 1538 1378 regis
1551 1294 1663 1375 incliti,
1688 1311 1942 1362 consecraremus
1955 1298 1990 1362 et

434 1399 662 1469 dedicaremus:
686 1417 782 1482 quam
802 1400 966 1468 ecclesiam
987 1400 1129 1485 prelatus
1147 1400 1292 1468 dominus
1313 1398 1478 1467 Boleslaus
1497 1397 1585 1482 prius
1606 1406 1716 1465 nostro
1730 1396 1813 1465 irato
1828 1404 1863 1465 et
1877 1397 1988 1466 habito

437 1519 592 1573 consensu
605 1502 784 1569 construxit
797 1507 831 1569 et
843 1500 987 1571 fraudavit
1000 1521 1038 1570 ac
1056 1503 1096 1570 de
1110 1523 1200 1571 muro
1214 1508 1248 1571 et
1261 1502 1417 1586 lapidibus
1437 1499 1576 1568 limavit
1595 1506 1629 1568 et
1642 1501 1738 1568 certa
1754 1499 1821 1567 suis
1843 1501 1932 1568 bouis
1952 1519 1991 1569 ac
2063 1538 2065 1540 v
2171 1526 2174 1531 ·

434 1603 608 1692 privilegis
618 1603 748 1671 donavit
762 1610 797 1672 et
811 1606 955 1686 contulit,
965 1606 1110 1674 videlieet
1120 1605 1270 1674 calicibus
1279 1605 1401 1673 duobus
1411 1604 1579 1690 argenteis,
1591 1604 1712 1671 ornatis
1727 1603 1867 1689 quinque
1880 1605 1920 1671 de
1934 1623 1991 1689 po·

435 1713 569 1791 curem,
583 1706 819 1792 duoautiped'm
829 1707 925 1775 etiam
936 1708 976 1776 de
989 1716 1155 1794 postavecz
1167 1728 1239 1776 cum
1253 1727 1340 1791 auro,
1356 1709 1516 1794 reliquias,
1532 1708 1592 1776 boc
1603 1714 1653 1777 ost
1664 1726 1792 1799 manum
1803 1707 1991 1775 fabricatam

436 1811 478 1880 de
496 1814 629 1896 argento
643 1815 678 1877 ct
691 1809 886 1893 deauratam,
906 1811 939 1878 iu
961 1830 1056 1895 quarn
1077 1813 1227 1898 reliquias
1242 1812 1385 1896 proprias
1405 1812 1507 1879 sanati
1521 1809 1713 1896 sigismundi
1727 1810 1773 1877 ibi
1785 1810 1875 1878 dedit
1887 1815 1923 1877 et
1935 1810 1992 1877 do·

436 1913 535 1998 nevit,
554 1919 589 1982 et
601 1913 709 1981 omnia
722 1913 788 1981 alia
799 1914 975 1981 amassetis
988 1915 1183 2000 pertinencia
1200 1914 1356 2000 disposuit
1370 1919 1404 1981 et
1417 1914 1591 1996 ordinavit;
1613 1913 1742 1997 insuper
1759 1913 1855 1997 agris,
1879 1913 1991 1996 pratis,

434 2017 546 2104 gangim
565 2015 678 2099 barra,
699 2016 798 2098 silvis,
814 2016 1045 2099 kmethonibns,
1064 2017 1194 2102 piscinis
1215 2035 1274 2103 pro
1293 2016 1426 2101 plebano
1448 2015 1570 2100 prefate
1583 2015 1713 2084 ecclesie
1727 2020 1760 2082 et
1773 2015 1992 2082 miumumum

435 2119 567 2203 dotavit,
581 2118 712 2188 donavit
731 2127 765 2187 et
787 2119 930 2187 fundavit
950 2138 989 2188 ac
1009 2121 1159 2189 limitavit
1173 2126 1326 2206 perpetue
1346 2125 1380 2187 et
1400 2119 1434 2186 in
1455 2138 1558 2202 evum,
1573 2122 1668 2202 prout
1681 2119 1716 2185 in
1731 2118 1894 2202 privilegio
1908 2118 1992 2185 eius·

436 2223 509 2292 darn
529 2221 660 2292 ecclesie
673 2221 773 2289 lecim
787 2222 983 2290 continetur:
1006 2241 1064 2290 nos
1078 2223 1163 2290 illins
1177 2220 1386 2308 peticionibus
1399 2221 1529 2290 aclinoti
1550 2227 1702 2306 tanquam
1716 2221 1819 2303 iustis,
1835 2220 1992 2306 prefatam

436 2323 600 2395 malasiam
620 2324 655 2390 in
676 2323 827 2393 bonorem
848 2326 911 2393 Dei
931 2326 1156 2410 omnipotentis
1177 2332 1211 2393 et
1230 2325 1397 2393 beatarum
1418 2324 1595 2406 Muneneii,
1624 2321 1827 2408 sigismundi,
1855 2322 1992 2392 Bartho-

435 2425 530 2496 lomoi
549 2431 702 2511 paones
723 2423 972 2496 comecravimus
994 2431 1028 2495 et
1048 2428 1262 2496 dedicavimus
1280 2428 1331 2496 die
1344 2427 1500 2497 dominico
1516 2427 1658 2512 pmximo
1672 2433 1747 2512 post
1759 2426 1874 2495 letum
1889 2425 1992 2494 sancti

435 2530 578 2614 Martini,
597 2531 632 2597 in
653 2548 716 2614 quo
737 2530 790 2597 die
810 2529 966 2615 prefatum
987 2530 1103 2599 festum
1125 2531 1335 2599 dedicacionis
1350 2530 1570 2599 celebrabitur.
1599 2529 1733 2614 Insuper
1747 2530 1788 2598 ad
1802 2530 1993 2615 peticionem

437 2631 554 2721 prolati
574 2633 694 2701 domini
715 2631 852 2700 Boleslai
874 2633 1010 2701 decimas
1031 2634 1109 2701 duas
1131 2634 1171 2702 de
1192 2634 1277 2702 villis
1298 2636 1426 2718 nostris,
1448 2634 1595 2718 videlicet
1615 2632 1767 2718 Drugnya
1785 2640 1819 2701 et
1831 2631 1993 2715 Palstola,

436 2743 471 2806 at
490 2738 531 2807 de
551 2735 697 2806 omnibus
718 2736 943 2804 kunethonibus
964 2757 1002 2805 ac
1023 2739 1129 2819 curiis
1151 2757 1189 2806 ac
1210 2739 1307 2806 etiam
1325 2737 1462 2806 decimas
1484 2739 1518 2804 in
1537 2737 1669 2822 Ruthlry
1691 2755 1799 2804 mense
1818 2743 1936 2818 nostre,
1950 2735 1993 2803 ad
2088 2791 2103 2816 ,
2170 2704 2173 2713 ¹

435 2839 592 2927 prefatam
620 2838 785 2908 ecclesiam
811 2839 846 2907 in
875 2837 1029 2925 Drugnya
1054 2840 1177 2922 damus,
1208 2841 1404 2925 assignamm
1426 2847 1460 2908 et
1480 2842 1716 2925 incorporamus
1745 2845 1779 2906 et
1805 2838 1993 2907 ascribimus

436 2947 588 3029 perpetuae
609 2947 644 3010 et
664 2941 698 3009 in
719 2961 821 3010 evum.
865 2942 903 3010 In
925 2943 1014 3010 cuius
1035 2943 1082 3010 rei
1098 2944 1313 3012 testimonum
1327 2943 1465 3028 sigillum
1479 2950 1624 3011 nostrum
1638 2943 1837 3026 presentibus
1852 2947 1903 3009 est
1916 2941 1990 3010 sub-

436 3062 621 3145 appsnsum.
653 3045 769 3112 Actum
784 3049 819 3112 et
830 3045 940 3112 mlum
956 3045 989 3113 iu
1009 3064 1091 3113 nova
1112 3046 1241 3113 civitate
1263 3044 1404 3132 Corczyn
1425 3046 1505 3115 feria
1526 3047 1640 3131 quinta
1660 3051 1737 3113 aute
1750 3045 1866 3113 testum
1882 3051 1994 3114 sancto

437 3146 625 3229 Katlrorine,
656 3165 739 3214 auno
761 3146 889 3214 Domini
915 3148 1080 3216 millesimo
1106 3147 1320 3215 ducentesimo
1338 3149 1531 3232 sexagesimo
1557 3155 1667 3217 octavo
1689 3149 1772 3235 (sie),
1793 3148 1993 3234 presentibus

436 3249 552 3318 ibidem
572 3248 819 3317 venerabilibus:
842 3249 942 3318 Paulo
964 3250 1004 3317 de
1024 3249 1223 3334 Prnymacorr
1245 3250 1374 3334 decano,
1394 3250 1534 3319 Iohanne
1555 3251 1595 3319 de
1613 3251 1747 3338 Byelsza
1759 3251 1990 3335 archidiacono,

435 3351 588 3438 Procopio
609 3351 649 3419 de
671 3351 876 3420 Wratislavia
897 3352 1036 3434 custode,
1058 3351 1186 3419 Andrus
1207 3350 1247 3420 de
1268 3352 1506 3438 Rapbalovycze
1527 3355 1687 3437 canonico,
1715 3352 1881 3437 Michaele,
1913 3353 2015 3421 Gre-w

436 3455 535 3542 gorio,
557 3454 716 3525 cononicis
734 3455 866 3524 ecclesio
887 3460 995 3524 nosue
1016 3454 1207 3523 cathedralis
1229 3454 1444 3526 Craoovieusis
1465 3462 1500 3524 et
1513 3456 1656 3542 prelatis,
1678 3463 1712 3526 et
1725 3456 1799 3526 aliis
1813 3475 1909 3541 quam
1923 3456 1994 3542 plu-

438 3557 528 3645 rlrnla
547 3557 634 3628 circa
654 3556 819 3644 premissa

541 3761 716 3847 samoe,
750 3735 934 3831 baama.
977 3764 1139 3850 nmgnya,
1172 3768 1324 3846 amma.
1367 3764 1530 3850 emeca,
1563 3764 1681 3849 suam
1714 3763 1783 3832 rm
1814 3769 1870 3831 aar
1899 3785 1994 3834 m.

439 3863 529 3936 Nouo
549 3864 663 3936 clrltos
684 3865 837 3954 Gorczyn,
859 3871 1010 3951 Korczgm
1306 3912 1311 3921 ·

1111 4166 1185 4251 Nn.
1217 4161 1319 4250 439.

540 4363 708 4448 mosas
736 4365 930 4469 episcopus
958 4361 1825 4468 atcapitulumaccleaiaPunnanions.1269
1854 4362 1880 4446 J
1880 4363 1933 4445 ul.
1950 4369 1997 4462 2,

437 4465 601 4570 Pomm
619 4485 740 4553 donant
760 4485 912 4553 tratribus
934 4484 1061 4552 Ordinis
1085 4483 1303 4552 cisterciensis
1318 4483 1358 4550 dc
1372 4482 1545 4567 Dobrvlug,
1568 4484 1601 4549 in
1617 4483 1752 4551 Zemsko
1768 4484 1995 4551 monasterium

439 4586 559 4671 erigere
579 4587 826 4670 intendentibus,
848 4587 984 4655 decimas
1005 4587 1045 4653 de
1066 4587 1142 4654 villa
1164 4586 1308 4672 praelata
1336 4605 1394 4653 nec
1423 4605 1485 4654 non
1507 4586 1548 4653 dc
1570 4587 1801 4672 quinquaginta
1822 4588 1941 4655 mansis
1962 4587 1996 4654 in

439 4706 566 4758 nemore
586 4689 671 4757 dicto
693 4688 811 4757 Sokola
832 4690 989 4775 dpbrowa.

543 4797 685 4874 Pergam
716 4797 834 4874 orygis.
878 4796 928 4857 rl⁷u
954 4797 1128 4857 sznrvrlruclr
1146 4795 1299 4872 jedroudn.
1328 4812 1472 4858 cremore
1499 4798 1725 4875 przymieszorm
1747 4797 1823 4859 droie
1837 4797 1998 4873 podiatae

434 4899 607 4982 picczfcic5
624 4901 777 4976 pteram
797 4900 941 4976 sepeliris
962 4904 1080 4971 starum·
1098 4900 1198 4976 dntpm
1223 4899 1370 4976 d'apilrrlp
1393 4893 1611 4974 Pozrmrislcidj,
1633 4907 1778 4976 usieczee
1796 4907 1886 4969 Vllll.

543 4995 681 5068 Pomori.
728 5001 849 5079 Kdnigl.
875 5002 980 5063 Staats
1001 5002 1118 5065 .·lrcldu.
1164 5003 1271 5064 Blescn
1293 5001 1322 5061 ὃ.

543 5202 581 5270 In
603 5202 730 5270 nomine
750 5202 878 5270 Domini
900 5222 1001 5271 amen.
1047 5203 1113 5272 Nos
1133 5206 1171 5272 Α.
1195 5204 1254 5272 Dei
1271 5203 1380 5286 gracia
1400 5202 1576 5287 episcopus,
1598 5203 1624 5270 1.
1647 5204 1836 5290 propositus,
1855 5204 1881 5272 1.
1904 5205 1996 5274 deca·

449 5321 520 5388 nus,
543 5310 708 5392 totumque
731 5303 913 5392 Capitulum
934 5306 1065 5376 ecclesio
1085 5306 1319 5390 Pozaauieusis,
1341 5307 1503 5394 cupientes
1523 5306 1663 5375 divinum
1691 5308 1811 5375 cultum
1834 5308 1867 5375 in
1889 5314 2000 5376 nostra

2335 580 2399 2704 &353382325-132252223-2-323-

2361 2981 2399 3043 ξ
