4476 6180
300 472 377 548 isa

300 680 443 744 catorum
463 674 497 740 in
518 673 659 759 Polonia,
678 676 813 745 salutem
834 682 869 744 et
891 677 1012 743 sincere
1033 675 1067 741 in
1089 674 1224 742 Domino
1245 672 1390 741 caritatis
1411 670 1570 740 aiioetnm.
1601 669 1711 737 Zoium
1731 664 1852 736 anima·

300 796 371 846 rum
393 776 544 845 habentes
569 798 739 864 earumque
768 779 915 865 periculis
941 797 1105 846 occurrere
1130 784 1264 863 patema
1286 774 1498 843 sollicitudine
1523 771 1722 840 intendentes
1750 775 1785 837 et
1812 768 1853 837 de
1974 782 1978 786 ’

300 880 439 965 ipsarum
460 880 636 964 cogitantes
657 883 770 965 saluta,
784 881 890 963 robis,
913 880 954 949 do
976 881 1065 949 cuius
1085 881 1145 949 tide
1166 900 1205 949 ac
1227 879 1510 963 circumspeccione
1531 877 1655 961 plenam
1669 875 1703 941 in
1717 873 1853 941 Domino

301 983 447 1052 udaeam
475 980 664 1066 obtinemus,
697 984 891 1068 presencium
919 988 1117 1066 tenoreque
1145 982 1304 1066 iungimus
1332 981 1524 1049 auctoritate
1550 978 1786 1058 committimus,
1816 982 1854 1043 ut

301 1104 374 1155 cam
394 1092 524 1171 propter
544 1087 744 1155 1111111111
770 1107 807 1155 ae
833 1086 1030 1154 diffusionem
1057 1085 1227 1166 llioeesum
1255 1086 1471 1168 episcoporum
1499 1080 1723 1165 occupationes
1745 1077 1854 1146 multi·

301 1188 553 1275 pictaviorum
575 1189 757 1256 discrimina
778 1197 812 1257 et
838 1189 919 1257 alias
947 1189 1054 1272 piures
1080 1206 1203 1269 causas,
1233 1186 1372 1270 episcopi
1392 1185 1454 1268 ipsi
1480 1183 1620 1250 dioceses
1645 1200 1730 1263 suas,
1759 1187 1855 1266 prout

301 1309 429 1360 marum
451 1295 485 1357 et
506 1289 703 1357 subditorum
724 1292 886 1375 expoliret
907 1294 1083 1359 animarum
1101 1290 1208 1372 saluti,
1231 1289 1355 1356 aculem
1376 1305 1452 1355 suos
1473 1285 1617 1353 subditos
1638 1285 1779 1366 visimre,
1806 1282 1856 1350 vel

302 1392 419 1462 subditi
436 1394 499 1477 ipsi
520 1391 561 1460 ad
583 1392 709 1460 11111111
731 1392 893 1478 episcopos
920 1413 977 1478 pro
1003 1395 1134 1462 diversis
1162 1392 1286 1461 msibus
1314 1397 1412 1475 atque
1440 1389 1594 1470 11111111,
1628 1393 1696 1455 tam
1721 1386 1762 1454 de
1787 1385 1857 1453 iure

303 1495 461 1563 communi
482 1513 577 1580 quarn
599 1513 657 1579 per
677 1503 803 1564 nostras
829 1503 863 1564 et
890 1496 1056 1581 synodales
1082 1496 1327 1563 constitutiones
1354 1493 1431 1560 solis
1456 1490 1657 1576 pontificibus
1678 1487 1857 1569 reservatis,

163 1590 168 1600 '
302 1600 373 1664 tute
389 1596 439 1664 vel
461 1597 622 1666 commode
642 1615 705 1664 nou
726 1599 849 1681 possint
877 1598 1034 1680 accedero,
1061 1605 1095 1665 et
1121 1599 1166 1665 sic
1193 1596 1286 1664 multi
1312 1599 1497 1663 remaneam
1525 1593 1559 1659 in
1586 1598 1717 1677 peceato
1745 1590 1796 1658 rel
1817 1607 1857 1657 ex

302 1698 365 1766 biis
386 1699 490 1767 ausis
511 1699 579 1768 sine
600 1699 800 1768 absolutione
820 1701 987 1769 decedant:
1017 1699 1099 1768 tales
1123 1717 1180 1766 ros
1207 1703 1242 1765 et
1269 1698 1368 1781 aliqui
1393 1696 1583 1764 maturiores
1604 1700 1639 1763 et
1661 1693 1857 1761 honestiores

301 1800 427 1884 batres,
447 1820 530 1869 nnus
551 1801 697 1868 videlicet
715 1820 773 1886 pro
794 1802 937 1887 quolibet
958 1808 1113 1871 conventu
1133 1801 1218 1868 dicte
1236 1799 1415 1886 provincio,
1429 1816 1509 1882 quos
1532 1798 1575 1865 ad
1588 1797 1649 1865 hoe
1662 1795 1857 1864 discrecione

302 1903 411 1988 proris
430 1902 584 1970 dmeritis
603 1903 772 1988 eligendos,
790 1905 830 1972 do
849 1904 975 1972 casibus
996 1905 1123 1971 omnino
1141 1902 1284 1985 occultis,
1305 1901 1453 1970 videlicet
1472 1900 1655 1982 incestibus,
1678 1897 1854 1978 adulteriis,

303 2011 434 2090 peceato
456 2009 567 2073 eontra
589 2011 746 2089 naturam,
768 2008 945 2091 procuratis
959 2006 1186 2089 aborcionibus,
1209 2007 1372 2074 maleficiis
1384 2013 1419 2075 ot
1436 2006 1470 2072 in
1483 2054 1491 2071 .
1504 2055 1536 2072 ..
1558 2001 1747 2071 itacionibus
1760 2007 1858 2085 atquo

303 2106 475 2191 1111111ςὶ11
496 2107 625 2192 possitis
646 2108 808 2178 absolvero
829 2115 864 2177 et
884 2128 1050 2177 numerum
1070 2128 1164 2194 agere
1190 2128 1262 2178 euru
1291 2110 1419 2191 eisdem,
1447 2107 1597 2191 imposita
1617 2106 1664 2172 eis
1689 2123 1746 2189 pro
1765 2104 1858 2189 culpe

302 2209 416 2278 merito
436 2216 533 2295 prout
553 2229 609 2279 vos
630 2217 664 2279 et
691 2212 753 2296 ipsi
779 2209 896 2280 tratres
924 2212 1070 2296 expedire
1100 2212 1243 2280 videritis
1272 2211 1452 2296 penitencia
1478 2208 1622 2289 1111111,
1653 2213 1688 2275 at
1715 2206 1858 2275 iniuncto

302 2311 381 2397 ipsis
401 2311 571 2380 secundum
594 2312 808 2380 diversitatem
827 2332 967 2396 casuum,
990 2313 1074 2398 quod
1095 2314 1135 2382 de
1156 2315 1226 2383 iura
1247 2314 1365 2382 talibus
1387 2312 1486 2380 inerit
1503 2311 1737 2396 iniungendum.
1780 2309 1859 2377 Pro·

302 2413 445 2482 hebenus
465 2419 583 2496 autem,
602 2433 643 2482 ne
663 2414 723 2482 hoc
744 2415 909 2499 publicetis
927 2417 1012 2484 inter
1032 2416 1163 2500 tratres;
1186 2418 1242 2485 sed
1262 2417 1425 2502 sigillatim
1445 2415 1560 2482 dicatis
1582 2413 1711 2482 cuilibet
1730 2413 1858 2480 iliorum

303 2534 383 2601 quos
402 2516 444 2583 ad
464 2516 525 2584 boc
543 2516 698 2585 duxeritis
719 2516 892 2602 eligendos:
911 2519 988 2602 quia
1008 2520 1037 2586 si
1058 2519 1118 2586 hoc
1140 2520 1240 2602 tieret,
1264 2525 1372 2605 posset
1389 2517 1560 2603 aliquando
1575 2517 1659 2584 inter
1673 2516 1811 2602 prelatas
1825 2520 1860 2583 et

303 2635 360 2687 ros
381 2617 563 2687 smndaium
585 2618 732 2703 suboriri,
753 2619 838 2705 quod
856 2621 984 2688 omnino
1005 2620 1150 2689 volumus
1171 2623 1295 2690 evitari.
1338 2619 1529 2690 Huiusmodi
1550 2625 1659 2688 autern
1685 2617 1859 2687 concessio·

301 2737 376 2787 nem
393 2720 537 2788 volumus
557 2721 738 2806 perdurare,
761 2723 823 2790 nisi
845 2742 902 2807 per
923 2724 1064 2810 prelatos
1085 2725 1303 2809 communiter,
1324 2725 1375 2793 vel
1393 2742 1452 2809 per
1471 2722 1596 2807 aliquos
1616 2739 1726 2789 eorum
1751 2721 1859 2804 singu
1977 2791 1979 2795 ,
2054 2723 2056 2726 ‘

302 2820 414 2890 lrm'ter
431 2822 481 2890 vel
502 2823 692 2908 specialiter,
714 2824 802 2893 nobis
824 2843 881 2893 seu
903 2825 1013 2895 electis
1033 2827 1156 2896 adhoc
1184 2826 1337 2896 tratribus
1365 2832 1424 2894 aut
1449 2844 1559 2893 eorum
1587 2822 1745 2907 aliquibus
1772 2822 1861 2891 dieta

303 2928 445 3009 potesta
465 2921 762 2994 moriturarum
805 2927 924 2994 Datum
949 2930 1035 3014 apud
1065 2932 1290 2998 monesterium
1315 2929 1356 2997 de
1379 2928 1539 2996 Henrioov
1557 2926 1587 2994 V
1608 2926 1686 2996 lum
1711 2925 1859 3010 Augusti,

173 3114 179 3125 ι
303 3025 482 3097 Indioriono
499 3029 631 3113 decima,
654 3029 856 3113 pontificatus
877 3030 997 3099 domini
1015 3033 1146 3101 Martini
1164 3033 1251 3120 Papo
1271 3030 1336 3100 1111
1357 3050 1441 3099 anno
1462 3029 1610 3099 secundo.

1863 1958 1883 2031 i

409 3231 578 3317 HenniooV,
597 3235 665 3299 dxii
680 3255 701 3299 z
717 3239 884 3302 aicmieoto
905 3240 1099 3305 scameras

917 3525 920 3529 ’
959 3525 1051 3622 nr.
1083 3530 1185 3618 olo.

410 3724 599 3810 Secundus
625 3726 805 3810 Pronialo
833 3730 910 3810 dux
937 3729 1085 3813 Polouio
1103 3734 1236 3812 1282
1253 3730 1344 3813 lior.
1363 3735 1411 3827 ὃ,
1427 3728 1471 3813 in
1487 3730 1652 3834 Poenam
1696 3747 1863 3818 mnarum

303 3845 505 3914 donationem
532 3847 762 3931 proprietatum
788 3847 963 3916 Kwarczan
989 3856 1023 3918 et
1043 3849 1234 3934 Wielauiei,
1264 3850 1423 3934 quondam
1451 3851 1493 3918 ab
1519 3870 1578 3919 avo
1607 3870 1665 3919 suo
1686 3850 1860 3919 wladislao

303 3947 383 4016 duos
403 3947 552 4016 Poloniae
573 3949 689 4017 Donum
711 3949 844 4017 militiae
865 3949 1134 4036 Templi'iactam,
1159 3954 1308 4038 ipsasque
1328 3953 1443 4038 amplis
1462 3953 1665 4022 libertatibus
1685 3953 1799 4021 munit.
1904 4008 1905 4011 ,

411 4054 607 4132 transumpsi
625 4056 853 4134 pomierdzonq
872 4074 984 4134 przez:
1007 4055 1170 4123 conradus
1185 4058 1321 4140 episcop.
1337 4055 1513 4125 Lubucens.
1534 4055 1616 4124 1284
1630 4055 1711 4124 Nor.
1729 4055 1780 4139 13,
1795 4074 1822 4123 s.
1838 4055 1860 4122 1

414 4155 604 4220 Woblbrtlck.
653 4157 756 4219 Gescb
778 4158 808 4221 d.
832 4160 953 4220 chemel.
978 4161 1129 4223 Bormam
1150 4160 1248 4224 Leuc
1270 4161 1444 4241 1,p.145.

406 4392 450 4407 -
477 4393 522 4406 -
549 4374 607 4424 nos
625 4356 779 4424 secundus
800 4357 957 4428 Premimo
979 4361 1037 4428 Dei
1058 4363 1162 4446 gratia
1181 4362 1245 4429 dux
1267 4362 1397 4431 Polonie
1418 4370 1530 4431 notum
1549 4364 1691 4446 iacimus,
1713 4365 1863 4449 -quod

304 4494 349 4509 -
367 4495 411 4510 -
433 4477 504 4527 eam
525 4458 739 4539 donacionem,
762 4477 858 4542 quarn
880 4480 958 4528 avus
980 4469 1088 4529 noster
1109 4464 1244 4532 illustris
1264 4466 1411 4550 princeps
1432 4466 1578 4534 dominus
1593 4467 1775 4536 Vlodislaus
1796 4469 1861 4536 dux

303 4559 433 4629 Polonie
454 4562 494 4628 de
515 4578 669 4629 consensu
689 4561 803 4629 diiecto
825 4565 980 4630 consortis
1001 4583 1057 4633 sue
1078 4566 1203 4633 domine
1226 4566 1389 4652 liudwigis
1416 4574 1450 4636 et
1480 4567 1616 4637 filiorum
1637 4589 1776 4654 suorum,
1806 4560 1884 4642 clo?

303 4663 383 4730 mini
403 4661 562 4730 Premizlii
584 4664 686 4747 prauis
705 4666 806 4732 nostri
829 4665 988 4733 karissimi
1010 4687 1129 4736 necnon
1156 4670 1275 4736 domini
1305 4670 1455 4756 Bolezlay
1481 4674 1587 4756 patrui
1614 4675 1716 4742 nostri
1743 4674 1862 4757 dilecti,

302 4762 474 4833 venerabili
496 4765 603 4832 domui
626 4766 743 4833 milicie
764 4767 885 4852 Templi
905 4768 1117 4855 fratribusque
1137 4771 1180 4838 ad
1201 4791 1272 4838 cam
1294 4773 1527 4857 pertinentibus
1548 4795 1643 4860 super
1660 4779 1863 4862 proprietati·

302 4866 362 4936 bus
385 4865 514 4934 interius
535 4869 655 4935 notatis
677 4868 742 4935 vite
764 4888 821 4936 sue
840 4872 1033 4955 temporibus
1055 4873 1291 4943 racionabiliter
1313 4875 1439 4959 temerat,
1463 4876 1645 4956 Quarcsano
1667 4879 1815 4949 videlieet
1829 4887 1863 4949 et
2144 4880 2204 4953 neri

304 4971 439 5038 Velaves
461 4989 532 5038 cum
554 4972 1301 5059 111111111111111111111111111
1328 5016 1390 5062 -,
1418 4979 1459 5046 ds
1488 4985 1598 5047 nostra
1622 5000 1686 5050 non
1711 4982 1787 5050 licta
1810 5003 1864 5050 vo-
2143 4987 2204 5054 Vio

304 5073 428 5143 inritato
450 5079 485 5140 ot
514 5073 633 5160 salubri
661 5073 770 5140 habito
800 5081 980 5142 nostrorum
1010 5076 1161 5146 baronum
1188 5082 1320 5149 oonsilio
1338 5083 1524 5150 innovamus
1550 5085 1668 5151 uostris
1692 5087 1864 5171 privilegiis
2202 5136 2204 5143 ι

303 5173 463 5243 stabiliter
484 5175 715 5257 continuantes,
739 5177 787 5244 ita
808 5177 964 5261 videlieet,
994 5181 1078 5263 quod
1108 5183 1170 5249 iam
1198 5183 1283 5251 dicte
1309 5186 1520 5269 proprietates
1546 5187 1659 5253 domus
1684 5187 1805 5273 Templi
1822 5191 1864 5258 ab
2202 5161 2204 5241 1

305 5277 454 5346 omnibus
477 5278 694 5345 exactionibus
716 5277 872 5345 Polouieis
893 5289 927 5348 et
947 5282 1150 5350 Tbeuttonicis
1171 5286 1262 5353 uobis
1284 5294 1318 5353 et
1339 5289 1459 5355 uostris
1479 5288 1649 5355 baronibus
1679 5292 1864 5375 pertinenti·
2140 5280 2204 5326 Μ

305 5377 375 5464 bus,
396 5388 429 5450 et
449 5399 558 5449 omnes
580 5381 653 5447 ville
677 5380 753 5465 ipsis
774 5383 983 5466 subiacentes,
1004 5393 1157 5471 perpetuo
1177 5389 1243 5454 siut
1264 5389 1391 5473 punitus·
1419 5388 1565 5458 absolute
1586 5412 1606 5459 1
1627 5397 1743 5476 sirone,
1765 5415 1786 5463 a
1807 5413 1864 5462 ua·
2141 5363 2233 5503 ω’,

2201 5655 2232 5827 li

2201 5830 2238 6031 1Χ
