4860 6180
434 476 509 551 502

431 693 539 743 soram
557 676 801 745 ecclesiasticam
823 675 1033 760 appellatione
1047 674 1224 758 postposita
1237 673 1462 758 compescendi,
1484 672 1616 741 liberam
1631 672 1689 741 tibi
1705 672 1897 742 auctoritate
1909 691 1982 757 pre-

431 777 568 845 sentium
587 779 786 846 concedimus
805 778 1001 859 imultmom3
1028 794 1090 844 nou
1116 776 1328 859 obstantibus,
1359 777 1388 845 si
1409 777 1568 860 aliquibus
1589 797 1611 845 a
1631 777 1712 846 Sele
1737 778 1912 862 apostolica
1939 776 1984 846 sit

430 879 599 963 indultum,
621 881 706 967 qued
726 882 767 948 ad
789 881 996 966 provisionem
1017 865 1149 945 alicuius
1175 881 1303 946 minime
1334 885 1509 960 tenmntor,
1539 880 1686 963 quodque
1716 880 1756 947 de
1784 880 1924 947 ecclesiis
1949 885 1984 946 et

432 982 591 1051 &noticiis
612 982 833 1052 ecdesiasticis
854 983 896 1050 ad
917 998 1025 1049 eorum
1046 981 1284 1065 dispositionem
1302 982 1519 1065 spectantibus
1534 981 1613 1048 nuelli
1627 982 1731 1049 valam
1743 983 1911 1066 provideri,
1926 1001 1983 1049 seu

292 1078 299 1090 ’
431 1085 518 1170 qued
537 1085 633 1152 adid
654 1087 809 1171 compelli,
832 1084 986 1164 interdici,
1005 1084 1164 1167 suspendi,
1186 1083 1236 1148 vel
1257 1084 1519 1151 excommunicari
1540 1102 1604 1150 non
1625 1083 1749 1167 possint
1773 1102 1831 1167 per
1857 1083 1982 1150 litteras

432 1187 523 1256 Sedis
543 1189 693 1278 mundam,
715 1208 778 1255 non
800 1187 949 1255 incientes
968 1188 1094 1270 plenam
1114 1192 1148 1252 ct
1171 1203 1351 1268 expensam
1372 1185 1413 1251 de
1433 1186 1557 1252 indulto
1576 1185 1754 1253 huiusmodi
1780 1187 1981 1253 mentionem.

432 1289 586 1358 Volumus
607 1296 724 1369 sotem,
747 1288 831 1373 qood
853 1288 898 1354 bii
919 1288 1093 1372 quibusda
1114 1286 1292 1353 huiusmodi
1314 1285 1464 1368 molestis,
1492 1306 1602 1354 coram
1630 1288 1806 1354 animarum
1827 1305 1983 1354 onnemm

432 1392 631 1475 habentibus,
653 1391 781 1459 dononio
802 1391 1037 1475 providendum,
1060 1409 1095 1458 se
1116 1390 1156 1456 ad
1179 1389 1304 1457 ordines
1326 1407 1406 1471 quos
1424 1389 1593 1456 eorundem
1615 1407 1694 1456 cura
1714 1389 1848 1472 requirit
1864 1387 1985 1456 sermm
2057 1466 2062 1474 ,

431 1494 563 1563 statutis
583 1493 778 1578 temporibus
800 1495 990 1576 promoveri,
1013 1498 1047 1560 et
1067 1492 1275 1577 personaliter
1296 1491 1456 1559 resideant
1477 1491 1510 1557 in
1532 1491 1667 1558 eisdem:
1690 1490 1831 1575 alioquin
1844 1489 1885 1556 ab
1897 1489 1984 1557 omni

432 1595 501 1664 iore
522 1596 606 1680 qood
627 1595 673 1663 eia
694 1595 728 1662 in
750 1595 827 1679 ipsis
847 1595 986 1663 eeclesiis
1006 1593 1102 1662 luerit
1122 1595 1322 1678 anquisitum,
1344 1613 1382 1661 eo
1403 1595 1472 1678 ipso
1493 1594 1609 1662 cadunt
1638 1595 1727 1660 iuxta
1751 1598 1874 1661 statuta
1901 1591 1984 1660 con·

432 1697 499 1768 cilii
519 1697 748 1784 Lugdunensis
792 1696 911 1767 Datorn
931 1696 1016 1783 apud
1038 1695 1158 1766 Urbem
1180 1697 1318 1763 veterem
1339 1695 1387 1762 1v
1405 1695 1514 1765 Nonas
1535 1695 1619 1779 lulii,
1638 1714 1721 1764 anno
1739 1701 1866 1781 quamn.

1102 1993 1177 2078 Nn.
1209 1988 1309 2078 542

536 2187 724 2274 mundos
750 2189 910 2273 Premial
936 2191 1014 2272 dur
1040 2187 1191 2272 Palania
1217 2191 1353 2270 1284
1378 2187 1477 2292 hug.
1493 2195 1528 2287 1,
1545 2189 1588 2273 in
1604 2189 1777 2292 lichiam
1818 2205 1986 2274 confimat

432 2311 540 2380 emnia
567 2309 732 2396 privilegia
758 2311 907 2378 ecclesiae
941 2309 1120 2378 Gnernensi
1147 2329 1169 2376 a
1197 2309 1488 2393 praedecessoribus
1522 2309 1588 2377 suis
1620 2309 1705 2390 dato,
1739 2308 1984 2393 archiepiscopis

431 2430 507 2480 raro
528 2412 578 2479 los
599 2411 735 2479 habendi
755 2418 914 2479 monetam
935 2411 1094 2496 propriam
1115 2410 1150 2477 in
1170 2411 1299 2479 dotata
1311 2400 1393 2477 Znin
1411 2417 1446 2478 et
1465 2410 1651 2479 cmtedanie
1671 2411 1711 2478 de
1737 2410 1807 2496 lad
1830 2409 1985 2479 wdcedb

541 2518 705 2595 momnis
726 2519 856 2595 apum,
874 2535 896 2579 u
921 2514 1045 2594 aesopo
1065 2532 1108 2578 aa
1121 2518 1240 2594 parmie
1259 2518 1323 2579 uici
1345 2518 1507 2601 ppsorrpcb
1530 2519 1718 2580 mmmm
1741 2512 1867 2601 pieczpd
1889 2516 1986 2580 Prae·

432 2621 578 2699 minan
597 2620 726 2703 dapem·
750 2623 894 2694 (placeas
909 2626 1004 2691 vxvi

541 2723 683 2786 meva.
726 2722 846 2784 mliv.
876 2722 1010 2800 cepero
1033 2720 1268 2799 scarapsus
1289 2721 1406 2783 aa-
1436 2717 1620 2803 Roctpaislci,
1652 2723 1722 2785 Caci.
1749 2723 1824 2800 dipl.
1855 2722 1987 2785 Maioris

431 2823 556 2889 Pdeme
574 2824 630 2888 Nr.
652 2824 706 2889 dd.
811 2816 814 2823 ’
2075 2831 2076 2834 ’

534 3026 573 3094 In
594 3025 721 3099 nomine
742 3025 869 3093 Domini
889 3044 991 3093 amen.
1036 3023 1086 3092 Ne
1106 3029 1197 3108 gesta
1218 3025 1399 3093 mortalium
1421 3025 1544 3110 ydonea
1565 3031 1672 3094 tractu
1692 3026 1805 3094 declivi
1834 3026 1986 3110 temporis

432 3134 629 3212 evanescant
650 3129 781 3214 provida
810 3127 986 3212 sapientum
1017 3126 1145 3210 provide
1171 3129 1294 3195 sancxit
1320 3129 1503 3210 auctoritas,
1529 3128 1616 3196 acts
1640 3129 1736 3213 digna
1761 3130 1915 3197 memoria
1935 3147 1986 3196 se·

431 3232 565 3317 lempnis
585 3232 741 3316 scripture
762 3230 943 3297 testimonie
965 3235 1162 3313 posterorum
1185 3230 1301 3297 noticie
1320 3231 1547 3298 commendare.
1592 3230 1677 3298 Hinc
1698 3237 1748 3297 est
1776 3231 1875 3315 igitur
1900 3229 1986 3314 qued

431 3353 489 3403 noa
510 3332 666 3401 secandus
687 3331 822 3399 Premizl
840 3332 900 3398 Dei
921 3331 1029 3415 gracia
1049 3330 1114 3397 dux
1135 3330 1273 3412 Polonie,
1296 3332 1476 3400 inherentes
1497 3332 1638 3416 vestigiis
1659 3333 1914 3417 predecessorum
1928 3350 1985 3401 no·

430 3442 571 3504 atrorum
591 3439 627 3503 et
643 3453 752 3503 eorum
773 3434 843 3518 pies
871 3438 962 3500 actos
991 3437 1087 3517 prout
1113 3451 1279 3519 possumus
1301 3434 1473 3516 mitantes,
1502 3434 1657 3519 imprimis
1684 3433 1848 3502 libertates
1876 3433 1986 3503 abeis

432 3555 596 3607 concoesas
614 3536 745 3605 ecclesie
766 3533 944 3604 Gneznensi
964 3532 1187 3617 approbantes,
1209 3536 1278 3603 iore
1300 3541 1453 3620 perpetue
1472 3535 1703 3619 confirmamus,
1732 3555 1841 3605 omnes
1866 3537 1986 3605 incolas

431 3639 684 3726 ipsioaecclcsie
705 3637 746 3707 ab
767 3635 911 3706 omnibus
932 3635 1071 3720 angariis
1092 3641 1126 3703 et
1143 3638 1339 3721 preangariis
1360 3638 1568 3721 absolventes,
1599 3637 1746 3706 videlicet
1767 3639 1808 3707 ab
1828 3639 1914 3707 omni
1934 3657 1986 3708 so·
2107 3649 2108 3654 ’

431 3742 565 3825 lotione,
586 3742 760 3824 exactiem,
781 3740 935 3808 servituto
955 3756 993 3805 ac
1013 3738 1198 3808 iuridicinae
1216 3758 1273 3807 seo
1294 3738 1433 3808 dominio
1455 3741 1598 3809 totahter
1627 3740 1808 3825 liberantes,
1837 3747 1872 3810 et
1896 3741 1986 3809 addi·

431 3845 550 3915 cientes
571 3863 629 3930 pro
657 3844 795 3913 remedio
820 3847 1002 3910 nostrmom
1030 3842 1245 3926 meramnum
1273 3848 1446 3926 nostraque
1472 3861 1511 3910 ac
1540 3845 1776 3928 progenitorum
1805 3849 1986 3912 neshmom

431 3946 544 4031 salute,
566 3946 651 4032 qued
670 3944 840 4014 reamabili
860 3943 946 4028 patri
967 3949 1077 4010 nostro
1090 3943 1216 4010 domino
1231 3943 1345 4010 lacobe
1358 3943 1465 4012 diona
1477 3945 1682 4013 miseracione
1697 3952 1805 4014 sancte
1819 3944 1986 4014 Gneznen·

431 4048 475 4116 aia
493 4047 623 4117 ecclesie
652 4047 886 4131 archiepiscopo
913 4045 1042 4129 eiusque
1065 4045 1306 4129 sucessoribus,
1334 4045 1369 4112 in
1395 4046 1525 4132 Zneyna
1554 4047 1683 4115 dumio
1709 4065 1767 4114 soa
1795 4052 1830 4115 et
1848 4047 1930 4116 alias
1951 4050 1986 4116 in

431 4149 617 4222 asaneus
637 4150 794 4217 Laudensi
815 4148 870 4215 ubi
890 4148 1035 4229 voluerit,
1056 4154 1216 4216 monetam
1239 4147 1354 4215 habere
1380 4147 1474 4216 liceat
1502 4149 1680 4233 specialem,
1709 4168 1771 4233 qne
1798 4169 1856 4235 per
1881 4156 1986 4218 totum

430 4257 575 4320 noenum
597 4252 770 4320 dominium
791 4251 889 4335 recipi
910 4249 1024 4317 debeat
1044 4251 1127 4318 sicut
1148 4258 1267 4318 nestra
1312 4250 1349 4317 In
1371 4251 1465 4319 huius
1483 4252 1530 4319 rei
1552 4253 1778 4335 testimonium,
1806 4259 1985 4338 presentem

430 4355 577 4439 paginam
599 4356 702 4422 nostri
723 4353 818 4437 sigilli
838 4352 1009 4420 munimine
1027 4352 1174 4420 dommus
1193 4353 1438 4421 confirmandam
1461 4354 1659 4437 presentibus
1679 4354 1741 4421 biis
1757 4356 1907 4423 testibus:
1931 4375 1985 4424 eo·

431 4457 508 4525 mite
528 4457 672 4525 Roseene
693 4463 841 4524 venatore
863 4455 1043 4537 Kalisiensi,
1066 4457 1181 4522 comite
1202 4455 1393 4522 Gnevomiro
1419 4456 1591 4523 castollano
1618 4457 1658 4524 de
1686 4456 1842 4542 Sbansim,
1869 4460 1986 4527 ecudte

432 4557 508 4625 vito
529 4559 681 4644 pincerna
701 4558 889 4640 Gueancusi,
911 4563 945 4624 ct
964 4557 1037 4625 aliis
1056 4578 1152 4643 quaro
1173 4557 1315 4641 pluribus
1336 4558 1398 4624 lide
1420 4559 1532 4642 dignis.
1563 4559 1682 4626 Datum
1696 4560 1730 4627 in
1744 4560 1878 4627 Tlolrina
1899 4579 1984 4628 anne

434 4663 541 4745 gracie
557 4661 684 4729 Domini
705 4659 984 4736 maalmam,
1003 4661 1178 4729 Indictiene
1197 4676 1260 4737 xo,
1282 4659 1443 4729 Kalendas
1464 4661 1612 4745 Augusti,
1634 4681 1691 4746 per
1712 4679 1824 4730 munus
1843 4662 1985 4730 Thilonis

434 4764 551 4831 neorii
571 4764 657 4832 corle
678 4769 795 4830 nostre.

535 4968 674 5053 chyna,
694 4956 782 5034 err‘n.
826 4966 1010 5052 londensis,
1030 4973 1067 5035 dc
1088 4970 1167 5056 opo
1211 4967 1369 5051 Sbansim,
1392 4968 1539 5057 prszrpi.
1584 4968 1728 5052 llekinn,
1756 4973 1905 5038 Tiresia
