4860 6180
1750 147 1826 226 tos

135 350 140 354 ’
223 420 232 426 ,
288 349 321 420 ln
349 345 471 436 prefata
493 348 647 434 portione,
675 347 716 418 ob
741 347 911 418 maelium
940 346 1044 416 anime
1068 366 1125 417 sna
1152 353 1187 417 et
1209 366 1336 418 suornm
1362 329 1406 417 in
1421 356 1606 436 perpetuom
1627 350 1828 420 elemosinam

288 451 482 540 possidenda
513 451 631 521 Prolati
652 471 726 521 vero
746 452 843 520 abbas
864 456 898 519 et
918 457 1090 520 conuentus
1110 452 1282 521 liberaliter
1302 458 1336 520 ot
1353 452 1487 539 ben'mm
1505 456 1718 539 promiserunt
1741 454 1828 522 dicte

288 554 448 625 Wrotslao
468 555 502 623 in
523 561 632 625 nostra
651 555 882 624 nichillomiuua
903 556 1071 640 precentur
1093 574 1128 623 sc
1148 554 1277 624 daturos
1296 574 1351 624 sor
1373 555 1466 624 ulnas
1489 555 1562 624 boni
1576 558 1673 642 panni
1688 558 1721 625 in
1736 556 1829 627 domo

290 677 396 726 eorum
426 655 501 726 facti
530 664 564 725 et
587 658 666 726 duos
696 678 817 728 marone
846 657 965 725 usualis
991 659 1113 744 maenti
1138 659 1299 727 annuatim
1325 660 1519 745 temporibus
1543 661 1609 728 vite
1634 678 1706 742 suo;
1736 678 1831 746 quern

289 761 385 829 etiam
406 759 440 828 in
461 758 691 829 imtemitntem
713 763 909 846 recipientes,
929 761 1118 847 participem
1139 761 1210 846 (sic)
1229 759 1371 830 frocerunt
1390 764 1570 831 orationum
1591 768 1625 830 et
1646 762 1831 833 elemosina·

289 881 446 948 rumque
475 862 552 931 fient
580 871 730 949 perpetuo
756 867 789 932 in
815 866 1004 932 monasterio
1030 864 1256 949 pronominato.
1301 863 1338 932 In
1360 866 1543 934 memoriam
1572 865 1671 950 igitur
1691 865 1831 933 omnium

290 967 550 1055 supradictorum,
580 967 620 1034 ad
645 969 828 1052 petitionem
856 969 1012 1036 dictorum
1033 967 1156 1035 abbatis
1182 973 1214 1034 et
1239 978 1409 1039 conventus
1439 990 1587 1040 necnon
1615 976 1649 1039 et
1677 971 1831 1040 Wrotslai

290 1071 507 1158 prenominati,
528 1078 705 1155 presentem
726 1073 865 1140 litteram
885 1078 993 1140 nostro
1014 1071 1117 1156 sigillo
1136 1069 1264 1137 fecimus
1285 1074 1480 1157 communiri,
1500 1072 1651 1141 adhibitis
1672 1075 1769 1143 etiam
1789 1072 1832 1142 ob

292 1175 505 1244 testimonium
538 1179 680 1242 actorum
714 1176 866 1244 nondnntl
894 1175 1017 1245 abbatis
1042 1181 1076 1242 ot
1101 1171 1252 1241 Wrotsloi
1279 1175 1400 1259 sigillis
1444 1177 1563 1245 Datum
1583 1177 1617 1244 in
1635 1177 1727 1246 Pecu
1745 1195 1830 1246 anno

290 1277 417 1347 Domini
437 1275 696 1362 itccnxxvl,
726 1279 859 1362 septimo
883 1278 936 1346 die
964 1282 1097 1346 exeunte
1125 1275 1274 1359 octobre,
1302 1281 1514 1362 presentibus:
1546 1280 1672 1350 domino
1693 1280 1832 1350 Iohanne

291 1386 419 1450 matare
438 1379 655 1464 Pomoniensi,
674 1380 800 1448 domino
821 1379 951 1450 Redono
972 1379 1121 1449 canonino
1139 1378 1353 1466 Poznaniensi,
1381 1384 1534 1469 magistro
1559 1381 1708 1452 itonam
1730 1382 1834 1470 capel·

291 1483 364 1554 lano
385 1482 426 1552 de
447 1482 655 1553 Wilooria'et
675 1484 746 1554 aliis
767 1483 1034 1571 quamplurimis.

393 1689 522 1774 Kortoe,
545 1694 655 1768 Krcrrl,
673 1714 692 1756 z
712 1695 877 1757 ainaim
899 1693 1025 1771 aazia
1047 1688 1215 1773 Mestleta,
1239 1695 1455 1778 Mrdtprzecz„
1482 1692 1661 1778 Paradisus,
1676 1696 1831 1778 Paradyi.

293 1792 499 1880 Wissouorro,
527 1794 710 1876 Warzoado.
735 1793 836 1880 Poeno,
857 1798 986 1861 mezen
1013 1791 1176 1876 Wiloovia,
1201 1795 1348 1862 Wrttoroo.
1819 1851 1823 1857 .

958 2092 1032 2180 Nr.
1062 2087 1163 2178 463

395 2290 579 2377 Iohannes
604 2289 668 2395 Pp.
697 2288 792 2373 XXI
827 2293 961 2374 1276
986 2289 1077 2374 llon.
1103 2292 1186 2388 28,
1218 2287 1394 2395 litorbii3
1419 2308 1572 2394 Panapio
1593 2310 1715 2379 anari
1733 2309 1834 2380 aunt

294 2412 512 2481 memnonem
530 2411 683 2490 ecclesiae¹
700 2410 894 2479 Gneanensis
914 2409 1045 2479 confert

401 2519 535 2594 lteram
559 2519 751 2583 limma
772 2519 874 2585 mter.
897 2518 1041 2582 Potentiae
1063 2517 1092 2592 1,
1113 2515 1185 2582 158.

396 2721 552 2793 Iohannes
573 2722 736 2809 episcopus
756 2718 855 2807 (eta),
876 2719 991 2789 dilecta
1011 2718 1077 2788 lilio
1096 2718 1247 2804 Procopio
1273 2720 1394 2788 oaubri
1418 2719 1549 2789 emissio
1569 2710 1764 2792 (inmensis
1784 2740 1835 2792 so·

297 2826 396 2896 lntem
417 2825 515 2915 (etc).
559 2824 624 2894 sna
647 2824 737 2894 nobis
765 2823 873 2892 dilecti
896 2821 954 2892 filii
976 2874 985 2891 .
1008 2820 1287 2906 ‚archidiaconns
1309 2873 1318 2892 .
1341 2873 1350 2890 .
1371 2822 1569 2906 scolasticus,
1593 2873 1602 2892 .
1624 2874 1633 2891 .
1655 2824 1835 2910 prepositus

296 2929 534 3013 malidentis,
555 2929 660 2998 etalii
679 2928 819 2997 canonici
840 2927 969 2998 ecclesie
989 2926 1195 3009 Gnernensis,
1215 2926 1271 3011 qui
1291 2932 1367 2994 snnt
1387 2927 1489 2994 maior
1509 2932 1543 2995 et
1563 2927 1670 2995 smrior
1683 2945 1758 3012 pars
1774 2925 1836 2997 (la-

295 3033 389 3120 pitnli
400 3031 543 3114 ‚dumam
561 3031 700 3115 ecclesie,
721 3031 872 3117 petitione
893 3034 1123 3113 monstrarunt,
1144 3028 1228 3114 qnod
1248 3029 1379 3099 coelata
1398 3031 1469 3116 ipsa
1487 3030 1625 3116 postoris
1646 3030 1759 3098 solado
1779 3030 1836 3100 do·

297 3137 424 3220 murto,
451 3136 549 3221 aliqui
570 3155 609 3204 ex
629 3135 693 3203 illis
715 3134 870 3203 oenonicis
893 3132 1070 3202 conradum
1098 3130 1305 3218 prepositum,
1327 3138 1361 3202 et
1381 3132 1510 3219 qnidam
1530 3151 1604 3202 vero
1625 3151 1665 3201 cx
1685 3133 1763 3218 ipsis
1784 3128 1836 3203 lo·
1876 3156 1879 3165 ·

296 3237 430 3308 hannem
449 3239 569 3308 dictum
586 3238 748 3307 Radlbam
770 3238 952 3306 canonicum
972 3235 1110 3304 eiusdem
1130 3235 1260 3305 ooelesie
1280 3237 1314 3306 in
1334 3235 1550 3304 Gnecuensem
1564 3235 1834 3322 aemepiscopnn

297 3342 466 3429 elegmnnt,
486 3361 524 3411 ac
544 3341 644 3411 felicis
664 3339 889 3410 recordationis
911 3338 1055 3408 Clemens
1068 3337 1155 3422 Papa
1168 3337 1367 3424 predecessor
1380 3345 1498 3424 noster,
1516 3339 1727 3425 cognitionem
1741 3356 1836 3408 carue
1943 3412 1944 3417 ,

297 3464 391 3531 snper
418 3444 595 3513 huiusmodi
622 3443 825 3514 electionibus
854 3447 933 3524 orte,
962 3440 1077 3510 dilecto
1105 3439 1169 3509 lilio
1200 3446 1307 3509 nostm
1336 3439 1367 3509 S.
1395 3442 1483 3510 tituli
1510 3442 1613 3511 sancti
1639 3441 1773 3511 Martini
1792 3440 1835 3511 ad

300 3546 424 3617 Montes
460 3548 633 3635 presbitero
665 3547 818 3615 cardinali
850 3545 1014 3613 commisit
1058 3543 1185 3628 Verum,
1216 3545 1292 3629 quie
1323 3551 1388 3613 tam
1419 3545 1503 3615 idern
1529 3547 1709 3634 prepositus
1739 3565 1836 3632 quom

298 3651 400 3721 diam
421 3649 575 3720 Iohannes
596 3649 737 3719 redditus
759 3655 792 3717 et
812 3653 983 3734 proventus
1003 3665 1041 3715 ac
1058 3645 1141 3714 bona
1160 3647 1243 3714 sedis
1263 3646 1457 3719 Gnmnensis
1474 3669 1628 3736 occupare
1653 3651 1834 3720 temeritate

298 3755 425 3843 propria
443 3755 637 3838 dicebantur,
658 3755 784 3839 utrique
805 3754 944 3838 ipsorum
965 3752 1030 3819 suis
1051 3751 1236 3820 electoribus
1257 3752 1394 3823 indebite
1407 3753 1585 3822 laventibus
1604 3754 1639 3822 in
1657 3753 1718 3822 hac
1732 3759 1834 3840 parta,

299 3867 426 3947 propter
446 3858 530 3944 qnod
550 3858 644 3926 iidem
671 3857 812 3926 redditus
840 3864 874 3925 et
900 3862 1069 3942 proventus
1098 3854 1351 3924 distrahebantur
1375 3857 1580 3942 prodigaliter
1605 3863 1640 3924 et
1664 3858 1836 3943 dampnoso

299 3960 440 4047 bonaque
460 3960 691 4045 dissipabantur
711 3959 847 4045 prelata:
870 3959 963 4027 dictis
984 3958 1124 4043 predicte
1144 3959 1240 4043 ipsius
1261 3959 1343 4027 sedis
1365 3959 1645 4045 indempnitatibus
1666 3979 1762 4046 snper
1774 3960 1835 4029 lroc

300 4067 425 4151 cupiens
444 4066 619 4151 providere,
648 4065 728 4133 bone
754 4066 929 4133 memorie.
953 4114 961 4130 .
984 4064 1163 4148 episcopum
1184 4062 1408 4146 (landenam,
1439 4064 1538 4148 ipsius
1560 4063 1688 4150 proprio
1710 4064 1836 4132 nomina

299 4186 362 4237 non
383 4187 539 4254 expresso,
557 4169 820 4236 administrationi
847 4168 997 4235 bonorum
1019 4167 1236 4251 temporalium
1257 4167 1339 4235 sedis
1361 4167 1509 4251 eiusdem,
1531 4185 1630 4252 usque
1652 4187 1715 4251 quo
1737 4168 1835 4236 alium

299 4270 472 4356 legitimum
492 4271 777 4338 administratorem
799 4271 963 4356 acciperet,
985 4270 1158 4354 deputavit,
1179 4270 1281 4339 dando
1303 4269 1403 4338 eidem
1419 4272 1564 4355 episeopo
1579 4270 1645 4337 suis
1664 4270 1781 4337 litteris
1802 4271 1836 4337 in

300 4373 465 4457 mandatis,
486 4380 524 4442 nt
541 4376 647 4442 omnia
668 4393 728 4459 que
746 4373 785 4440 rle
806 4373 868 4440 hiis
889 4392 946 4458 per
959 4373 1083 4440 eosdem
1099 4373 1299 4457 prepositrun,
1314 4373 1485 4441 Iohannem
1500 4380 1534 4441 et
1551 4374 1705 4443 electores
1718 4372 1837 4441 aliosne

300 4494 510 4560 quoscumque
530 4482 681 4562 occupata
702 4477 862 4560 reperiret,
884 4476 917 4542 in
938 4477 1004 4543 suis
1025 4473 1141 4542 laceret
1161 4476 1303 4542 manibus
1325 4477 1486 4561 resignari,
1508 4495 1546 4544 oc
1560 4476 1702 4545 redditus
1716 4482 1750 4543 et
1762 4494 1837 4561 pro·

300 4583 411 4646 ventus
429 4578 512 4646 dicte
529 4579 626 4662 sedis,
651 4584 794 4646 exactos
820 4577 965 4645 videlicet
991 4582 1024 4644 et
1044 4576 1176 4658 futuros,
1195 4576 1314 4661 integre
1336 4581 1454 4665 colligi,
1478 4586 1542 4646 tam
1572 4580 1744 4665 illaquam
1767 4579 1836 4647 uni·

301 4700 391 4750 versa
410 4681 493 4749 bona
512 4683 575 4749 elin
595 4683 733 4750 eiusdem
761 4682 844 4748 srrlis
872 4681 913 4747 nd
942 4699 1021 4764 opus
1050 4678 1149 4746 futuri
1179 4681 1313 4763 pastoris
1341 4684 1408 4751 sine
1436 4684 1514 4750 iuris
1543 4683 1715 4767 preiudicio
1741 4680 1836 4750 alieni

301 4785 433 4854 fideliter
454 4786 673 4868 mnscrrando,
694 4805 732 4853 ac
752 4784 919 4852 inhibendo
940 4789 1004 4851 tarn
1025 4783 1184 4868 preposite
1205 4802 1299 4868 quarn
1320 4784 1452 4857 Iohanni
1474 4785 1678 4870 supradictis,
1700 4805 1741 4854 ne
1761 4791 1837 4854 ante

302 4887 564 4956 continuationem
586 4907 675 4955 snam
697 4907 731 4956 sc
744 4888 784 4956 do
797 4888 858 4956 hiis
873 4887 1086 4955 intromittant
1107 4905 1231 4969 quoquo
1253 4887 1354 4971 modo,
1376 4889 1621 4957 contradictores
1642 4897 1713 4968 (erc.
1728 4894 1836 4969 aspre)

302 4991 530 5078 compescendo.
573 4991 700 5074 Verum,
722 4992 863 5076 predicto
884 4991 1028 5074 episcopo
1050 4990 1132 5056 viam
1152 4991 1293 5058 uniuerso
1311 4991 1412 5058 caratis
1433 4993 1586 5075 ingresso,
1609 4998 1658 5058 est
1680 4992 1708 5058 ci
1731 4998 1768 5059 ut
1789 4991 1836 5060 di·

303 5095 383 5162 citur
402 5096 483 5163 alius
504 5095 703 5178 substitutus,
725 5096 779 5178 qni
801 5099 929 5180 propter·
950 5097 1194 5160 monetmonet
1215 5096 1263 5161 sni
1282 5097 1419 5180 eorporis
1435 5096 1642 5163 valetudinem
1658 5094 1836 5164 huiusmodi
