<?xml version="1.0" encoding="UTF-8"?>
<!DOCTYPE html PUBLIC "-//W3C//DTD XHTML 1.0 Transitional//EN"
    "http://www.w3.org/TR/xhtml1/DTD/xhtml1-transitional.dtd">
<html xmlns="http://www.w3.org/1999/xhtml" xml:lang="en" lang="en">
 <head>
  <title>
</title>
<meta http-equiv="Content-Type" content="text/html;charset=utf-8" />
  <meta name='ocr-system' content='tesseract 3.04.00' />
  <meta name='ocr-capabilities' content='ocr_page ocr_carea ocr_par ocr_line ocrx_word'/>
</head>
<body>
  <div class='ocr_page' id='page_1' title='image "./codexdiplomatic03zakrgoog_0644.png"; bbox 0 0 4860 6180; ppageno 0'>
   <div class='ocr_carea' id='block_1_1' title="bbox 532 463 606 542">
    <p class='ocr_par' dir='ltr' id='par_1_1' title="bbox 532 463 606 542">
     <span class='ocr_line' id='line_1_1' title="bbox 532 463 606 542; baseline -0.041 0"><span class='ocrx_word' id='word_1_1' title='bbox 532 463 606 542; x_wconf 64' lang='grc' dir='ltr'><em>Μ</em></span> 
     </span>
    </p>
   </div>
   <div class='ocr_carea' id='block_1_2' title="bbox 531 660 2091 2283">
    <p class='ocr_par' dir='ltr' id='par_1_2' title="bbox 531 660 2091 2283">
     <span class='ocr_line' id='line_1_2' title="bbox 531 660 2083 749; baseline -0.005 -14"><span class='ocrx_word' id='word_1_2' title='bbox 531 664 741 735; x_wconf 74' lang='lat' dir='ltr'><strong>reverenciam</strong></span> <span class='ocrx_word' id='word_1_3' title='bbox 763 665 849 734; x_wconf 89' lang='lat' dir='ltr'><strong>beati</strong></span> <span class='ocrx_word' id='word_1_4' title='bbox 868 667 990 735; x_wconf 88' lang='lat' dir='ltr'><strong>Nicolai</strong></span> <span class='ocrx_word' id='word_1_5' title='bbox 1012 665 1208 747; x_wconf 76' lang='lat' dir='ltr'><strong>mutassetis,</strong></span> <span class='ocrx_word' id='word_1_6' title='bbox 1230 665 1278 732; x_wconf 90' lang='lat' dir='ltr'><strong>ita</strong></span> <span class='ocrx_word' id='word_1_7' title='bbox 1300 664 1383 749; x_wconf 89' lang='lat' dir='ltr'><strong>quod</strong></span> <span class='ocrx_word' id='word_1_8' title='bbox 1406 666 1439 733; x_wconf 92' lang='lat' dir='ltr'><strong>in</strong></span> <span class='ocrx_word' id='word_1_9' title='bbox 1458 664 1567 734; x_wconf 86' lang='lat' dir='ltr'><strong>codem</strong></span> <span class='ocrx_word' id='word_1_10' title='bbox 1588 664 1728 732; x_wconf 88' lang='lat' dir='ltr'><strong>claustro</strong></span> <span class='ocrx_word' id='word_1_11' title='bbox 1756 663 1857 730; x_wconf 89' lang='lat' dir='ltr'><strong>altare</strong></span> <span class='ocrx_word' id='word_1_12' title='bbox 1878 660 1972 730; x_wconf 90' lang='lat' dir='ltr'><strong>debet</strong></span> <span class='ocrx_word' id='word_1_13' title='bbox 1994 660 2083 729; x_wconf 80' lang='lat' dir='ltr'><strong>editi·</strong></span> 
     </span>
     <span class='ocr_line' id='line_1_3' title="bbox 531 765 2080 852; baseline -0.003 -16"><span class='ocrx_word' id='word_1_14' title='bbox 531 768 608 851; x_wconf 88' lang='lat' dir='ltr'><strong>cari,</strong></span> <span class='ocrx_word' id='word_1_15' title='bbox 627 774 661 835; x_wconf 92' lang='lat' dir='ltr'><strong>ct</strong></span> <span class='ocrx_word' id='word_1_16' title='bbox 681 768 781 836; x_wconf 88' lang='lat' dir='ltr'><strong>missa</strong></span> <span class='ocrx_word' id='word_1_17' title='bbox 801 768 915 837; x_wconf 83' lang='lat' dir='ltr'><strong>ibidem</strong></span> <span class='ocrx_word' id='word_1_18' title='bbox 936 772 1020 838; x_wconf 92' lang='lat' dir='ltr'><strong>omni</strong></span> <span class='ocrx_word' id='word_1_19' title='bbox 1041 770 1093 836; x_wconf 92' lang='lat' dir='ltr'><strong>die</strong></span> <span class='ocrx_word' id='word_1_20' title='bbox 1115 787 1172 852; x_wconf 90' lang='lat' dir='ltr'><strong>pro</strong></span> <span class='ocrx_word' id='word_1_21' title='bbox 1195 773 1304 834; x_wconf 90' lang='lat' dir='ltr'><strong>nostra</strong></span> <span class='ocrx_word' id='word_1_22' title='bbox 1325 767 1428 835; x_wconf 87' lang='lat' dir='ltr'><strong>saluta</strong></span> <span class='ocrx_word' id='word_1_23' title='bbox 1449 766 1607 835; x_wconf 87' lang='lat' dir='ltr'><strong>celebrari</strong></span> <span class='ocrx_word' id='word_1_24' title='bbox 1641 767 1722 833; x_wconf 92' lang='lat' dir='ltr'><strong>ltenr</strong></span> <span class='ocrx_word' id='word_1_25' title='bbox 1737 765 1926 833; x_wconf 90' lang='lat' dir='ltr'><strong>contulimus</strong></span> <span class='ocrx_word' id='word_1_26' title='bbox 1941 765 2080 832; x_wconf 88' lang='lat' dir='ltr'><strong>claustro</strong></span> 
     </span>
     <span class='ocr_line' id='line_1_4' title="bbox 531 867 2085 965; baseline -0.003 -28"><span class='ocrx_word' id='word_1_27' title='bbox 531 869 713 955; x_wconf 89' lang='lat' dir='ltr'><strong>supradicto</strong></span> <span class='ocrx_word' id='word_1_28' title='bbox 746 889 843 965; x_wconf 34' lang='lat' dir='ltr'><strong>super·</strong></span> <span class='ocrx_word' id='word_1_29' title='bbox 873 871 1049 939; x_wconf 79' lang='lat' dir='ltr'><strong>beralitate</strong></span> <span class='ocrx_word' id='word_1_30' title='bbox 1071 870 1171 937; x_wconf 82' lang='lat' dir='ltr'><strong>iliaco</strong></span> <span class='ocrx_word' id='word_1_31' title='bbox 1193 868 1381 936; x_wconf 81' lang='lat' dir='ltr'><strong>etsortibus</strong></span> <span class='ocrx_word' id='word_1_32' title='bbox 1403 869 1505 937; x_wconf 89' lang='lat' dir='ltr'><strong>eidem</strong></span> <span class='ocrx_word' id='word_1_33' title='bbox 1527 868 1695 936; x_wconf 80' lang='lat' dir='ltr'><strong>beralitati</strong></span> <span class='ocrx_word' id='word_1_34' title='bbox 1713 868 1942 949; x_wconf 87' lang='lat' dir='ltr'><strong>adiacentibus,</strong></span> <span class='ocrx_word' id='word_1_35' title='bbox 1964 867 2085 933; x_wconf 89' lang='lat' dir='ltr'><strong>scilicet</strong></span> 
     </span>
     <span class='ocr_line' id='line_1_5' title="bbox 540 968 2087 1056; baseline -0.003 -16"><span class='ocrx_word' id='word_1_36' title='bbox 540 971 749 1040; x_wconf 78' lang='lat' dir='ltr'><strong>Cbromncino</strong></span> <span class='ocrx_word' id='word_1_37' title='bbox 771 980 805 1038; x_wconf 92' lang='lat' dir='ltr'><strong>et</strong></span> <span class='ocrx_word' id='word_1_38' title='bbox 826 972 960 1056; x_wconf 71' lang='lat' dir='ltr'><strong>Chrsalo,</strong></span> <span class='ocrx_word' id='word_1_39' title='bbox 982 974 1113 1042; x_wconf 84' lang='lat' dir='ltr'><strong>liberum</strong></span> <span class='ocrx_word' id='word_1_40' title='bbox 1136 972 1302 1039; x_wconf 81' lang='lat' dir='ltr'>arbitrium</span> <span class='ocrx_word' id='word_1_41' title='bbox 1322 972 1448 1038; x_wconf 78' lang='lat' dir='ltr'>locandi</span> <span class='ocrx_word' id='word_1_42' title='bbox 1469 972 1537 1038; x_wconf 91' lang='lat' dir='ltr'><strong>iure</strong></span> <span class='ocrx_word' id='word_1_43' title='bbox 1558 971 1751 1038; x_wconf 84' lang='lat' dir='ltr'><strong>Theutonico</strong></span> <span class='ocrx_word' id='word_1_44' title='bbox 1770 975 1864 1053; x_wconf 94' lang='lat' dir='ltr'><strong>prout</strong></span> <span class='ocrx_word' id='word_1_45' title='bbox 1885 969 1948 1036; x_wconf 94' lang='lat' dir='ltr'><strong>alio</strong></span> <span class='ocrx_word' id='word_1_46' title='bbox 1965 968 2039 1035; x_wconf 83' lang='lat' dir='ltr'><strong>ville</strong></span> <span class='ocrx_word' id='word_1_47' title='bbox 2053 977 2087 1035; x_wconf 85' lang='lat' dir='ltr'><strong>ot</strong></span> 
     </span>
     <span class='ocr_line' id='line_1_6' title="bbox 536 1073 2085 1158; baseline -0.003 -16"><span class='ocrx_word' id='word_1_48' title='bbox 536 1075 681 1142; x_wconf 72' lang='lat' dir='ltr'><strong>cinimtes</strong></span> <span class='ocrx_word' id='word_1_49' title='bbox 714 1075 747 1142; x_wconf 90' lang='lat' dir='ltr'><strong>irr</strong></span> <span class='ocrx_word' id='word_1_50' title='bbox 780 1082 866 1143; x_wconf 88' lang='lat' dir='ltr'><strong>terra</strong></span> <span class='ocrx_word' id='word_1_51' title='bbox 899 1082 1008 1143; x_wconf 88' lang='lat' dir='ltr'><strong>nostra</strong></span> <span class='ocrx_word' id='word_1_52' title='bbox 1033 1082 1111 1143; x_wconf 89' lang='lat' dir='ltr'><strong>sunt</strong></span> <span class='ocrx_word' id='word_1_53' title='bbox 1128 1077 1239 1156; x_wconf 86' lang='lat' dir='ltr'><strong>locate,</strong></span> <span class='ocrx_word' id='word_1_54' title='bbox 1270 1073 1469 1141; x_wconf 87' lang='lat' dir='ltr'><strong>absolventes</strong></span> <span class='ocrx_word' id='word_1_55' title='bbox 1499 1075 1599 1158; x_wconf 88' lang='lat' dir='ltr'><strong>ipsam</strong></span> <span class='ocrx_word' id='word_1_56' title='bbox 1620 1073 1830 1141; x_wconf 81' lang='lat' dir='ltr'><strong>hereditatem</strong></span> <span class='ocrx_word' id='word_1_57' title='bbox 1852 1092 1924 1140; x_wconf 89' lang='lat' dir='ltr'><strong>cnm</strong></span> <span class='ocrx_word' id='word_1_58' title='bbox 1945 1073 2085 1139; x_wconf 80' lang='lat' dir='ltr'><strong>sortibus</strong></span> 
     </span>
     <span class='ocr_line' id='line_1_7' title="bbox 535 1175 2087 1261; baseline -0.002 -17"><span class='ocrx_word' id='word_1_59' title='bbox 535 1176 725 1261; x_wconf 85' lang='lat' dir='ltr'><strong>supradictis</strong></span> <span class='ocrx_word' id='word_1_60' title='bbox 752 1178 793 1245; x_wconf 89' lang='lat' dir='ltr'><strong>ab</strong></span> <span class='ocrx_word' id='word_1_61' title='bbox 821 1178 905 1244; x_wconf 91' lang='lat' dir='ltr'><strong>omni</strong></span> <span class='ocrx_word' id='word_1_62' title='bbox 932 1178 1091 1246; x_wconf 82' lang='lat' dir='ltr'><strong>solucione</strong></span> <span class='ocrx_word' id='word_1_63' title='bbox 1118 1177 1275 1257; x_wconf 88' lang='lat' dir='ltr'><strong>Poloniea,</strong></span> <span class='ocrx_word' id='word_1_64' title='bbox 1299 1181 1394 1260; x_wconf 91' lang='lat' dir='ltr'><strong>prout</strong></span> <span class='ocrx_word' id='word_1_65' title='bbox 1411 1177 1557 1259; x_wconf 89' lang='lat' dir='ltr'><strong>superius</strong></span> <span class='ocrx_word' id='word_1_66' title='bbox 1578 1181 1627 1243; x_wconf 88' lang='lat' dir='ltr'><strong>cst</strong></span> <span class='ocrx_word' id='word_1_67' title='bbox 1648 1176 1853 1242; x_wconf 89' lang='lat' dir='ltr'><strong>nominatum.</strong></span> <span class='ocrx_word' id='word_1_68' title='bbox 1898 1175 2087 1242; x_wconf 75' lang='lat' dir='ltr'><strong>blandinus</strong></span> 
     </span>
     <span class='ocr_line' id='line_1_8' title="bbox 535 1272 2087 1362; baseline -0.002 -14"><span class='ocrx_word' id='word_1_69' title='bbox 535 1272 705 1362; x_wconf 87' lang='lat' dir='ltr'><strong>eciam,&#39;ut</strong></span> <span class='ocrx_word' id='word_1_70' title='bbox 727 1278 843 1346; x_wconf 84' lang='lat' dir='ltr'><strong>ibidem</strong></span> <span class='ocrx_word' id='word_1_71' title='bbox 863 1279 1000 1347; x_wconf 76' lang='lat' dir='ltr'><strong>habeant</strong></span> <span class='ocrx_word' id='word_1_72' title='bbox 1020 1280 1123 1348; x_wconf 85' lang='lat' dir='ltr'><strong>iorum</strong></span> <span class='ocrx_word' id='word_1_73' title='bbox 1145 1286 1178 1346; x_wconf 89' lang='lat' dir='ltr'><strong>ot</strong></span> <span class='ocrx_word' id='word_1_74' title='bbox 1201 1278 1386 1345; x_wconf 89' lang='lat' dir='ltr'><strong>thabernam</strong></span> <span class='ocrx_word' id='word_1_75' title='bbox 1409 1277 1550 1359; x_wconf 88' lang='lat' dir='ltr'><strong>liberam,</strong></span> <span class='ocrx_word' id='word_1_76' title='bbox 1572 1283 1606 1344; x_wconf 89' lang='lat' dir='ltr'><strong>ct</strong></span> <span class='ocrx_word' id='word_1_77' title='bbox 1628 1278 1728 1344; x_wconf 88' lang='lat' dir='ltr'><strong>incole</strong></span> <span class='ocrx_word' id='word_1_78' title='bbox 1750 1278 1907 1344; x_wconf 89' lang='lat' dir='ltr'><strong>dictarum</strong></span> <span class='ocrx_word' id='word_1_79' title='bbox 1929 1279 2087 1345; x_wconf 88' lang='lat' dir='ltr'><strong>heredita·</strong></span> 
     </span>
     <span class='ocr_line' id='line_1_9' title="bbox 536 1365 2087 1464; baseline -0.003 -14"><span class='ocrx_word' id='word_1_80' title='bbox 536 1385 606 1450; x_wconf 89' lang='lat' dir='ltr'><strong>tum</strong></span> <span class='ocrx_word' id='word_1_81' title='bbox 638 1400 744 1450; x_wconf 90' lang='lat' dir='ltr'><strong>coram</strong></span> <span class='ocrx_word' id='word_1_82' title='bbox 777 1380 876 1464; x_wconf 92' lang='lat' dir='ltr'><strong>nullo,</strong></span> <span class='ocrx_word' id='word_1_83' title='bbox 909 1383 964 1449; x_wconf 86' lang='lat' dir='ltr'><strong>sed</strong></span> <span class='ocrx_word' id='word_1_84' title='bbox 985 1401 1090 1450; x_wconf 89' lang='lat' dir='ltr'><strong>coram</strong></span> <span class='ocrx_word' id='word_1_85' title='bbox 1114 1381 1217 1463; x_wconf 88' lang='lat' dir='ltr'><strong>uobis,</strong></span> <span class='ocrx_word' id='word_1_86' title='bbox 1246 1387 1356 1449; x_wconf 91' lang='lat' dir='ltr'><strong>nostro</strong></span> <span class='ocrx_word' id='word_1_87' title='bbox 1378 1381 1482 1464; x_wconf 89' lang='lat' dir='ltr'><strong>sigillo</strong></span> <span class='ocrx_word' id='word_1_88' title='bbox 1507 1386 1710 1464; x_wconf 78' lang='lat' dir='ltr'><strong>compareant</strong></span> <span class='ocrx_word' id='word_1_89' title='bbox 1730 1381 1902 1463; x_wconf 87' lang='lat' dir='ltr'><strong>provocati.</strong></span> <span class='ocrx_word' id='word_1_90' title='bbox 1946 1365 2087 1447; x_wconf 87' lang='lat' dir='ltr'><strong>Homici-</strong></span> 
     </span>
     <span class='ocr_line' id='line_1_10' title="bbox 533 1480 2087 1568; baseline -0.003 -17"><span class='ocrx_word' id='word_1_91' title='bbox 533 1482 621 1551; x_wconf 87' lang='lat' dir='ltr'><strong>dinm</strong></span> <span class='ocrx_word' id='word_1_92' title='bbox 642 1483 727 1550; x_wconf 87' lang='lat' dir='ltr'><strong>inter</strong></span> <span class='ocrx_word' id='word_1_93' title='bbox 745 1484 831 1568; x_wconf 91' lang='lat' dir='ltr'><strong>ipsos</strong></span> <span class='ocrx_word' id='word_1_94' title='bbox 853 1483 971 1550; x_wconf 86' lang='lat' dir='ltr'><strong>incolas</strong></span> <span class='ocrx_word' id='word_1_95' title='bbox 990 1490 1216 1568; x_wconf 87' lang='lat' dir='ltr'><strong>perpetratum,</strong></span> <span class='ocrx_word' id='word_1_96' title='bbox 1239 1482 1333 1549; x_wconf 89' lang='lat' dir='ltr'><strong>iidem</strong></span> <span class='ocrx_word' id='word_1_97' title='bbox 1355 1481 1470 1549; x_wconf 81' lang='lat' dir='ltr'><strong>iratres</strong></span> <span class='ocrx_word' id='word_1_98' title='bbox 1492 1481 1629 1548; x_wconf 83' lang='lat' dir='ltr'><strong>habeant</strong></span> <span class='ocrx_word' id='word_1_99' title='bbox 1649 1482 1799 1563; x_wconf 80' lang='lat' dir='ltr'><strong>iudicare,</strong></span> <span class='ocrx_word' id='word_1_100' title='bbox 1818 1480 1959 1548; x_wconf 84' lang='lat' dir='ltr'><strong>eiusdem</strong></span> <span class='ocrx_word' id='word_1_101' title='bbox 1979 1481 2087 1548; x_wconf 90' lang='lat' dir='ltr'><strong>iudicii</strong></span> 
     </span>
     <span class='ocr_line' id='line_1_11' title="bbox 533 1582 2088 1670; baseline -0.001 -18"><span class='ocrx_word' id='word_1_102' title='bbox 533 1584 656 1652; x_wconf 77' lang='lat' dir='ltr'><strong>iructm</strong></span> <span class='ocrx_word' id='word_1_103' title='bbox 687 1605 727 1652; x_wconf 81' lang='lat' dir='ltr'><strong>ex</strong></span> <span class='ocrx_word' id='word_1_104' title='bbox 758 1587 882 1669; x_wconf 80' lang='lat' dir='ltr'><strong>integro</strong></span> <span class='ocrx_word' id='word_1_105' title='bbox 906 1587 1124 1670; x_wconf 85' lang='lat' dir='ltr'><strong>percipientes.</strong></span> <span class='ocrx_word' id='word_1_106' title='bbox 1169 1586 1216 1652; x_wconf 90' lang='lat' dir='ltr'><strong>Ut</strong></span> <span class='ocrx_word' id='word_1_107' title='bbox 1236 1593 1343 1653; x_wconf 87' lang='lat' dir='ltr'><strong>autern</strong></span> <span class='ocrx_word' id='word_1_108' title='bbox 1366 1592 1476 1667; x_wconf 88' lang='lat' dir='ltr'><strong>nostra</strong></span> <span class='ocrx_word' id='word_1_109' title='bbox 1497 1582 1697 1651; x_wconf 86' lang='lat' dir='ltr'><strong>racionabilis</strong></span> <span class='ocrx_word' id='word_1_110' title='bbox 1715 1583 1846 1650; x_wconf 84' lang='lat' dir='ltr'><strong>donacio</strong></span> <span class='ocrx_word' id='word_1_111' title='bbox 1868 1590 2022 1668; x_wconf 88' lang='lat' dir='ltr'><strong>perpetuo</strong></span> <span class='ocrx_word' id='word_1_112' title='bbox 2040 1585 2088 1651; x_wconf 93' lang='lat' dir='ltr'><strong>in·</strong></span> 
     </span>
     <span class='ocr_line' id='line_1_12' title="bbox 534 1685 2087 1772; baseline 0.001 -19"><span class='ocrx_word' id='word_1_113' title='bbox 534 1686 689 1754; x_wconf 78' lang='lat' dir='ltr'><strong>notarius</strong></span> <span class='ocrx_word' id='word_1_114' title='bbox 706 1694 897 1771; x_wconf 80' lang='lat' dir='ltr'><strong>perseveret,</strong></span> <span class='ocrx_word' id='word_1_115' title='bbox 912 1698 1092 1772; x_wconf 85' lang='lat' dir='ltr'><strong>presentem</strong></span> <span class='ocrx_word' id='word_1_116' title='bbox 1107 1689 1253 1772; x_wconf 91' lang='lat' dir='ltr'><strong>paginam</strong></span> <span class='ocrx_word' id='word_1_117' title='bbox 1274 1688 1376 1754; x_wconf 92' lang='lat' dir='ltr'><strong>nostri</strong></span> <span class='ocrx_word' id='word_1_118' title='bbox 1397 1687 1493 1771; x_wconf 88' lang='lat' dir='ltr'><strong>sigilli</strong></span> <span class='ocrx_word' id='word_1_119' title='bbox 1507 1686 1680 1753; x_wconf 88' lang='lat' dir='ltr'><strong>munimine</strong></span> <span class='ocrx_word' id='word_1_120' title='bbox 1694 1685 1841 1753; x_wconf 83' lang='lat' dir='ltr'><strong>duximus</strong></span> <span class='ocrx_word' id='word_1_121' title='bbox 1857 1687 2087 1754; x_wconf 86' lang='lat' dir='ltr'><strong>obfirmandam</strong></span> 
     </span>
     <span class='ocr_line' id='line_1_13' title="bbox 537 1788 2088 1873; baseline 0.001 -17"><span class='ocrx_word' id='word_1_122' title='bbox 537 1789 737 1873; x_wconf 83' lang='lat' dir='ltr'><strong>presentibus</strong></span> <span class='ocrx_word' id='word_1_123' title='bbox 769 1790 831 1856; x_wconf 91' lang='lat' dir='ltr'><strong>hiis</strong></span> <span class='ocrx_word' id='word_1_124' title='bbox 865 1791 1027 1858; x_wconf 77' lang='lat' dir='ltr'><strong>testibusz·</strong></span> <span class='ocrx_word' id='word_1_125' title='bbox 1051 1791 1166 1857; x_wconf 81' lang='lat' dir='ltr'><strong>comite</strong></span> <span class='ocrx_word' id='word_1_126' title='bbox 1188 1789 1318 1857; x_wconf 88' lang='lat' dir='ltr'><strong>Nicolao</strong></span> <span class='ocrx_word' id='word_1_127' title='bbox 1340 1789 1482 1873; x_wconf 88' lang='lat' dir='ltr'><strong>palatino</strong></span> <span class='ocrx_word' id='word_1_128' title='bbox 1504 1789 1683 1866; x_wconf 82' lang='lat' dir='ltr'><strong>Kalisiensi,</strong></span> <span class='ocrx_word' id='word_1_129' title='bbox 1706 1788 1820 1855; x_wconf 89' lang='lat' dir='ltr'><strong>comite</strong></span> <span class='ocrx_word' id='word_1_130' title='bbox 1841 1788 2014 1857; x_wconf 84' lang='lat' dir='ltr'><strong>Peteroone</strong></span> <span class='ocrx_word' id='word_1_131' title='bbox 2036 1809 2088 1857; x_wconf 89' lang='lat' dir='ltr'><strong>ca·</strong></span> 
     </span>
     <span class='ocr_line' id='line_1_14' title="bbox 536 1890 2089 1976; baseline 0.001 -18"><span class='ocrx_word' id='word_1_132' title='bbox 536 1891 671 1960; x_wconf 83' lang='lat' dir='ltr'><strong>stebnno</strong></span> <span class='ocrx_word' id='word_1_133' title='bbox 689 1893 907 1976; x_wconf 85' lang='lat' dir='ltr'><strong>Poznaniensi,</strong></span> <span class='ocrx_word' id='word_1_134' title='bbox 941 1895 1055 1961; x_wconf 82' lang='lat' dir='ltr'><strong>comite</strong></span> <span class='ocrx_word' id='word_1_135' title='bbox 1076 1894 1265 1960; x_wconf 84' lang='lat' dir='ltr'><strong>Gncvomiro</strong></span> <span class='ocrx_word' id='word_1_136' title='bbox 1287 1892 1390 1959; x_wconf 78' lang='lat' dir='ltr'><strong>indica</strong></span> <span class='ocrx_word' id='word_1_137' title='bbox 1412 1891 1628 1973; x_wconf 87' lang='lat' dir='ltr'><strong>Poznanieasi,</strong></span> <span class='ocrx_word' id='word_1_138' title='bbox 1650 1891 1764 1959; x_wconf 81' lang='lat' dir='ltr'><strong>mnnita</strong></span> <span class='ocrx_word' id='word_1_139' title='bbox 1786 1890 1919 1958; x_wconf 89' lang='lat' dir='ltr'><strong>Nioolao</strong></span> <span class='ocrx_word' id='word_1_140' title='bbox 1939 1890 2006 1959; x_wconf 89' lang='lat' dir='ltr'><strong>tilio</strong></span> <span class='ocrx_word' id='word_1_141' title='bbox 2027 1892 2089 1959; x_wconf 88' lang='lat' dir='ltr'><strong>Bo-</strong></span> 
     </span>
     <span class='ocr_line' id='line_1_15' title="bbox 540 1993 2089 2080; baseline 0.001 -19"><span class='ocrx_word' id='word_1_142' title='bbox 540 1998 623 2076; x_wconf 83' lang='lat' dir='ltr'><strong>acta,</strong></span> <span class='ocrx_word' id='word_1_143' title='bbox 656 2001 689 2062; x_wconf 86' lang='lat' dir='ltr'><strong>et</strong></span> <span class='ocrx_word' id='word_1_144' title='bbox 722 1994 795 2062; x_wconf 89' lang='lat' dir='ltr'><strong>aliis</strong></span> <span class='ocrx_word' id='word_1_145' title='bbox 813 2013 908 2080; x_wconf 90' lang='lat' dir='ltr'><strong>quam</strong></span> <span class='ocrx_word' id='word_1_146' title='bbox 930 1996 1074 2080; x_wconf 80' lang='lat' dir='ltr'><strong>plurimis</strong></span> <span class='ocrx_word' id='word_1_147' title='bbox 1095 1995 1157 2063; x_wconf 87' lang='lat' dir='ltr'><strong>tide</strong></span> <span class='ocrx_word' id='word_1_148' title='bbox 1178 1995 1288 2078; x_wconf 91' lang='lat' dir='ltr'><strong>dignis.</strong></span> <span class='ocrx_word' id='word_1_149' title='bbox 1333 1994 1452 2061; x_wconf 85' lang='lat' dir='ltr'><strong>Datum</strong></span> <span class='ocrx_word' id='word_1_150' title='bbox 1473 1994 1507 2061; x_wconf 96' lang='lat' dir='ltr'><strong>in</strong></span> <span class='ocrx_word' id='word_1_151' title='bbox 1524 1994 1653 2061; x_wconf 85' lang='lat' dir='ltr'><strong>Poznan</strong></span> <span class='ocrx_word' id='word_1_152' title='bbox 1674 2012 1757 2061; x_wconf 90' lang='lat' dir='ltr'><strong>auno</strong></span> <span class='ocrx_word' id='word_1_153' title='bbox 1777 1993 1905 2061; x_wconf 89' lang='lat' dir='ltr'><strong>Domini</strong></span> <span class='ocrx_word' id='word_1_154' title='bbox 1923 1995 2089 2063; x_wconf 80' lang='lat' dir='ltr'><strong>millesimo</strong></span> 
     </span>
     <span class='ocr_line' id='line_1_16' title="bbox 540 2093 2091 2182; baseline 0.001 -20"><span class='ocrx_word' id='word_1_155' title='bbox 540 2093 756 2165; x_wconf 83' lang='lat' dir='ltr'><strong>ducentesimo</strong></span> <span class='ocrx_word' id='word_1_156' title='bbox 786 2099 977 2182; x_wconf 83' lang='lat' dir='ltr'><strong>octogesimo</strong></span> <span class='ocrx_word' id='word_1_157' title='bbox 1005 2099 1150 2182; x_wconf 84' lang='lat' dir='ltr'><strong>septimo,</strong></span> <span class='ocrx_word' id='word_1_158' title='bbox 1171 2097 1205 2164; x_wconf 95' lang='lat' dir='ltr'><strong>in</strong></span> <span class='ocrx_word' id='word_1_159' title='bbox 1223 2095 1275 2163; x_wconf 82' lang='lat' dir='ltr'><strong>die</strong></span> <span class='ocrx_word' id='word_1_160' title='bbox 1295 2096 1381 2164; x_wconf 86' lang='lat' dir='ltr'><strong>boati</strong></span> <span class='ocrx_word' id='word_1_161' title='bbox 1402 2095 1549 2164; x_wconf 87' lang='lat' dir='ltr'><strong>Maurieii</strong></span> <span class='ocrx_word' id='word_1_162' title='bbox 1570 2103 1604 2164; x_wconf 89' lang='lat' dir='ltr'><strong>et</strong></span> <span class='ocrx_word' id='word_1_163' title='bbox 1624 2096 1780 2164; x_wconf 90' lang='lat' dir='ltr'><strong>sociorum</strong></span> <span class='ocrx_word' id='word_1_164' title='bbox 1802 2098 1881 2178; x_wconf 88' lang='lat' dir='ltr'><strong>cias,</strong></span> <span class='ocrx_word' id='word_1_165' title='bbox 1903 2116 1961 2182; x_wconf 89' lang='lat' dir='ltr'><strong>per</strong></span> <span class='ocrx_word' id='word_1_166' title='bbox 1978 2116 2091 2164; x_wconf 87' lang='lat' dir='ltr'><strong>manns</strong></span> 
     </span>
     <span class='ocr_line' id='line_1_17' title="bbox 539 2195 1773 2283; baseline -0.002 -17"><span class='ocrx_word' id='word_1_167' title='bbox 539 2195 678 2266; x_wconf 82' lang='lat' dir='ltr'><strong>lcseenis</strong></span> <span class='ocrx_word' id='word_1_168' title='bbox 699 2198 879 2283; x_wconf 82' lang='lat' dir='ltr'><strong>confratris,</strong></span> <span class='ocrx_word' id='word_1_169' title='bbox 901 2200 1016 2267; x_wconf 87' lang='lat' dir='ltr'><strong>notarii</strong></span> <span class='ocrx_word' id='word_1_170' title='bbox 1037 2200 1149 2267; x_wconf 86' lang='lat' dir='ltr'><strong>nostri.</strong></span> <span class='ocrx_word' id='word_1_171' title='bbox 1771 2196 1773 2201; x_wconf 74' lang='grc'>’</span> 
     </span>
    </p>
   </div>
   <div class='ocr_carea' id='block_1_3' title="bbox 538 2401 2089 2588">
    <p class='ocr_par' dir='ltr' id='par_1_3' title="bbox 538 2401 2089 2588">
     <span class='ocr_line' id='line_1_18' title="bbox 538 2401 2089 2572; baseline 0.001 -103"><span class='ocrx_word' id='word_1_172' title='bbox 538 2401 853 2572; x_wconf 47' lang='grc' dir='ltr'><strong>οωθοτέωθονο.</strong></span> <span class='ocrx_word' id='word_1_173' title='bbox 898 2403 1044 2489; x_wconf 86' lang='lat' dir='ltr'><strong>Kelpino,</strong></span> <span class='ocrx_word' id='word_1_174' title='bbox 1065 2409 1208 2486; x_wconf 72' lang='lat' dir='ltr'><strong>rnerpm</strong></span> <span class='ocrx_word' id='word_1_175' title='bbox 1244 2403 1354 2487; x_wconf 85' lang='lat' dir='ltr'><strong>Kiaco,</strong></span> <span class='ocrx_word' id='word_1_176' title='bbox 1377 2408 1538 2472; x_wconf 69' lang='lat' dir='ltr'><strong>Kaettooo.</strong></span> <span class='ocrx_word' id='word_1_177' title='bbox 1583 2402 1802 2488; x_wconf 81' lang='lat' dir='ltr'><strong>chromacino,</strong></span> <span class='ocrx_word' id='word_1_178' title='bbox 1825 2412 1876 2471; x_wconf 85' lang='lat' dir='ltr'><strong>nie</strong></span> <span class='ocrx_word' id='word_1_179' title='bbox 1889 2409 2089 2487; x_wconf 78' lang='lat' dir='ltr'><strong>adpodnione.</strong></span> 
     </span>
     <span class='ocr_line' id='line_1_19' title="bbox 644 2513 815 2588; baseline 0.012 -17"><span class='ocrx_word' id='word_1_180' title='bbox 644 2525 672 2588; x_wconf 89' lang='lat' dir='ltr'><strong>e,</strong></span> <span class='ocrx_word' id='word_1_181' title='bbox 779 2513 815 2573; x_wconf 85' lang='lat' dir='ltr'><strong>te.</strong></span> 
     </span>
    </p>
   </div>
   <div class='ocr_carea' id='block_1_4' title="bbox 641 2801 2093 3106">
    <p class='ocr_par' dir='ltr' id='par_1_4' title="bbox 641 2801 2093 3106">
     <span class='ocr_line' id='line_1_20' title="bbox 1206 2801 1413 2892; baseline 0.01 -2"><span class='ocrx_word' id='word_1_182' title='bbox 1206 2806 1280 2891; x_wconf 86' lang='lat' dir='ltr'><strong>Nr.</strong></span> <span class='ocrx_word' id='word_1_183' title='bbox 1313 2801 1413 2892; x_wconf 83' lang='lat'><strong>583.</strong></span> 
     </span>
     <span class='ocr_line' id='line_1_21' title="bbox 641 2999 2093 3106; baseline 0.002 -23"><span class='ocrx_word' id='word_1_184' title='bbox 641 2999 831 3083; x_wconf 84' lang='lat' dir='ltr'><strong>Jobrnnn</strong></span> <span class='ocrx_word' id='word_1_185' title='bbox 858 3001 1037 3083; x_wconf 84' lang='lat' dir='ltr'><strong>socuntrn</strong></span> <span class='ocrx_word' id='word_1_186' title='bbox 1063 3001 1303 3085; x_wconf 80' lang='lat' dir='ltr'><strong>Pannonicus.</strong></span> <span class='ocrx_word' id='word_1_187' title='bbox 1331 3001 1523 3105; x_wconf 86' lang='lat' dir='ltr'><strong>opiscopus</strong></span> <span class='ocrx_word' id='word_1_188' title='bbox 1549 3003 1683 3082; x_wconf 79' lang='lat'>1287</span> <span class='ocrx_word' id='word_1_189' title='bbox 1707 3002 1798 3085; x_wconf 84' lang='lat' dir='ltr'><strong>lior.</strong></span> <span class='ocrx_word' id='word_1_190' title='bbox 1815 3004 1863 3102; x_wconf 79' lang='grc'><strong>8,</strong></span> <span class='ocrx_word' id='word_1_191' title='bbox 1890 3001 2093 3106; x_wconf 63' lang='lat' dir='ltr'><strong>Pannonia</strong></span> 
     </span>
    </p>
   </div>
   <div class='ocr_carea' id='block_1_5' title="bbox 538 3113 2094 3511">
    <p class='ocr_par' dir='ltr' id='par_1_5' title="bbox 538 3113 2094 3410">
     <span class='ocr_line' id='line_1_22' title="bbox 538 3113 2093 3207; baseline 0.002 -19"><span class='ocrx_word' id='word_1_192' title='bbox 538 3118 661 3188; x_wconf 82' lang='lat' dir='ltr'><strong>eenlcrt</strong></span> <span class='ocrx_word' id='word_1_193' title='bbox 674 3119 817 3202; x_wconf 88' lang='lat' dir='ltr'><strong>Iohanni,</strong></span> <span class='ocrx_word' id='word_1_194' title='bbox 837 3119 959 3203; x_wconf 85' lang='lat' dir='ltr'><strong>Iacobo,</strong></span> <span class='ocrx_word' id='word_1_195' title='bbox 982 3120 1114 3188; x_wconf 86' lang='lat' dir='ltr'><strong>Nicolao</strong></span> <span class='ocrx_word' id='word_1_196' title='bbox 1128 3127 1161 3189; x_wconf 90' lang='lat' dir='ltr'><strong>et</strong></span> <span class='ocrx_word' id='word_1_197' title='bbox 1180 3120 1350 3206; x_wconf 85' lang='lat' dir='ltr'><strong>Stephano,</strong></span> <span class='ocrx_word' id='word_1_198' title='bbox 1373 3120 1447 3188; x_wconf 87' lang='lat' dir='ltr'><strong>liliis</strong></span> <span class='ocrx_word' id='word_1_199' title='bbox 1467 3118 1497 3188; x_wconf 88' lang='lat' dir='ltr'><strong>b.</strong></span> <span class='ocrx_word' id='word_1_200' title='bbox 1520 3141 1562 3188; x_wconf 90' lang='lat' dir='ltr'><strong>m.</strong></span> <span class='ocrx_word' id='word_1_201' title='bbox 1585 3120 1692 3190; x_wconf 81' lang='lat' dir='ltr'><strong>lucebi</strong></span> <span class='ocrx_word' id='word_1_202' title='bbox 1710 3123 1882 3207; x_wconf 78' lang='lat' dir='ltr'><strong>praepositi</strong></span> <span class='ocrx_word' id='word_1_203' title='bbox 1897 3113 2093 3191; x_wconf 85' lang='lat' dir='ltr'><strong>Poznaaien-</strong></span> 
     </span>
     <span class='ocr_line' id='line_1_23' title="bbox 538 3220 2094 3307; baseline 0.003 -17"><span class='ocrx_word' id='word_1_204' title='bbox 538 3222 594 3306; x_wconf 87' lang='lat' dir='ltr'><strong>sia,</strong></span> <span class='ocrx_word' id='word_1_205' title='bbox 614 3240 672 3307; x_wconf 89' lang='lat' dir='ltr'><strong>pro</strong></span> <span class='ocrx_word' id='word_1_206' title='bbox 693 3220 871 3290; x_wconf 85' lang='lat' dir='ltr'><strong>hereditate</strong></span> <span class='ocrx_word' id='word_1_207' title='bbox 892 3222 1052 3306; x_wconf 84' lang='lat' dir='ltr'><strong>Krerono,</strong></span> <span class='ocrx_word' id='word_1_208' title='bbox 1075 3242 1170 3307; x_wconf 89' lang='lat' dir='ltr'><strong>quam</strong></span> <span class='ocrx_word' id='word_1_209' title='bbox 1190 3224 1339 3292; x_wconf 81' lang='lat' dir='ltr'><strong>ecclosias</strong></span> <span class='ocrx_word' id='word_1_210' title='bbox 1359 3223 1567 3291; x_wconf 85' lang='lat' dir='ltr'><strong>Poznaaiensi</strong></span> <span class='ocrx_word' id='word_1_211' title='bbox 1587 3225 1751 3307; x_wconf 79' lang='lat' dir='ltr'><strong>dedemnt,</strong></span> <span class='ocrx_word' id='word_1_212' title='bbox 1774 3225 1983 3294; x_wconf 76' lang='lat' dir='ltr'><strong>hereditatam</strong></span> <span class='ocrx_word' id='word_1_213' title='bbox 2007 3226 2094 3294; x_wconf 92' lang='lat' dir='ltr'><strong>Iuni·</strong></span> 
     </span>
     <span class='ocr_line' id='line_1_24' title="bbox 539 3323 1083 3410; baseline 0.002 -18"><span class='ocrx_word' id='word_1_214' title='bbox 539 3323 630 3392; x_wconf 73' lang='lat' dir='ltr'><strong>horto</strong></span> <span class='ocrx_word' id='word_1_215' title='bbox 651 3324 692 3392; x_wconf 85' lang='lat' dir='ltr'><strong>ad</strong></span> <span class='ocrx_word' id='word_1_216' title='bbox 715 3331 839 3410; x_wconf 83' lang='lat' dir='ltr'><strong>tempus</strong></span> <span class='ocrx_word' id='word_1_217' title='bbox 861 3326 944 3394; x_wconf 82' lang='lat' dir='ltr'><strong>vitae</strong></span> <span class='ocrx_word' id='word_1_218' title='bbox 965 3345 1083 3394; x_wconf 86' lang='lat' dir='ltr'><strong>eorum.</strong></span> 
     </span>
    </p>

    <p class='ocr_par' dir='ltr' id='par_1_6' title="bbox 642 3427 1541 3511">
     <span class='ocr_line' id='line_1_25' title="bbox 642 3427 1541 3511; baseline 0.007 -20"><span class='ocrx_word' id='word_1_219' title='bbox 642 3427 781 3496; x_wconf 74' lang='lat' dir='ltr'><strong>roman.</strong></span> <span class='ocrx_word' id='word_1_220' title='bbox 825 3433 941 3494; x_wconf 64' lang='lat' dir='ltr'><strong>Arent.</strong></span> <span class='ocrx_word' id='word_1_221' title='bbox 969 3433 1109 3510; x_wconf 74' lang='lat' dir='ltr'><strong>capum</strong></span> <span class='ocrx_word' id='word_1_222' title='bbox 1155 3432 1215 3494; x_wconf 83' lang='lat' dir='ltr'><strong>ro.</strong></span> <span class='ocrx_word' id='word_1_223' title='bbox 1231 3435 1334 3511; x_wconf 60' lang='lat' dir='ltr'><strong>paon.</strong></span> <span class='ocrx_word' id='word_1_224' title='bbox 1357 3434 1393 3510; x_wconf 83' lang='lat' dir='ltr'><strong>a,</strong></span> <span class='ocrx_word' id='word_1_225' title='bbox 1415 3433 1469 3495; x_wconf 78' lang='lat' dir='ltr'><strong>nr.</strong></span> <span class='ocrx_word' id='word_1_226' title='bbox 1487 3432 1541 3497; x_wconf 86' lang='lat' dir='ltr'><strong>so.</strong></span> 
     </span>
    </p>
   </div>
   <div class='ocr_carea' id='block_1_6' title="bbox 539 3630 2100 4946">
    <p class='ocr_par' dir='ltr' id='par_1_7' title="bbox 539 3630 2100 4946">
     <span class='ocr_line' id='line_1_26' title="bbox 635 3630 2096 3728; baseline 0.003 -28"><span class='ocrx_word' id='word_1_227' title='bbox 635 3631 681 3728; x_wconf 21' lang='lat' dir='ltr'><strong>,nr</strong></span> <span class='ocrx_word' id='word_1_228' title='bbox 702 3634 829 3701; x_wconf 89' lang='lat' dir='ltr'><strong>nomino</strong></span> <span class='ocrx_word' id='word_1_229' title='bbox 850 3632 976 3701; x_wconf 88' lang='lat' dir='ltr'><strong>Domini</strong></span> <span class='ocrx_word' id='word_1_230' title='bbox 997 3633 1099 3701; x_wconf 87' lang='lat' dir='ltr'><strong>nostri</strong></span> <span class='ocrx_word' id='word_1_231' title='bbox 1120 3632 1215 3701; x_wconf 80' lang='lat' dir='ltr'><strong>ihesu</strong></span> <span class='ocrx_word' id='word_1_232' title='bbox 1237 3632 1357 3702; x_wconf 78' lang='lat' dir='ltr'><strong>Christi</strong></span> <span class='ocrx_word' id='word_1_233' title='bbox 1379 3653 1481 3702; x_wconf 87' lang='lat' dir='ltr'><strong>amen.</strong></span> <span class='ocrx_word' id='word_1_234' title='bbox 1510 3630 1577 3701; x_wconf 76' lang='lat' dir='ltr'><strong>lios</strong></span> <span class='ocrx_word' id='word_1_235' title='bbox 1597 3633 1754 3701; x_wconf 85' lang='lat' dir='ltr'><strong>Iohannes</strong></span> <span class='ocrx_word' id='word_1_236' title='bbox 1775 3636 1942 3718; x_wconf 87' lang='lat' dir='ltr'><strong>secundus,</strong></span> <span class='ocrx_word' id='word_1_237' title='bbox 1963 3636 2096 3705; x_wconf 71' lang='lat' dir='ltr'><strong>misera</strong></span> 
     </span>
     <span class='ocr_line' id='line_1_27' title="bbox 539 3735 2095 3823; baseline 0.002 -20"><span class='ocrx_word' id='word_1_238' title='bbox 539 3735 626 3805; x_wconf 82' lang='lat' dir='ltr'><strong>tione</strong></span> <span class='ocrx_word' id='word_1_239' title='bbox 646 3735 753 3803; x_wconf 86' lang='lat' dir='ltr'><strong>divina</strong></span> <span class='ocrx_word' id='word_1_240' title='bbox 774 3736 997 3804; x_wconf 87' lang='lat' dir='ltr'><strong>Poznaaiensis</strong></span> <span class='ocrx_word' id='word_1_241' title='bbox 1017 3736 1193 3821; x_wconf 88' lang='lat' dir='ltr'><strong>episcopus,</strong></span> <span class='ocrx_word' id='word_1_242' title='bbox 1215 3743 1325 3804; x_wconf 91' lang='lat' dir='ltr'><strong>notum</strong></span> <span class='ocrx_word' id='word_1_243' title='bbox 1348 3736 1481 3804; x_wconf 72' lang='lat' dir='ltr'><strong>homas</strong></span> <span class='ocrx_word' id='word_1_244' title='bbox 1502 3737 1657 3804; x_wconf 86' lang='lat' dir='ltr'><strong>universis</strong></span> <span class='ocrx_word' id='word_1_245' title='bbox 1675 3743 1852 3819; x_wconf 83' lang='lat' dir='ltr'><strong>presentem</strong></span> <span class='ocrx_word' id='word_1_246' title='bbox 1874 3739 2024 3823; x_wconf 81' lang='lat' dir='ltr'><strong>paginam</strong></span> <span class='ocrx_word' id='word_1_247' title='bbox 2047 3739 2095 3805; x_wconf 91' lang='lat' dir='ltr'><strong>in·</strong></span> 
     </span>
     <span class='ocr_line' id='line_1_28' title="bbox 539 3837 2097 3924; baseline 0.003 -20"><span class='ocrx_word' id='word_1_248' title='bbox 539 3838 705 3922; x_wconf 84' lang='lat' dir='ltr'><strong>spectaris,</strong></span> <span class='ocrx_word' id='word_1_249' title='bbox 725 3837 810 3922; x_wconf 90' lang='lat' dir='ltr'><strong>quod</strong></span> <span class='ocrx_word' id='word_1_250' title='bbox 831 3839 865 3904; x_wconf 92' lang='lat' dir='ltr'><strong>iu</strong></span> <span class='ocrx_word' id='word_1_251' title='bbox 886 3843 996 3904; x_wconf 89' lang='lat' dir='ltr'><strong>nostra</strong></span> <span class='ocrx_word' id='word_1_252' title='bbox 1015 3837 1213 3923; x_wconf 75' lang='lat' dir='ltr'><strong>fratrumque</strong></span> <span class='ocrx_word' id='word_1_253' title='bbox 1235 3845 1413 3906; x_wconf 89' lang='lat' dir='ltr'><strong>nostrorum</strong></span> <span class='ocrx_word' id='word_1_254' title='bbox 1435 3839 1596 3922; x_wconf 86' lang='lat' dir='ltr'><strong>presentia</strong></span> <span class='ocrx_word' id='word_1_255' title='bbox 1617 3837 1784 3924; x_wconf 81' lang='lat' dir='ltr'><strong>lebannes,</strong></span> <span class='ocrx_word' id='word_1_256' title='bbox 1806 3839 1939 3908; x_wconf 90' lang='lat' dir='ltr'><strong>Iacobus</strong></span> <span class='ocrx_word' id='word_1_257' title='bbox 1953 3849 1987 3908; x_wconf 87' lang='lat' dir='ltr'><strong>et</strong></span> <span class='ocrx_word' id='word_1_258' title='bbox 2000 3840 2097 3909; x_wconf 86' lang='lat' dir='ltr'><strong>Nico-</strong></span> 
     </span>
     <span class='ocr_line' id='line_1_29' title="bbox 539 3936 2096 4024; baseline 0.003 -18"><span class='ocrx_word' id='word_1_259' title='bbox 539 3936 620 4022; x_wconf 86' lang='lat' dir='ltr'><strong>laus,</strong></span> <span class='ocrx_word' id='word_1_260' title='bbox 650 3937 707 4006; x_wconf 88' lang='lat' dir='ltr'><strong>tilii</strong></span> <span class='ocrx_word' id='word_1_261' title='bbox 732 3939 814 4007; x_wconf 91' lang='lat' dir='ltr'><strong>bone</strong></span> <span class='ocrx_word' id='word_1_262' title='bbox 837 3938 1062 4006; x_wconf 87' lang='lat' dir='ltr'><strong>recordationis</strong></span> <span class='ocrx_word' id='word_1_263' title='bbox 1089 3939 1194 4008; x_wconf 85' lang='lat' dir='ltr'><strong>iacobi</strong></span> <span class='ocrx_word' id='word_1_264' title='bbox 1224 3941 1383 4024; x_wconf 89' lang='lat' dir='ltr'><strong>quondam</strong></span> <span class='ocrx_word' id='word_1_265' title='bbox 1408 3940 1561 4024; x_wconf 87' lang='lat' dir='ltr'><strong>prepositi</strong></span> <span class='ocrx_word' id='word_1_266' title='bbox 1586 3940 1821 4023; x_wconf 85' lang='lat' dir='ltr'><strong>Poznaaiensis,</strong></span> <span class='ocrx_word' id='word_1_267' title='bbox 1854 3941 1896 4009; x_wconf 95' lang='lat' dir='ltr'><strong>ob</strong></span> <span class='ocrx_word' id='word_1_268' title='bbox 1923 3944 2096 4011; x_wconf 77' lang='lat' dir='ltr'><strong>maenium</strong></span> 
     </span>
     <span class='ocr_line' id='line_1_30' title="bbox 540 4041 2097 4127; baseline 0.003 -19"><span class='ocrx_word' id='word_1_269' title='bbox 540 4047 708 4124; x_wconf 85' lang='lat' dir='ltr'><strong>parentum</strong></span> <span class='ocrx_word' id='word_1_270' title='bbox 730 4059 858 4108; x_wconf 84' lang='lat' dir='ltr'><strong>mamm</strong></span> <span class='ocrx_word' id='word_1_271' title='bbox 880 4048 914 4107; x_wconf 85' lang='lat' dir='ltr'><strong>et</strong></span> <span class='ocrx_word' id='word_1_272' title='bbox 935 4042 1111 4109; x_wconf 88' lang='lat' dir='ltr'><strong>animarum</strong></span> <span class='ocrx_word' id='word_1_273' title='bbox 1133 4061 1262 4110; x_wconf 87' lang='lat' dir='ltr'><strong>suarum</strong></span> <span class='ocrx_word' id='word_1_274' title='bbox 1276 4043 1484 4110; x_wconf 85' lang='lat' dir='ltr'><strong>hereditatam</strong></span> <span class='ocrx_word' id='word_1_275' title='bbox 1499 4043 1651 4127; x_wconf 90' lang='lat' dir='ltr'><strong>ipsoram,</strong></span> <span class='ocrx_word' id='word_1_276' title='bbox 1671 4041 1815 4110; x_wconf 75' lang='lat' dir='ltr'><strong>(tritono</strong></span> <span class='ocrx_word' id='word_1_277' title='bbox 1830 4045 2003 4126; x_wconf 83' lang='lat' dir='ltr'><strong>vulgariter</strong></span> <span class='ocrx_word' id='word_1_278' title='bbox 2016 4065 2097 4112; x_wconf 90' lang='lat' dir='ltr'><strong>auu·</strong></span> 
     </span>
     <span class='ocr_line' id='line_1_31' title="bbox 544 4141 2096 4230; baseline 0.003 -20"><span class='ocrx_word' id='word_1_279' title='bbox 544 4147 702 4227; x_wconf 83' lang='lat' dir='ltr'><strong>cupatam,</strong></span> <span class='ocrx_word' id='word_1_280' title='bbox 726 4143 947 4226; x_wconf 81' lang='lat' dir='ltr'><strong>prominentes</strong></span> <span class='ocrx_word' id='word_1_281' title='bbox 965 4161 1023 4226; x_wconf 93' lang='lat' dir='ltr'><strong>pro</strong></span> <span class='ocrx_word' id='word_1_282' title='bbox 1046 4141 1145 4211; x_wconf 85' lang='lat' dir='ltr'><strong>fratre</strong></span> <span class='ocrx_word' id='word_1_283' title='bbox 1165 4145 1304 4228; x_wconf 83' lang='lat' dir='ltr'><strong>ipsoram</strong></span> <span class='ocrx_word' id='word_1_284' title='bbox 1326 4144 1498 4228; x_wconf 85' lang='lat' dir='ltr'><strong>Stephano,</strong></span> <span class='ocrx_word' id='word_1_285' title='bbox 1527 4164 1612 4212; x_wconf 94' lang='lat' dir='ltr'><strong>nune</strong></span> <span class='ocrx_word' id='word_1_286' title='bbox 1641 4164 1739 4212; x_wconf 88' lang='lat' dir='ltr'><strong>caasa</strong></span> <span class='ocrx_word' id='word_1_287' title='bbox 1765 4146 1941 4214; x_wconf 90' lang='lat' dir='ltr'><strong>studiorum</strong></span> <span class='ocrx_word' id='word_1_288' title='bbox 1962 4148 2096 4230; x_wconf 84' lang='lat' dir='ltr'><strong>absenti,</strong></span> 
     </span>
     <span class='ocr_line' id='line_1_32' title="bbox 543 4243 2098 4333; baseline 0.004 -21"><span class='ocrx_word' id='word_1_289' title='bbox 543 4243 604 4312; x_wconf 93' lang='lat' dir='ltr'><strong>boc</strong></span> <span class='ocrx_word' id='word_1_290' title='bbox 624 4244 705 4312; x_wconf 88' lang='lat' dir='ltr'><strong>idem</strong></span> <span class='ocrx_word' id='word_1_291' title='bbox 728 4252 854 4330; x_wconf 85' lang='lat' dir='ltr'><strong>gratnm</strong></span> <span class='ocrx_word' id='word_1_292' title='bbox 877 4251 911 4312; x_wconf 86' lang='lat' dir='ltr'><strong>et</strong></span> <span class='ocrx_word' id='word_1_293' title='bbox 932 4252 1037 4311; x_wconf 88' lang='lat' dir='ltr'><strong>ratum</strong></span> <span class='ocrx_word' id='word_1_294' title='bbox 1058 4245 1249 4328; x_wconf 90' lang='lat' dir='ltr'><strong>habitururn,</strong></span> <span class='ocrx_word' id='word_1_295' title='bbox 1271 4247 1401 4315; x_wconf 73' lang='lat' dir='ltr'><strong>acclama</strong></span> <span class='ocrx_word' id='word_1_296' title='bbox 1422 4247 1629 4315; x_wconf 88' lang='lat' dir='ltr'><strong>Poznaaiensi</strong></span> <span class='ocrx_word' id='word_1_297' title='bbox 1660 4253 1812 4333; x_wconf 89' lang='lat' dir='ltr'><strong>perpetuo</strong></span> <span class='ocrx_word' id='word_1_298' title='bbox 1831 4249 2003 4317; x_wconf 80' lang='lat' dir='ltr'><strong>liberaliter</strong></span> <span class='ocrx_word' id='word_1_299' title='bbox 2025 4269 2098 4318; x_wconf 92' lang='lat' dir='ltr'><strong>con·</strong></span> 
     </span>
     <span class='ocr_line' id='line_1_33' title="bbox 545 4339 2098 4435; baseline 0.005 -23"><span class='ocrx_word' id='word_1_300' title='bbox 545 4345 697 4414; x_wconf 85' lang='lat' dir='ltr'><strong>tulerunt.</strong></span> <span class='ocrx_word' id='word_1_301' title='bbox 741 4347 845 4428; x_wconf 86' lang='lat' dir='ltr'><strong>Quare</strong></span> <span class='ocrx_word' id='word_1_302' title='bbox 863 4347 903 4414; x_wconf 89' lang='lat' dir='ltr'><strong>dc</strong></span> <span class='ocrx_word' id='word_1_303' title='bbox 924 4347 1064 4429; x_wconf 87' lang='lat' dir='ltr'><strong>consilio,</strong></span> <span class='ocrx_word' id='word_1_304' title='bbox 1088 4367 1241 4415; x_wconf 86' lang='lat' dir='ltr'><strong>consensu</strong></span> <span class='ocrx_word' id='word_1_305' title='bbox 1262 4339 1297 4416; x_wconf 83' lang='lat' dir='ltr'><strong>et</strong></span> <span class='ocrx_word' id='word_1_306' title='bbox 1313 4349 1479 4416; x_wconf 83' lang='lat' dir='ltr'><strong>uoluntate</strong></span> <span class='ocrx_word' id='word_1_307' title='bbox 1494 4351 1595 4416; x_wconf 91' lang='lat' dir='ltr'><strong>nostri</strong></span> <span class='ocrx_word' id='word_1_308' title='bbox 1611 4349 1761 4434; x_wconf 82' lang='lat' dir='ltr'><strong>Capituli,</strong></span> <span class='ocrx_word' id='word_1_309' title='bbox 1784 4351 1911 4433; x_wconf 79' lang='lat' dir='ltr'><strong>eistlom,</strong></span> <span class='ocrx_word' id='word_1_310' title='bbox 1933 4371 2013 4435; x_wconf 90' lang='lat' dir='ltr'><strong>quos</strong></span> <span class='ocrx_word' id='word_1_311' title='bbox 2029 4359 2098 4420; x_wconf 87' lang='lat' dir='ltr'><strong>tan·</strong></span> 
     </span>
     <span class='ocr_line' id='line_1_34' title="bbox 542 4449 2100 4538; baseline 0.004 -23"><span class='ocrx_word' id='word_1_312' title='bbox 542 4467 639 4533; x_wconf 86' lang='lat' dir='ltr'><strong>quam</strong></span> <span class='ocrx_word' id='word_1_313' title='bbox 659 4449 741 4516; x_wconf 90' lang='lat' dir='ltr'><strong>tilios</strong></span> <span class='ocrx_word' id='word_1_314' title='bbox 763 4451 796 4515; x_wconf 92' lang='lat' dir='ltr'><strong>irr</strong></span> <span class='ocrx_word' id='word_1_315' title='bbox 816 4449 944 4516; x_wconf 84' lang='lat' dir='ltr'><strong>Christo</strong></span> <span class='ocrx_word' id='word_1_316' title='bbox 967 4449 1150 4517; x_wconf 86' lang='lat' dir='ltr'><strong>karissimos</strong></span> <span class='ocrx_word' id='word_1_317' title='bbox 1171 4452 1288 4519; x_wconf 82' lang='lat' dir='ltr'><strong>aflectu</strong></span> <span class='ocrx_word' id='word_1_318' title='bbox 1310 4453 1454 4519; x_wconf 73' lang='lat' dir='ltr'><strong>cantatis</strong></span> <span class='ocrx_word' id='word_1_319' title='bbox 1476 4452 1697 4536; x_wconf 87' lang='lat' dir='ltr'><strong>amplectimur</strong></span> <span class='ocrx_word' id='word_1_320' title='bbox 1723 4459 1756 4519; x_wconf 89' lang='lat' dir='ltr'><strong>et</strong></span> <span class='ocrx_word' id='word_1_321' title='bbox 1781 4453 1931 4537; x_wconf 86' lang='lat' dir='ltr'><strong>levemus,</strong></span> <span class='ocrx_word' id='word_1_322' title='bbox 1959 4456 2100 4538; x_wconf 87' lang='lat' dir='ltr'><strong>gratiosa</strong></span> 
     </span>
     <span class='ocr_line' id='line_1_35' title="bbox 543 4550 2099 4647; baseline 0.006 -31"><span class='ocrx_word' id='word_1_323' title='bbox 543 4551 706 4634; x_wconf 86' lang='lat' dir='ltr'><strong>providero</strong></span> <span class='ocrx_word' id='word_1_324' title='bbox 720 4550 936 4618; x_wconf 88' lang='lat' dir='ltr'><strong>vicissitudine</strong></span> <span class='ocrx_word' id='word_1_325' title='bbox 958 4552 1130 4634; x_wconf 88' lang='lat' dir='ltr'><strong>cupientes,</strong></span> <span class='ocrx_word' id='word_1_326' title='bbox 1153 4553 1359 4621; x_wconf 86' lang='lat' dir='ltr'><strong>hereditatem</strong></span> <span class='ocrx_word' id='word_1_327' title='bbox 1381 4574 1439 4621; x_wconf 87' lang='lat' dir='ltr'><strong>sea</strong></span> <span class='ocrx_word' id='word_1_328' title='bbox 1460 4555 1568 4623; x_wconf 89' lang='lat' dir='ltr'><strong>rillnm</strong></span> <span class='ocrx_word' id='word_1_329' title='bbox 1591 4556 1730 4647; x_wconf 84' lang='lat' dir='ltr'><strong>Capituli</strong></span> <span class='ocrx_word' id='word_1_330' title='bbox 1745 4558 1855 4636; x_wconf 89' lang='lat' dir='ltr'><strong>nostri,</strong></span> <span class='ocrx_word' id='word_1_331' title='bbox 1870 4557 2016 4626; x_wconf 84' lang='lat' dir='ltr'><strong>lanieoro</strong></span> <span class='ocrx_word' id='word_1_332' title='bbox 2031 4559 2099 4625; x_wconf 88' lang='lat' dir='ltr'><strong>vul·</strong></span> 
     </span>
     <span class='ocr_line' id='line_1_36' title="bbox 541 4651 2099 4749; baseline 0.005 -31"><span class='ocrx_word' id='word_1_333' title='bbox 541 4652 660 4735; x_wconf 80' lang='lat' dir='ltr'><strong>geritur</strong></span> <span class='ocrx_word' id='word_1_334' title='bbox 679 4654 881 4733; x_wconf 87' lang='lat' dir='ltr'><strong>nominatam,</strong></span> <span class='ocrx_word' id='word_1_335' title='bbox 905 4651 1074 4735; x_wconf 86' lang='lat' dir='ltr'><strong>Stoplnuro,</strong></span> <span class='ocrx_word' id='word_1_336' title='bbox 1098 4654 1241 4749; x_wconf 89' lang='lat' dir='ltr'><strong>Iohanni,</strong></span> <span class='ocrx_word' id='word_1_337' title='bbox 1265 4655 1376 4723; x_wconf 89' lang='lat' dir='ltr'><strong>Iacobo</strong></span> <span class='ocrx_word' id='word_1_338' title='bbox 1398 4665 1432 4723; x_wconf 91' lang='lat' dir='ltr'><strong>et</strong></span> <span class='ocrx_word' id='word_1_339' title='bbox 1454 4653 1595 4739; x_wconf 82' lang='lat' dir='ltr'><strong>Nimlao,</strong></span> <span class='ocrx_word' id='word_1_340' title='bbox 1619 4657 1770 4724; x_wconf 85' lang='lat' dir='ltr'><strong>iratribus</strong></span> <span class='ocrx_word' id='word_1_341' title='bbox 1792 4660 1856 4724; x_wconf 90' lang='lat' dir='ltr'><strong>ianr</strong></span> <span class='ocrx_word' id='word_1_342' title='bbox 1879 4659 2019 4743; x_wconf 82' lang='lat' dir='ltr'><strong>pretatis,</strong></span> <span class='ocrx_word' id='word_1_343' title='bbox 2043 4680 2099 4727; x_wconf 90' lang='lat' dir='ltr'><strong>no·</strong></span> 
     </span>
     <span class='ocr_line' id='line_1_37' title="bbox 542 4754 2097 4846; baseline 0.006 -26"><span class='ocrx_word' id='word_1_344' title='bbox 542 4754 627 4821; x_wconf 89' lang='lat' dir='ltr'><strong>minc</strong></span> <span class='ocrx_word' id='word_1_345' title='bbox 650 4754 789 4838; x_wconf 86' lang='lat' dir='ltr'><strong>Capituli</strong></span> <span class='ocrx_word' id='word_1_346' title='bbox 812 4756 1022 4820; x_wconf 83' lang='lat' dir='ltr'><strong>concessimus</strong></span> <span class='ocrx_word' id='word_1_347' title='bbox 1045 4774 1116 4822; x_wconf 89' lang='lat' dir='ltr'><strong>eum</strong></span> <span class='ocrx_word' id='word_1_348' title='bbox 1138 4756 1259 4824; x_wconf 89' lang='lat' dir='ltr'><strong>decima</strong></span> <span class='ocrx_word' id='word_1_349' title='bbox 1280 4777 1318 4825; x_wconf 90' lang='lat' dir='ltr'><strong>ac</strong></span> <span class='ocrx_word' id='word_1_350' title='bbox 1333 4759 1527 4827; x_wconf 90' lang='lat' dir='ltr'><strong>utilitatibus</strong></span> <span class='ocrx_word' id='word_1_351' title='bbox 1542 4760 1687 4827; x_wconf 83' lang='lat' dir='ltr'><strong>omnibns</strong></span> <span class='ocrx_word' id='word_1_352' title='bbox 1704 4762 1828 4842; x_wconf 89' lang='lat' dir='ltr'><strong>ibidem,</strong></span> <span class='ocrx_word' id='word_1_353' title='bbox 1852 4781 1913 4846; x_wconf 90' lang='lat' dir='ltr'><strong>que</strong></span> <span class='ocrx_word' id='word_1_354' title='bbox 1926 4782 2009 4830; x_wconf 90' lang='lat' dir='ltr'><strong>nune</strong></span> <span class='ocrx_word' id='word_1_355' title='bbox 2024 4772 2097 4830; x_wconf 92' lang='lat' dir='ltr'><strong>sunt</strong></span> 
     </span>
     <span class='ocr_line' id='line_1_38' title="bbox 541 4856 2098 4946; baseline 0.006 -24"><span class='ocrx_word' id='word_1_356' title='bbox 541 4862 576 4922; x_wconf 87' lang='lat' dir='ltr'><strong>et</strong></span> <span class='ocrx_word' id='word_1_357' title='bbox 596 4874 665 4922; x_wconf 85' lang='lat' dir='ltr'><strong>esse</strong></span> <span class='ocrx_word' id='word_1_358' title='bbox 687 4857 829 4941; x_wconf 83' lang='lat' dir='ltr'><strong>poterint</strong></span> <span class='ocrx_word' id='word_1_359' title='bbox 851 4857 883 4921; x_wconf 91' lang='lat' dir='ltr'><strong>in</strong></span> <span class='ocrx_word' id='word_1_360' title='bbox 906 4856 1056 4937; x_wconf 88' lang='lat' dir='ltr'><strong>lnturnnr,</strong></span> <span class='ocrx_word' id='word_1_361' title='bbox 1080 4857 1283 4942; x_wconf 83' lang='lat' dir='ltr'><strong>quoadusque</strong></span> <span class='ocrx_word' id='word_1_362' title='bbox 1305 4861 1442 4927; x_wconf 85' lang='lat' dir='ltr'><strong>vinerint</strong></span> <span class='ocrx_word' id='word_1_363' title='bbox 1464 4863 1700 4944; x_wconf 67' lang='lat' dir='ltr'><strong>possidendum</strong></span> <span class='ocrx_word' id='word_1_364' title='bbox 1723 4864 1770 4930; x_wconf 91' lang='lat' dir='ltr'><strong>ita</strong></span> <span class='ocrx_word' id='word_1_365' title='bbox 1784 4864 1867 4946; x_wconf 91' lang='lat' dir='ltr'><strong>qnod</strong></span> <span class='ocrx_word' id='word_1_366' title='bbox 1882 4865 1976 4931; x_wconf 84' lang='lat' dir='ltr'><strong>dictis</strong></span> <span class='ocrx_word' id='word_1_367' title='bbox 1991 4866 2098 4933; x_wconf 84' lang='lat' dir='ltr'><strong>tratri·</strong></span> 
     </span>
    </p>
   </div>
   <div class='ocr_carea' id='block_1_7' title="bbox 409 4956 2099 5053">
    <p class='ocr_par' dir='ltr' id='par_1_8' title="bbox 409 4956 2099 5053">
     <span class='ocr_line' id='line_1_39' title="bbox 409 4956 2099 5053; baseline 0.008 -30"><span class='ocrx_word' id='word_1_368' title='bbox 409 5045 419 5053; x_wconf 73' lang='lat'><strong>.,</strong></span> <span class='ocrx_word' id='word_1_369' title='bbox 542 4956 613 5041; x_wconf 86' lang='lat' dir='ltr'><strong>bus,</strong></span> <span class='ocrx_word' id='word_1_370' title='bbox 636 4959 784 5039; x_wconf 86' lang='lat' dir='ltr'><strong>lolraunc,</strong></span> <span class='ocrx_word' id='word_1_371' title='bbox 803 4957 927 5038; x_wconf 90' lang='lat' dir='ltr'><strong>lncobo,</strong></span> <span class='ocrx_word' id='word_1_372' title='bbox 950 4958 1080 5025; x_wconf 87' lang='lat' dir='ltr'><strong>Nicolno</strong></span> <span class='ocrx_word' id='word_1_373' title='bbox 1102 4966 1136 5027; x_wconf 94' lang='lat' dir='ltr'><strong>et</strong></span> <span class='ocrx_word' id='word_1_374' title='bbox 1158 4960 1319 5045; x_wconf 91' lang='lat' dir='ltr'><strong>Stephano</strong></span> <span class='ocrx_word' id='word_1_375' title='bbox 1341 4965 1423 5030; x_wconf 87' lang='lat' dir='ltr'><strong>viam</strong></span> <span class='ocrx_word' id='word_1_376' title='bbox 1444 4967 1589 5034; x_wconf 83' lang='lat' dir='ltr'><strong>universo</strong></span> <span class='ocrx_word' id='word_1_377' title='bbox 1610 4969 1714 5034; x_wconf 88' lang='lat' dir='ltr'><strong>carnis</strong></span> <span class='ocrx_word' id='word_1_378' title='bbox 1737 4968 1896 5051; x_wconf 81' lang='lat' dir='ltr'><strong>ingressis,</strong></span> <span class='ocrx_word' id='word_1_379' title='bbox 1919 4968 1994 5035; x_wconf 87' lang='lat' dir='ltr'><strong>villa</strong></span> <span class='ocrx_word' id='word_1_380' title='bbox 2015 4969 2099 5036; x_wconf 91' lang='lat' dir='ltr'><strong>Iani·</strong></span> 
     </span>
    </p>
   </div>
   <div class='ocr_carea' id='block_1_8' title="bbox 543 5060 2101 5462">
    <p class='ocr_par' dir='ltr' id='par_1_9' title="bbox 543 5060 2101 5462">
     <span class='ocr_line' id='line_1_40' title="bbox 545 5060 2098 5155; baseline 0.01 -30"><span class='ocrx_word' id='word_1_381' title='bbox 545 5076 632 5126; x_wconf 83' lang='lat' dir='ltr'><strong>cano</strong></span> <span class='ocrx_word' id='word_1_382' title='bbox 654 5060 694 5126; x_wconf 87' lang='lat' dir='ltr'><strong>ad</strong></span> <span class='ocrx_word' id='word_1_383' title='bbox 717 5060 765 5124; x_wconf 83' lang='lat' dir='ltr'><strong>ins</strong></span> <span class='ocrx_word' id='word_1_384' title='bbox 787 5067 819 5124; x_wconf 91' lang='lat' dir='ltr'><strong>et</strong></span> <span class='ocrx_word' id='word_1_385' title='bbox 843 5060 1068 5143; x_wconf 82' lang='lat' dir='ltr'><strong>proprietatem</strong></span> <span class='ocrx_word' id='word_1_386' title='bbox 1093 5063 1231 5145; x_wconf 79' lang='lat' dir='ltr'><strong>Capituli</strong></span> <span class='ocrx_word' id='word_1_387' title='bbox 1255 5065 1364 5131; x_wconf 70' lang='lat' dir='ltr'><strong>rideat</strong></span> <span class='ocrx_word' id='word_1_388' title='bbox 1383 5065 1616 5136; x_wconf 83' lang='lat' dir='ltr'><strong>l&#39;onnaniensis.</strong></span> <span class='ocrx_word' id='word_1_389' title='bbox 1662 5070 1706 5136; x_wconf 78' lang='lat' dir='ltr'><strong>Iit</strong></span> <span class='ocrx_word' id='word_1_390' title='bbox 1733 5088 1772 5135; x_wconf 91' lang='lat' dir='ltr'><strong>ne</strong></span> <span class='ocrx_word' id='word_1_391' title='bbox 1791 5090 1885 5153; x_wconf 85' lang='lat' dir='ltr'><strong>super</strong></span> <span class='ocrx_word' id='word_1_392' title='bbox 1906 5070 1969 5137; x_wconf 88' lang='lat' dir='ltr'><strong>hiis</strong></span> <span class='ocrx_word' id='word_1_393' title='bbox 1987 5072 2021 5139; x_wconf 95' lang='lat' dir='ltr'><strong>in</strong></span> <span class='ocrx_word' id='word_1_394' title='bbox 2043 5091 2098 5155; x_wconf 89' lang='lat' dir='ltr'><strong>po·</strong></span> 
     </span>
     <span class='ocr_line' id='line_1_41' title="bbox 544 5161 2099 5256; baseline 0.009 -30"><span class='ocrx_word' id='word_1_395' title='bbox 544 5168 664 5228; x_wconf 83' lang='lat' dir='ltr'><strong>storum</strong></span> <span class='ocrx_word' id='word_1_396' title='bbox 685 5161 856 5241; x_wconf 82' lang='lat' dir='ltr'><strong>dubitetur,</strong></span> <span class='ocrx_word' id='word_1_397' title='bbox 880 5169 1054 5244; x_wconf 79' lang='lat' dir='ltr'><strong>presentent</strong></span> <span class='ocrx_word' id='word_1_398' title='bbox 1078 5165 1224 5247; x_wconf 76' lang='lat' dir='ltr'><strong>[noginanr</strong></span> <span class='ocrx_word' id='word_1_399' title='bbox 1247 5168 1358 5248; x_wconf 75' lang='lat' dir='ltr'><strong>sigillis</strong></span> <span class='ocrx_word' id='word_1_400' title='bbox 1380 5174 1488 5236; x_wconf 79' lang='lat' dir='ltr'><strong>nostro</strong></span> <span class='ocrx_word' id='word_1_401' title='bbox 1511 5177 1545 5237; x_wconf 92' lang='lat' dir='ltr'><strong>ct</strong></span> <span class='ocrx_word' id='word_1_402' title='bbox 1559 5173 1659 5238; x_wconf 87' lang='lat' dir='ltr'><strong>nostri</strong></span> <span class='ocrx_word' id='word_1_403' title='bbox 1675 5172 1815 5256; x_wconf 85' lang='lat' dir='ltr'><strong>Capituli</strong></span> <span class='ocrx_word' id='word_1_404' title='bbox 1830 5173 2099 5241; x_wconf 80' lang='lat' dir='ltr'><strong>communivimus.</strong></span> 
     </span>
     <span class='ocr_line' id='line_1_42' title="bbox 545 5263 2101 5362; baseline 0.01 -34"><span class='ocrx_word' id='word_1_405' title='bbox 545 5263 629 5329; x_wconf 78' lang='lat' dir='ltr'><strong>dcta</strong></span> <span class='ocrx_word' id='word_1_406' title='bbox 649 5271 723 5329; x_wconf 88' lang='lat' dir='ltr'><strong>sunt</strong></span> <span class='ocrx_word' id='word_1_407' title='bbox 746 5264 803 5330; x_wconf 88' lang='lat' dir='ltr'><strong>hoc</strong></span> <span class='ocrx_word' id='word_1_408' title='bbox 826 5264 982 5331; x_wconf 83' lang='lat' dir='ltr'><strong>Ponrnruie</strong></span> <span class='ocrx_word' id='word_1_409' title='bbox 1005 5267 1102 5331; x_wconf 85' lang='lat' dir='ltr'><strong>toreio</strong></span> <span class='ocrx_word' id='word_1_410' title='bbox 1119 5267 1225 5334; x_wconf 83' lang='lat' dir='ltr'><strong>Nonas</strong></span> <span class='ocrx_word' id='word_1_411' title='bbox 1249 5270 1435 5336; x_wconf 80' lang='lat' dir='ltr'><strong>Norernbris</strong></span> <span class='ocrx_word' id='word_1_412' title='bbox 1449 5291 1532 5339; x_wconf 88' lang='lat' dir='ltr'><strong>arrrro</strong></span> <span class='ocrx_word' id='word_1_413' title='bbox 1547 5273 1672 5340; x_wconf 83' lang='lat' dir='ltr'><strong>lhnnini</strong></span> <span class='ocrx_word' id='word_1_414' title='bbox 1692 5273 2006 5358; x_wconf 64' lang='lat' dir='ltr'><strong>ntbenuxnu,</strong></span> <span class='ocrx_word' id='word_1_415' title='bbox 2030 5297 2101 5362; x_wconf 84' lang='lat' dir='ltr'><strong>pre·</strong></span> 
     </span>
     <span class='ocr_line' id='line_1_43' title="bbox 543 5366 2100 5462; baseline 0.008 -33"><span class='ocrx_word' id='word_1_416' title='bbox 543 5366 684 5438; x_wconf 86' lang='lat' dir='ltr'><strong>sentibus</strong></span> <span class='ocrx_word' id='word_1_417' title='bbox 713 5375 746 5434; x_wconf 90' lang='lat' dir='ltr'><strong>et</strong></span> <span class='ocrx_word' id='word_1_418' title='bbox 774 5369 1042 5434; x_wconf 76' lang='lat' dir='ltr'><strong>etrrrsontientibns</strong></span> <span class='ocrx_word' id='word_1_419' title='bbox 1071 5369 1223 5439; x_wconf 84' lang='lat' dir='ltr'><strong>dorninis:</strong></span> <span class='ocrx_word' id='word_1_420' title='bbox 1256 5371 1423 5441; x_wconf 83' lang='lat' dir='ltr'><strong>l&#39;irrcerrtio</strong></span> <span class='ocrx_word' id='word_1_421' title='bbox 1449 5377 1610 5460; x_wconf 80' lang='lat' dir='ltr'><strong>1r1n1nrsito</strong></span> <span class='ocrx_word' id='word_1_422' title='bbox 1637 5382 1755 5457; x_wconf 82' lang='lat' dir='ltr'><strong>nostru,</strong></span> <span class='ocrx_word' id='word_1_423' title='bbox 1787 5378 1941 5461; x_wconf 77' lang='lat' dir='ltr'><strong>(iugario</strong></span> <span class='ocrx_word' id='word_1_424' title='bbox 1970 5379 2100 5462; x_wconf 83' lang='lat' dir='ltr'><strong>decano,</strong></span> 
     </span>
    </p>
   </div>
   <div class='ocr_carea' id='block_1_9' title="bbox 0 0 2445 6180">
    <p class='ocr_par' dir='ltr' id='par_1_10' title="bbox 0 0 2445 6180">
     <span class='ocr_line' id='line_1_44' title="bbox 0 0 2445 6180; baseline 0 0"><span class='ocrx_word' id='word_1_425' title='bbox 0 0 2445 6180; x_wconf 95' lang='lat' dir='ltr'><strong> </strong></span> 
     </span>
    </p>
   </div>
  </div>
 </body>
</html>
