4860 6180
437 194 511 273 286
642 186 645 192 ⁴

434 396 580 485 comisit,
602 396 636 464 ln
657 413 721 480 quo
742 396 831 483 vigor
850 395 967 486 lubrice
988 395 1143 464 naturalis
1163 394 1285 479 opificis
1305 394 1469 463 voluntate
1489 391 1615 463 deiecit
1644 388 1693 458 Ne
1706 387 1903 475 igiturquod
1916 389 1982 474 agi·

425 493 489 567 'tar
508 497 542 565 in
563 502 705 583 tempora
733 518 805 567 cum
831 501 1008 569 erolumine
1037 499 1187 584 temporis
1208 519 1229 567 e
1250 497 1402 567 memoria
1418 501 1594 576 madescat,
1619 493 1744 577 epicum
1769 493 1982 562 caracteribus

343 655 349 665 .
434 602 554 671 assolet
574 603 730 672 eternari:
750 623 846 687 quam
867 603 908 671 ob
929 624 996 672 rem
1019 603 1217 688 presentibus
1235 610 1269 671 et
1289 603 1405 670 tuturis
1429 606 1607 687 presentem
1626 597 1772 682 pagium
1794 597 1982 681 inspecturis

434 705 621 788 innotescat,
653 706 738 790 quod
760 726 817 774 nos
839 707 971 774 Premisl
993 713 1026 775 et
1053 704 1357 774 Bolesmusiratres
1378 704 1495 772 nterim
1522 701 1630 769 drino
1656 701 1861 768 miseracione
1887 700 1982 769 duces

433 807 573 891 Polonie,
594 809 722 894 proprie
742 811 915 876 voluntatis
937 808 1080 891 arbitrio,
1103 811 1152 876 usi
1173 816 1207 876 et
1225 809 1378 874 baronum
1407 811 1587 874 nostrorum
1616 803 1755 883 consilio,
1784 809 1819 870 et
1842 802 1884 869 de
1910 822 1982 871 con·

433 928 528 980 sensu
549 911 736 980 venerabilis
757 912 791 977 in
812 911 941 979 Christo
963 913 1063 997 patris
1084 911 1202 978 domini
1220 909 1398 994 Bogupbali
1420 908 1559 995 episcopi
1578 907 1740 990 totiusque
1761 903 1902 989 Capituli
1924 905 1983 983 Po·

434 1014 612 1083 ambiensis
632 1013 773 1094 ecclesie,
795 1013 928 1080 honesto
949 1015 1017 1082 viro
1040 1015 1158 1082 lbome
1178 1015 1309 1097 eiusque
1334 1014 1471 1098 posteris
1501 1011 1662 1079 civitatem
1683 1027 1745 1094 que
1768 1008 1895 1075 Poman
1916 1010 1984 1076 vul·
2070 1027 2071 1032 ¹

433 1118 555 1204 pariter
576 1120 778 1200 nuncupatur
803 1115 872 1182 iure
897 1115 1095 1185 Tbeutunico
1117 1117 1306 1186 contulimus
1334 1114 1558 1196 collocandam,
1583 1114 1618 1180 in
1645 1130 1684 1180 ea
1709 1112 1890 1181 libertatem
1912 1117 1983 1180 octo

435 1219 528 1288 annio
550 1217 781 1288 confirmantes.
820 1216 864 1284 Et
884 1218 968 1286 cives
989 1220 1128 1287 eiusdem
1149 1220 1286 1287 civitatis
1306 1217 1390 1286 intra
1409 1216 1589 1285 libertatern
1618 1221 1736 1283 terram
1764 1222 1907 1282 noemam
1935 1216 1984 1282 in·

434 1320 540 1389 nandi
561 1325 596 1388 et
616 1319 751 1387 menodi
772 1338 843 1386 cum
873 1319 1029 1389 mercibus
1056 1327 1090 1389 et
1112 1323 1184 1390 aliis
1212 1321 1415 1403 utilitatibus,
1444 1319 1511 1387 sire
1532 1337 1590 1404 per
1612 1315 1741 1385 flurium
1770 1316 1824 1402 qui
1847 1317 1985 1385 Wartbs

433 1422 559 1506 dicitur,
578 1440 600 1489 a
619 1422 766 1490 tbeloneo
785 1427 819 1488 et
840 1422 990 1491 mooetba
1010 1429 1044 1491 et
1064 1424 1106 1491 ab
1126 1422 1271 1491 omnibus
1293 1423 1364 1491 aliis
1385 1419 1603 1490 exaccionibus
1624 1419 1738 1505 quibus
1759 1421 1867 1488 uexari
1894 1427 1984 1505 pote·

432 1525 500 1595 rint
519 1524 636 1594 llberos
657 1543 726 1592 esse
748 1526 1015 1608 pronunctiamus,
1037 1528 1085 1594 ita
1105 1533 1143 1594 ut
1164 1528 1272 1612 elapsa
1292 1525 1441 1593 libertate
1461 1525 1640 1592 theloneum
1669 1542 1726 1609 per
1755 1523 1891 1591 medium
1921 1525 1984 1591 sol·

432 1635 519 1699 rant
562 1629 709 1697 Fluvium
731 1646 805 1696 vero
825 1630 881 1713 qui
903 1629 1039 1698 Wartba
1059 1630 1176 1697 dicitur
1198 1649 1287 1698 secus
1308 1629 1463 1714 prefatam
1485 1627 1645 1695 curarem
1665 1624 1824 1709 fluentem,
1847 1645 1904 1711 per
1925 1627 1983 1694 mi·

432 1731 511 1802 liare
541 1751 639 1800 unurn
667 1750 707 1799 ex
738 1737 874 1816 utreque
901 1737 993 1817 parte
1024 1752 1095 1800 oum
1126 1732 1272 1800 omnibus
1302 1728 1504 1812 utilitatibus,
1530 1731 1564 1796 in
1594 1728 1733 1814 piscibus
1762 1728 1921 1813 capiendis
1951 1733 1985 1797 et

433 1834 620 1906 molendinis
641 1836 860 1904 construendis
887 1836 1015 1917 scilieet,
1042 1836 1162 1904 civibus
1189 1836 1330 1920 predicte
1355 1833 1493 1902 orimus
1522 1833 1556 1899 in
1585 1838 1772 1916 perpetuam
1793 1832 1984 1900 contulimus
2018 1852 2024 1863 ’

433 1938 664 2026 possidendum,
695 1957 733 2006 cu
759 1946 899 2024 excepto,
928 1939 1012 2024 quod
1038 1939 1072 2005 in
1098 1940 1207 2007 eodem
1235 1939 1384 2006 districtu
1404 1954 1502 2004 unum
1518 1926 1745 2017 molendinum,
1775 1934 1817 2001 sd
1838 1941 1983 2004 nostrum

433 2040 663 2128 beneplacitum
690 2047 905 2110 mostructum
931 2060 990 2125 per
1014 2060 1081 2123 nos,
1108 2041 1297 2109 hereditarie
1324 2038 1549 2126 possideamus.
1594 2037 1695 2105 vittas
1724 2042 1832 2104 autem
1860 2037 1920 2106 bas
1941 2038 1983 2105 ad

434 2143 626 2230 sepedictam
647 2143 808 2211 civitatem
829 2143 1029 2225 contulimus,
1051 2144 1198 2211 videlicet
1212 2145 1384 2212 Arctorum
1398 2161 1553 2226 campum,
1575 2141 1730 2225 Petrorro,
1750 2139 1888 2226 Zagrum
1911 2141 1984 2209 Sta-

434 2244 609 2327 ralankam,
623 2244 813 2330 Nyencbow,
829 2245 998 2331 Spitlsoow,
1013 2245 1123 2313 ambas
1135 2247 1228 2313 villas
1241 2263 1306 2329 que
1319 2245 1466 2331 Vyrbyca
1478 2245 1637 2326 dicunmr,
1659 2244 1786 2329 Yssyca,
1808 2243 1984 2327 Pancalarr,

433 2345 650 2433 llyeststborr,
672 2347 853 2431 Pantheon,
875 2348 1040 2431 Sebidlow,
1062 2347 1172 2416 ambas
1192 2348 1294 2416 Villas
1315 2348 1486 2415 vinitorum
1507 2347 1647 2431 exceptis
1668 2346 1778 2429 vineis,
1799 2347 1907 2415 sillam
1922 2349 1985 2416 Bo-

433 2449 852 2536 gutbeetrillamUnold,
874 2450 1043 2535 inquibus
1073 2452 1283 2519 concessimus
1311 2456 1486 2520 memorato
1512 2451 1666 2518 advocato
1693 2451 1824 2535 eiusque
1849 2452 1985 2536 posteris

418 2551 566 2639 ,viginta
586 2571 713 2620 mansos
731 2570 789 2636 pro
811 2552 895 2637 agris
916 2553 1106 2621 seminandis
1134 2559 1170 2622 et
1194 2552 1314 2621 civibus
1335 2553 1452 2621 eisdem
1480 2552 1594 2638 viginti
1622 2571 1749 2622 mansos
1773 2571 1833 2638 pro
1857 2555 1985 2638 pascuis

428 2643 629 2741 'animalium
649 2656 684 2724 in
705 2662 891 2742 perpetuum
913 2656 1127 2740 possidendos.
1172 2656 1253 2724 Gom
1273 2662 1382 2724 autem
1401 2655 1573 2729 advooetm
1593 2655 1635 2723 ad
1656 2656 1848 2741 sepedictam
1873 2658 1985 2726 civita·

434 2762 500 2828 tern
517 2764 551 2827 et
570 2758 612 2826 ad
637 2758 730 2827 villas
763 2759 961 2844 supradictas
989 2759 1189 2829 advocaverit
1215 2765 1251 2828 et
1275 2760 1428 2828 locaverit
1450 2758 1673 2840 Tbcutsrnioos,
1702 2758 1812 2844 elapsa
1836 2759 1986 2830 libertate

433 2860 579 2946 quintum
600 2880 746 2931 mansum
766 2861 800 2930 in
821 2861 900 2947 ipsis
919 2861 1004 2930 villis
1025 2862 1125 2930 libere
1144 2881 1268 2948 semper
1288 2862 1333 2930 sit
1345 2867 1553 2947 percepturum
1567 2880 1606 2930 ea
1619 2860 1802 2930 condicione
1816 2863 1984 2946 mediante,

433 2969 473 3032 nt
491 2964 533 3032 de
551 2964 683 3050 singulis
703 2965 822 3033 mansis
841 2963 1003 3033 dimidiam
1023 2983 1163 3033 maroam
1183 2964 1308 3049 argenti
1328 2982 1387 3048 pro
1405 2963 1528 3032 decim
1548 2969 1691 3049 tempore
1717 2969 1841 3033 statmo
1871 2965 1984 3035 solvat

294 3132 295 3135 ,
433 3063 587 3136 Volumus
608 3066 720 3149 eciam
742 3072 781 3134 nt
801 3066 885 3134 cives
905 3067 1045 3134 eiusdem
1059 3067 1204 3161 ‚clvitmb
1224 3067 1258 3132 in
1279 3065 1363 3133 villis
1391 3065 1581 3150 supradictis
1606 3060 1715 3135 omncs
1733 3067 1898 3139 ‚utilitates
1923 3088 1987 3154 que

433 3185 518 3237 nnnc
535 3175 611 3237 sunt
631 3175 666 3237 et
686 3169 720 3236 in
737 3175 899 3254 posterum
926 3170 1091 3253 provenire
1112 3169 1260 3254 poterint,
1287 3173 1325 3234 ut
1352 3172 1403 3234 est
1427 3168 1462 3234 in
1490 3168 1710 3237 construendis
1737 3157 1925 3239 molendinis
1951 3177 1986 3240 et

432 3270 584 3339 rmus
614 3270 701 3353 ieris,
734 3276 865 3357 excepto
897 3271 1075 3339 molendino
1103 3271 1239 3338 fratrum
1265 3269 1514 3353 Predicatorum,
1537 3269 1635 3339 libere
1664 3289 1790 3357 semper
1809 3272 1984 3342 obtineant

435 3370 654 3442 domimus
670 3372 782 3456 eciam
804 3378 842 3440 ut
862 3374 1075 3443 molendinum
1096 3375 1180 3459 quod
1201 3373 1358 3441 Ilanricus
1378 3374 1529 3458 sntiquus
1550 3374 1707 3443 scultetus
1733 3394 1773 3443 ex
1797 3383 1908 3444 nocua
1930 3377 1987 3446 do·
2125 3437 2128 3445 .

433 3475 565 3545 Mona
584 3476 735 3562 possedit,
757 3496 815 3563 per
835 3476 1011 3561 predictum
1032 3479 1218 3546 advocatum
1239 3477 1371 3561 elusum
1390 3483 1535 3561 posteros
1554 3477 1624 3544 iore
1645 3477 1836 3547 hereditario
1854 3480 1899 3547 sit
1911 3498 1986 3565 pos·

434 3577 608 3647 domuum
652 3578 698 3646 Et
717 3579 801 3647 cives
823 3579 1041 3663 prenominata
1061 3579 1200 3647 duratis
1225 3579 1275 3646 ius
1296 3577 1468 3645 secundum
1495 3577 1629 3646 formam
1653 3579 1916 3665 Maydbnrgensis
1942 3583 1987 3649 ci·

433 3675 554 3760 sitatis,
584 3677 721 3746 mediam
753 3680 996 3763 prolatationem
1022 3679 1063 3747 de
1087 3679 1203 3747 iudicio
1227 3678 1466 3764 respondentes,
1500 3680 1663 3748 innoxium
1696 3686 1730 3750 et
1760 3682 1920 3751 imbamm
1946 3703 1987 3752 ex

434 3783 546 3850 amba
565 3778 739 3849 donacione
759 3789 911 3866 perpetue
931 3782 1091 3866 gaudeant
1107 3782 1277 3867 possidere,
1299 3801 1339 3850 ea
1359 3782 1485 3850 radone
1510 3783 1679 3866 mediante,
1705 3790 1743 3851 ut
1770 3784 1856 3853 ullus
1882 3786 1987 3855 Tbeu·
2069 3830 2072 3836 -

333 3880 336 3885 ⁴
434 3881 613 3951 tunicarum
629 3882 664 3950 ln
684 3882 832 3951 districtu
852 3883 983 3951 dominii
1000 3885 1103 3952 nosbr'
1123 3885 1323 3967 constitutus,
1346 3884 1417 3969 ipsa
1441 3884 1522 3968 iura,
1543 3886 1773 3971 vilipendendo,
1792 3894 1901 3973 preter
1920 3889 1986 3956 iam

344 3978 348 3987 ’
433 3983 552 4054 dictam
572 3984 734 4054 civitatem
756 3986 836 4054 alias
853 3986 1015 4069 requirere
1034 4004 1098 4053 non
1117 3992 1287 4070 presumat
1331 3985 1414 4052 Item
1433 3987 1654 4070 conooesimus,
1676 3996 1715 4057 ut
1734 3989 1842 4058 nullus
1860 3991 1987 4060 nornine

433 4092 544 4157 nostro
563 4087 614 4156 rel
635 4088 761 4156 nomine
782 4089 883 4155 nostd
904 4089 1069 4156 castellani
1091 4107 1147 4157 seu
1175 4091 1301 4157 nomine
1326 4088 1459 4156 alterium
1485 4091 1710 4176 miuscumque
1737 4093 1916 4178 potestatis,
1938 4093 1988 4161 iu·

433 4187 517 4259 dicio
538 4208 601 4275 quo
621 4189 764 4275 prefatus
784 4190 956 4257 adsecutus
975 4209 1041 4258 ona
1061 4209 1133 4259 eum
1154 4192 1220 4258 suis
1241 4189 1361 4259 ciuibus
1381 4189 1467 4258 intra
1487 4192 1638 4261 mam
1658 4195 1733 4262 anni
1748 4194 1850 4263 tmbus
1864 4200 1988 4280 tempo·

433 4290 522 4361 ribus
546 4311 604 4378 pro
637 4292 788 4360 mibanati
817 4292 1029 4360 omnimodam
1060 4311 1188 4360 causam
1213 4293 1423 4361 diiudicantes
1444 4294 1607 4380 sedebam,
1633 4296 1787 4367 interesse
1808 4304 1986 4384 presumat:

434 4395 491 4464 sad
508 4395 543 4462 ln
563 4394 675 4462 borum
696 4401 730 4462 et
748 4394 881 4461 aliorum
904 4396 1019 4463 iurium
1041 4397 1245 4481 percepcione
1269 4395 1361 4481 plene
1386 4396 1525 4480 gandeat
1553 4398 1628 4484 ipsa<
1652 4400 1763 4468 civitas
1789 4402 1988 4485 possessione

435 4495 601 4566 bbertads
646 4496 685 4565 ln
706 4496 856 4583 predictis
877 4515 951 4565 vero
973 4498 1166 4583 temporibus
1187 4499 1250 4565 iam
1272 4498 1377 4565 dictus
1398 4498 1569 4567 advmams
1586 4502 1762 4585 aquolibet
1775 4501 1891 4572 iudicio
1913 4522 1988 4571 con·

437 4598 595 4684 durneto,
616 4605 689 4667 octo
710 4600 826 4667 solidos
846 4599 1045 4668 denariomm
1067 4602 1237 4670 seeundum
1252 4608 1410 4669 monetam
1431 4601 1569 4669 citimds
1586 4602 1631 4669 sit
1648 4609 1862 4689 percepturus,
1884 4610 1918 4673 et
1938 4605 1989 4672 in·

435 4701 486 4771 ira
505 4701 742 4789 quatuordecim
763 4701 831 4769 dies
852 4702 1098 4788 condempnatus
1122 4709 1260 4789 quatuor
1284 4704 1402 4770 solidos
1430 4704 1547 4786 solrat3
1573 4704 1601 4772 si
1630 4725 1705 4774 reru
1732 4707 1835 4776 maior
1861 4709 1988 4793 questio

434 4809 509 4875 orta
535 4803 641 4888 fuerit,
675 4803 922 4888 condempnatus
950 4804 1083 4889 mpura
1110 4807 1227 4875 soddos
1253 4806 1425 4889 salvetat
1454 4805 1585 4892 singulis
1607 4806 1719 4877 diebus
1735 4803 1988 4896 ¹condempnatus

434 4924 533 4975 unam
554 4905 688 4975 solidum
709 4905 821 4990 solvat,
843 4912 877 4974 et
894 4907 935 4976 de
955 4907 1134 4976 iuramento
1155 4927 1211 4977 sex
1230 4907 1377 4977 deoamos
1398 4908 1511 4976 solvat
1555 4908 1604 4976 Da
1634 4910 1766 4996 singulis
1790 4931 1865 4981 raro
1891 4913 1988 4982 curiis

435 5007 470 5077 ln
486 5007 597 5078 eadem
614 5007 744 5076 civitate
765 5010 954 5078 oomtructis
975 5015 1010 5078 et
1030 5008 1070 5078 da
1090 5012 1171 5079 ortis
1188 5018 1282 5079 extra
1307 5010 1441 5079 eandem
1466 5011 1620 5096 pannos
1645 5019 1681 5080 et
1700 5013 1741 5081 de
1765 5014 1910 5083 omnibus
1931 5034 1989 5101 ap-

418 5109 557 5196 ‚potesis
576 5129 638 5197 que
659 5110 693 5178 in
713 5109 823 5181 eodem
844 5111 985 5181 construi
1002 5117 1165 5197 potarunt,
1186 5112 1277 5182 linita
1299 5113 1448 5182 libertate
1474 5113 1557 5184 ciras
1585 5114 1709 5200 pretate
1738 5115 1876 5187 civitatis
1895 5116 1989 5185 dimi·
