4476 6180
873 662 947 753 Νι.
980 659 1081 754 288.

305 855 465 944 nomm
500 862 579 945 tux
613 811 762 945 Polonio
797 867 935 947 1250
967 885 996 946 s
1030 862 1075 962 t,
1111 863 1153 947 in
1188 862 1372 966 colloquio
1406 863 1449 946 in
1484 860 1754 967 Synanoviob3

205 985 303 1049 ratem
324 977 423 1046 iubet
443 978 645 1048 donationem
666 982 760 1050 milae
781 982 961 1063 ostroinos,
984 1001 1041 1066 per
1061 981 1238 1050 ianussium
1253 984 1474 1052 cancellurium
1489 982 1637 1050 Fuiconis
1650 982 1754 1050 anchi·

205 1082 338 1168 episcopi
356 1081 552 1149 Gnecncnsis
574 1083 724 1151 ecciesiae
745 1084 924 1152 Gneanensi
942 1083 1069 1152 acum.

304 1190 445 1267 Ρινρωιι
467 1192 583 1268 orppirt
618 1191 666 1253 Nc
690 1208 819 1256 ursum
838 1190 990 1268 jeracon.
1018 1188 1088 1253 tote.
1107 1195 1336 1272 przymieszonc
1354 1192 1463 1256 dobree
1482 1190 1667 1254 zoctoumc
1687 1193 1754 1270 pte·

207 1289 275 1378 eft
295 1293 523 1372 numum
544 1294 677 1376 sepem
697 1303 841 1373 (premo
858 1301 950 1364 κιιιι

309 1395 450 1459 casm
476 1397 594 1459 mus.
621 1397 753 1475 capeat
776 1399 933 1476 namna.
963 1396 1016 1459 rr.
1039 1395 1090 1458 ιο.

204 1599 221 1623 “
303 1611 343 1681 1n
362 1614 490 1683 nomine
514 1613 642 1682 Domini
663 1615 762 1683 nostri
783 1616 878 1684 Ibcsu
900 1615 1020 1684 Christi
1042 1635 1145 1683 amen.
1188 1614 1280 1683 Licet
1299 1620 1390 1699 geste
1410 1615 1572 1682 hominum
1593 1613 1755 1682 onumen

208 1721 386 1784 cunctorum
419 1717 603 1785 subiaceant
626 1717 755 1793 noticic.
786 1718 867 1785 solet
895 1724 1002 1787 minen
1028 1716 1121 1786 iactis
1150 1717 1296 1784 humanis
1324 1736 1473 1802 processu
1498 1719 1659 1801 temporis,
1683 1735 1755 1784 cum

207 1823 300 1886 testes
319 1817 487 1903 defuerint,
510 1820 689 1904 calumpnia
708 1822 879 1888 novercari.
903 1821 1023 1888 Idcirco
1045 1839 1172 1889 necesse
1192 1828 1243 1889 est
1264 1822 1404 1888 actiones
1426 1820 1584 1904 legitimas
1605 1839 1668 1906 que
1689 1838 1754 1887 me·

207 1919 303 1988 moria
320 1919 473 2006 indigent,
505 1941 546 1991 ne
572 1923 690 1991 veritos
718 1923 942 2007 conprimatur,
977 1925 1142 2008 presertim
1175 1924 1209 1991 in
1238 1924 1284 1991 eis
1307 1941 1370 2008 qua
1398 1923 1439 1990 ad
1465 1911 1605 1989 divinum
1635 1923 1755 1991 coitum
1857 2007 1878 2023 ,

206 2020 287 2090 bata
307 2040 377 2090 esse
396 2021 612 2108 dinoscuntur,
634 2044 692 2111 per
712 2026 823 2110 scripti
844 2026 1073 2093 continenciam
1087 2033 1122 2093 et
1136 2027 1266 2093 testium
1284 2024 1546 2109 subscriptionem
1560 2025 1594 2090 in
1607 2025 1755 2091 notitiam

207 2124 377 2192 uuusmttti
398 2131 604 2209 posterorum
647 2126 714 2194 Nos
735 2127 833 2211 igitur
853 2126 988 2194 Promisi
1009 2125 1069 2192 Dei
1088 2126 1198 2211 gracia
1217 2127 1282 2194 dux
1303 2126 1433 2194 Polonie
1453 2127 1607 2194 universis
1628 2144 1755 2211 presen-

208 2224 287 2294 tibus
307 2231 342 2293 ct
361 2224 479 2293 bituris
500 2227 584 2296 banc
605 2229 752 2313 peginam
772 2221 960 2312 inspecturis
981 2234 1093 2296 notum
1114 2229 1351 2312 essevolumus,
1373 2228 1552 2296 Ianussium
1566 2229 1755 2297 venerabilis

206 2327 303 2413 petris
322 2327 443 2397 nomint
463 2328 613 2398 Fulcorus
634 2329 828 2399 Gnccncnsis
857 2331 1083 2417 archiepiscopi
1110 2331 1331 2400 cancellarium
1352 2331 1553 2400 scolasticum
1574 2331 1757 2399 meicien·

207 2448 279 2514 sem,
298 2431 408 2500 vilbm
430 2431 607 2502 Ostrovitte
628 2435 753 2503 nomino
779 2435 813 2500 in
839 2434 987 2502 districtu
1012 2434 1190 2502 Gnoanensi
1218 2435 1325 2516 sitam,
1354 2452 1449 2520 quam
1478 2453 1498 2500 a
1527 2440 1619 2518 patre
1647 2441 1756 2502 nostro

206 2533 280 2603 uua
300 2533 353 2602 W.
375 2541 410 2602 ct
430 2554 451 2603 u
472 2535 563 2604 nobis
585 2535 733 2604 collatam
754 2537 823 2604 inre
848 2537 1037 2604 hereditario
1063 2535 1124 2604 sibi
1152 2537 1281 2620 suisque
1302 2537 1535 2605 successoribus
1560 2536 1600 2603 de
1622 2555 1681 2604 sua
1700 2554 1758 2603 vo·

207 2636 326 2705 iunmte
347 2637 409 2705 sibi
429 2639 669 2707 secedentibus
690 2639 836 2708 collatam
856 2639 1047 2724 possidebat,
1068 2659 1141 2708 cum
1161 2640 1234 2708 lacu
1253 2645 1287 2707 et
1300 2640 1445 2708 omnibus
1460 2640 1528 2706 eins
1542 2638 1755 2724 pertinenciis,

208 2757 241 2808 ac
260 2739 407 2808 omnibus
426 2741 499 2809 aliis
520 2742 714 2810 utilitatibus
735 2760 796 2828 quc
817 2745 850 2810 in
872 2743 981 2811 eadem
1001 2742 1078 2810 vilis
1096 2748 1173 2809 snut
1200 2741 1252 2810 vel
1271 2740 1382 2808 baberi
1403 2747 1548 2827 possunt
1570 2759 1642 2809 cum
1660 2739 1756 2808 liber·

207 2842 323 2911 tatibus
344 2843 444 2913 οιίιιιιι
461 2844 725 2930 quemadmodum
746 2845 780 2912 in
801 2851 910 2912 nostro
931 2852 965 2926 et
984 2846 1085 2930 patris
1103 2845 1206 2912 nostri
1219 2843 1391 2929 privilegiis
1406 2843 1530 2929 plenius
1544 2845 1756 2926 monumen,
1825 2836 1827 2841 ’

208 2961 309 3013 mrum
328 2945 422 3014 nobis
442 2952 476 3014 et
497 2965 570 3015 cum
591 2953 701 3014 nostro
722 2965 875 3015 consensu
902 2946 943 3014 ob
968 2946 1177 3014 reverentiam
1206 2945 1293 3014 beati
1321 2945 1489 3016 adelberti
1518 2951 1553 3013 et
1575 2946 1680 3013 anime
1700 2963 1758 3013 sne

208 3046 375 3116 ιαιιοᾱίιιιιι
395 3049 568 3116 venorabili
589 3051 673 3133 patri
691 3049 817 3117 domino
839 3049 970 3116 Fulconi
992 3048 1170 3116 Gneznensi
1192 3049 1426 3132 archiepiscopo
1452 3049 1581 3132 suisque
1599 3065 1758 3134 successo-

113 3169 119 3180 ·
207 3148 290 3217 ribtus
311 3150 457 3234 contulit,
478 3150 609 3238 pacifice
637 3170 676 3219 ac
704 3153 811 3236 quiete
839 3153 908 3218 iure
929 3151 1119 3219 hereditario
1146 3151 1180 3218 in
1206 3157 1394 3234 perpetuum
1415 3149 1646 3235 possidendam.
1690 3149 1758 3216 Nos

207 3257 309 3322 tutem
329 3258 454 3339 patrem
474 3259 620 3321 nostrum
641 3274 679 3322 so
699 3260 834 3321 matrem
855 3261 890 3321 et
910 3272 968 3322 nos
990 3256 1138 3321 meritum
1159 3271 1199 3321 sn
1212 3253 1272 3320 hoo
1286 3273 1307 3320 a
1320 3253 1387 3320 Deo
1402 3254 1552 3337 consequi
1567 3270 1755 3336 cognoscen-

207 3359 261 3439 te,
282 3360 350 3423 tum
371 3355 426 3441 pio
446 3354 530 3424 iacto
548 3355 716 3440 benignum
737 3354 922 3423 adhibentes
944 3372 1141 3437 consensum,
1160 3373 1201 3422 nc
1222 3355 1369 3441 cuiquam
1389 3361 1589 3440 posterorum
1610 3358 1756 3421 vertatur

177 3455 235 3524 “iu
254 3456 396 3540 dubium,
417 3463 595 3543 presentem
616 3459 763 3542 paginam
784 3458 886 3525 nostri
907 3458 1078 3525 munimine
1095 3457 1191 3540 s'milli
1212 3457 1403 3525 contulimus
1418 3458 1609 3524 roboratam.
1638 3458 1756 3523 Actum

208 3556 237 3625 in
264 3558 423 3644 colloquio
454 3560 489 3627 in
518 3558 727 3644 Spmanovicb
752 3561 920 3627 internos
948 3563 982 3626 ct
1004 3558 1197 3627 venerabiles
1221 3566 1344 3643 patres,
1373 3559 1507 3627 eundem
1537 3559 1699 3626 dominum
1720 3559 1757 3627 F.

207 3658 472 3747 antiepiscopum
492 3667 526 3729 et
547 3662 707 3729 dominum
728 3661 915 3746 Boguialum
933 3662 1178 3729 Poznanicuscm
1200 3663 1380 3746 episcopum
1402 3661 1572 3746 celebrato,
1603 3662 1758 3746 prasenti·

207 3759 263 3831 bus
289 3762 401 3832 eodem
425 3762 553 3831 domino
583 3763 621 3831 B.
651 3764 857 3831 Poznanicnsi
887 3764 1033 3848 episcopo
1054 3770 1088 3830 et
1109 3763 1227 3831 nostris
1248 3763 1433 3831 baronibus:
1456 3765 1572 3832 comite
1592 3763 1758 3848 Bogumilo
1862 3814 1867 3822 .

207 3865 343 3950 pabtino
363 3864 504 3948 Potonie,
523 3871 559 3932 ot
576 3866 691 3933 comite
712 3865 848 3934 Cesenta
869 3867 1010 3950 palatino
1031 3866 1215 3949 Kalisicnsi,
1243 3875 1277 3932 et
1298 3865 1404 3951 Yssya
1427 3871 1537 3932 nostro
1559 3866 1758 3948 cancellario,

208 3967 332 4036 snum
351 3967 512 4052 pincerna,
533 3966 656 4036 Bocota
673 3968 823 4053 dapifero,
846 3968 1045 4049 Inraccbone,
1065 3968 1232 4050 blisborio,
1250 3967 1399 4054 Kyliano,
1421 3969 1577 4037 Viostonc
1592 3969 1759 4045 thaama-

208 4069 262 4153 rio,
283 4070 434 4153 Antonio,
456 4075 490 4138 et
511 4071 629 4138 nostris
651 4071 821 4156 capellanis
842 4071 998 4153 Mirostio
1026 4071 1155 4153 Thomu,
1181 4076 1217 4138 et
1245 4070 1399 4138 Michaeie
1428 4075 1539 4138 nostro
1567 4071 1701 4153 notario,
1724 4075 1758 4137 et

209 4170 275 4239 eliis
303 4190 400 4257 qnam
427 4172 581 4258 plurimis.
625 4172 743 4241 Datum
772 4191 855 4241 anno
881 4172 922 4240 ab
949 4173 1173 4240 lncamccione
1198 4172 1325 4240 Domini
1354 4172 1456 4241 nscc
1488 4174 1759 4257 quinquagesimo,

209 4272 384 4344 Inbiccionc
404 4281 527 4344 octaua

307 4529 493 4615 Οιὴοιίῑίο,
521 4534 680 4598 octroutre
702 4534 947 4613 monstro.
974 4527 1192 4615 Symauovicb,
1216 4497 1465 4613 ιςινιιιιιιιιιιιιόε.Ι
