4860 6180
911 250 985 328 268

909 453 1119 534 inunrlarerit,
1142 456 1270 523 nauium
1292 455 1455 524 dimidium
1477 454 1606 522 habebit
1630 445 1782 536 ecclam}
1805 474 1863 539 pro
1883 452 2011 522 civitate
2025 471 2099 521 vero
2112 450 2207 520 aliam
2227 457 2347 536 purtem
2361 480 2425 536 roso

909 574 1027 624 ramus.
1071 557 1208 635 Quodsi
1230 560 1457 644 parrochialem
1479 559 1654 640 eeclesiam,
1676 559 1759 626 sicut
1780 558 1863 624 idern
1887 557 2032 624 dominus
2051 556 2217 640 episcopus
2233 554 2295 622 iarn
2309 568 2429 643 permisi

910 657 1032 743 erigere
1053 660 1243 744 contingerit
1262 664 1293 729 in
1316 663 1411 729 tundo
1433 663 1576 745 superius
1599 663 1771 743 nominato,
1794 660 1844 728 ius
1865 660 2043 734 conterendi
2066 659 2163 727 talem
2194 659 2354 730 eeclesiam
2374 671 2417 738 eir

910 761 1090 845 episcopum
1112 767 1146 830 ct
1166 764 1348 849 Capitulum
1370 770 1520 848 perpetuo
1542 764 1748 848 permanebit
1793 763 1837 829 Et
1857 769 1895 829 ut
1916 768 2026 829 nostra
2048 761 2177 828 donatio
2200 761 2294 826 nullis
2312 770 2412 852 tempo

911 861 970 930 bus
991 863 1135 948 violetur,
1158 866 1239 935 lianc
1261 868 1411 951 petrinam
1429 865 1528 932 nostri
1555 865 1684 933 ierimus
1712 864 1807 949 sigilli
1836 865 2006 948 apmnsione
2033 863 2158 930 muniri.
2204 863 2284 928 licta
2303 872 2426 942 suntin

912 965 946 1033 in
966 963 1096 1034 Gncsna
1117 969 1150 1034 in
1171 971 1309 1036 crastino
1324 969 1425 1036 sancti
1441 969 1605 1036 ddalberti
1619 988 1703 1036 ιιιιιιο
1717 968 1758 1036 ab
1772 968 1993 1034 lamentatione
2009 965 2135 1033 Domini
2150 963 2299 1031 ltccb
2314 978 2424 1042 secund

917 1069 1115 1153 presentibus
1135 1070 1197 1136 biis
1218 1071 1368 1139 ustibus:
1392 1071 1597 1154 Pretpolconc
1619 1071 1759 1155 palatino
1778 1070 1850 1155 (sici
1867 1069 2081 1148 Posnaniensi,
2103 1067 2306 1152 Dirzycragio
2320 1072 2415 1152 palati

914 1168 1102 1252 Gneancnsi,
1123 1172 1274 1254 Bognialo
1296 1173 1467 1242 casmllano
1489 1173 1705 1254 Posnanicnsi,
1728 1171 1907 1239 Damarado
1929 1171 2033 1238 iudice
2047 1169 2143 1251 curie,
2164 1168 2313 1236 Pacoslao
2328 1171 2391 1241 tilio

823 1300 829 1314 ·
913 1272 1022 1353 derici,
1046 1273 1216 1341 Eustochio
1249 1275 1315 1342 tilio
1336 1275 1484 1343 Iohannis
1512 1276 1680 1361 quondam,
1708 1279 1741 1341 et
1770 1274 1843 1342 aliis
1871 1273 1980 1341 multis
2008 1273 2095 1340 curie
2123 1277 2230 1338 nostre
2257 1271 2406 1344 militibus

915 1373 1012 1441 etiam
1033 1376 1214 1460 capellanis.
2206 1386 2212 1402 '

922 1680 970 1744 po
1019 1577 1166 1701 Izuudum
1185 1580 1269 1648 beati
1291 1582 1456 1650 Adulberti
1487 1587 1520 1649 et
1554 1580 1583 1647 b.
1606 1580 1748 1660 Martini,
1779 1581 1983 1662 prepieplos‘ci
2004 1583 2109 1660 lycinio
2129 1576 2290 1643 amante
2307 1600 2334 1641 rr
2347 1587 2416 1649 miei

969 1699 1060 1746 more.

1586 1983 1661 2068 Nn.
1694 1976 1795 2066 303.

1019 2177 1175 2261 Promisi
1201 2180 1278 2262 dur
1303 2178 1452 2262 Polonie
1479 2183 1614 2260 1252
1636 2177 1725 2283 dpr.
1746 2180 1833 2274 26,
1860 2175 2023 2280 Onomar
2055 2191 2178 2262 antea
2198 2210 2263 2259 aaa
2284 2211 2353 2260 eum
2368 2193 2426 2264 aar

917 2315 975 2365 suo
996 2297 1075 2366 duce
1097 2297 1241 2365 Bolcslso
1263 2319 1320 2383 per
1341 2298 1525 2366 Gertrudim
1545 2297 1738 2366 abbatissam
1761 2297 1801 2364 de
1819 2296 1999 2379 Trzebnim,
2032 2295 2131 2364 filiam
2158 2295 2189 2363 b.
2210 2314 2252 2361 m.
2275 2295 2362 2361 niueis
2381 2297 2427 2366 He

918 2398 987 2481 rici,
1019 2398 1145 2467 filiabus
1178 2399 1305 2467 Ordinis
1328 2399 1545 2468 cisterciensis
1577 2399 1806 2467 haereditatem
1829 2398 1980 2465 Ouinska
2006 2405 2040 2466 et
2067 2399 2148 2466 alias
2173 2398 2357 2483 complmes
2388 2418 2409 2483 q

921 2518 1029 2569 omnes
1050 2501 1251 2586 amplissimis
1272 2502 1471 2570 libertatibus
1492 2506 1526 2568 et
1545 2501 1718 2586 privilegiis
1735 2502 1849 2568 munit.
2100 2572 2104 2580 ,

1020 2606 1159 2672 Patami.
1182 2603 1400 2687 ,Tairorzpstrro
1418 2611 1560 2687 przwbc.
1583 2609 1676 2672 aoak.
1728 2607 1877 2679 omissio,
1894 2609 1994 2685 privii.
2017 2607 2074 2670 Nr.
2094 2606 2123 2668 2.

1021 2805 1059 2873 ln
1080 2807 1205 2876 numism
1226 2808 1353 2876 Domini
1374 2827 1476 2877 amen.
1520 2809 1587 2877 Nos
1609 2808 1743 2876 Promisi
1773 2808 1833 2875 Dei
1859 2808 1967 2892 gracia
1995 2807 2061 2874 dux
2081 2805 2220 2887 Polorrie,
2243 2805 2427 2873 exaltacion·

918 2913 1027 2977 sanctc
1048 2909 1188 2978 Ecclesie
1207 2912 1325 2978 nostris
1347 2911 1486 2979 zelantes
1508 2911 1703 2997 temporibus
1725 2918 1759 2978 et
1780 2911 1876 2978 saluti
1898 2915 2006 2976 nostro
2027 2916 2122 2992 prout
2140 2909 2294 2975 mminns
2308 2908 2418 2976 (lonas

917 3011 1130 3096 providenter,
1152 3020 1263 3080 notum
1284 3031 1353 3080 esse
1375 3014 1518 3081 uolumus
1540 3013 1739 3098 presentibus
1761 3021 1795 3080 et
1815 3011 1943 3094 tuturis,
1965 3011 2049 3096 quod
2071 3029 2135 3077 una
2155 3029 2227 3078 cum
2249 3010 2347 3078 tratre
2361 3028 2417 3076 nos

914 3112 1060 3181 Boleslao
1078 3115 1196 3181 illustri
1211 3116 1297 3184 'dure
1317 3116 1456 3184 ciusdem
1477 3116 1608 3185 Polonie
1629 3116 1669 3184 ad
1691 3116 1843 3183 bonorem
1863 3113 1925 3181 Dei
1956 3121 1990 3181 et
2010 3113 2103 3181 beate
2125 3112 2265 3196 Virginis
2287 3119 2319 3179 et
2341 3131 2398 3197 pro

916 3214 1020 3283 medio
1042 3215 1218 3284 animarum
1236 3219 1336 3301 patris
1357 3219 1458 3285 nostri
1480 3225 1513 3286 et
1533 3219 1645 3285 matris
1673 3225 1706 3285 et
1736 3218 1769 3284 in
1802 3217 2015 3284 remissionem
2046 3222 2246 3300 peccatmum
2282 3221 2425 3282 nostroru

916 3335 973 3402 per
993 3317 1203 3385 venerabilem
1223 3319 1381 3386 dominam
1404 3320 1589 3386 Gertrudim
1609 3320 1805 3387 abbatissam
1820 3318 2070 3399 Trebnioensem,
2089 3317 2188 3384 tiliam
2199 3317 2355 3401 qnondam
2370 3317 2419 3383 iac

918 3419 1007 3487 ducis
1026 3419 1156 3488 Hearici
1177 3421 1276 3488 felicis
1295 3422 1533 3502 recordacionis,
1563 3423 1753 3489 contulimus
1779 3420 1891 3488 Ordiui
1907 3419 2110 3488 cisterciensi
2140 3426 2174 3487 et
2188 3418 2312 3485 filiabus
2332 3418 2429 3485 eiusd

920 3520 1048 3589 Ordinis
1071 3522 1278 3590 hereditatem
1300 3542 1361 3607 que
1382 3531 1512 3591 vocatur
1534 3524 1699 3604 Owenslro,
1722 3542 1784 3609 que
1805 3528 1857 3590 est
1869 3522 1933 3588 sita
1949 3540 2044 3606 super
2058 3520 2226 3588 Wartham
2245 3519 2381 3600 flurium,

915 3629 1053 3708 quatuor
1071 3624 1153 3690 villis
1174 3624 1234 3691 sibi
1255 3625 1481 3707 adiumntibus,
1505 3627 1626 3693 scilicet
1647 3626 1824 3708 Bolerion,
1847 3624 2029 3706 Βιάίιιοιιιι,
2043 3624 2260 3706 biarszowiza,
2276 3622 2430 3705 Weregn'

809 3749 813 3758 ·
917 3724 959 3793 ab
981 3726 1092 3794 iisdem
1114 3725 1286 3810 virginibus
1307 3729 1406 3794 sacris
1428 3726 1486 3794 sub
1509 3726 1637 3794 Ordinis
1658 3728 1774 3812 prelati
1797 3727 1991 3812 professione
2013 3726 2129 3794 ibidem
2150 3725 2218 3794 Deo
2247 3724 2425 3792 famulanti

916 3834 1069 3914 perpetuo
1091 3829 1331 3913 possidendum:
1358 3831 1404 3897 ita
1426 3837 1464 3898 ut
1485 3830 1544 3897 hee
1565 3832 1705 3916 quinque
1727 3830 1921 3899 hereditates
1943 3828 2026 3897 inira
2043 3848 2141 3896 uuum
2162 3828 2315 3896 ambitum
2335 3842 2427 3893 uaoc

917 3930 1005 3998 cuitu
1024 3931 1059 3998 iu
1079 3950 1177 3998 uuum
1199 3932 1393 3999 territorium
1416 3932 1501 4016 quod
1523 3932 1679 4000 Ouenslso
1697 3939 1840 4015 vocatur,
1870 3934 1904 4000 in
1926 3952 1989 4018 quo
2017 3934 2119 4018 ipsum
2153 3933 2326 4000 claustrum
2356 3945 2428 3995 sanc

917 4031 1100 4099 monialium
1122 4033 1276 4115 mesistit,
1301 4053 1372 4100 cum
1390 4052 1448 4100 sua
1464 4034 1559 4116 plena
1572 4035 1756 4119 integritate
1777 4037 1844 4103 siat
1866 4036 2041 4116 coniuncte,
2067 4040 2101 4102 et
2121 4033 2301 4102 conventus
2332 4031 2428 4099 domi

917 4152 988 4202 rum
1008 4134 1078 4204 Deo
1097 4137 1244 4218 serviens,
1266 4137 1300 4203 in
1322 4137 1392 4205 loco
1414 4137 1522 4204 eodem
1545 4156 1669 4222 semper
1695 4141 1857 4207 consistat
1903 4138 2058 4205 Addimus
2091 4136 2189 4204 οιίιιιι
2218 4136 2318 4204 eidem
2345 4151 2419 4202 ceno

916 4236 1023 4321 plures
1044 4238 1266 4322 possessiones,
1289 4238 1411 4306 scilicet
1431 4239 1602 4321 linienicb,
1632 4240 1786 4306 Kiudowo
1813 4260 1885 4308 cum
1915 4239 2045 4306 decimis
2071 4256 2178 4305 earum
2197 4244 2230 4305 et
2252 4257 2322 4304 cmn
2344 4235 2430 4303 deci

917 4341 1207 4424 suprascriptarum
1228 4341 1367 4424 quinque
1382 4341 1537 4424 villarum,
1560 4341 1729 4424 Samolese,
1751 4342 1948 4428 Dobopncre,
1971 4341 2098 4422 Olesno,
2120 4339 2236 4407 Golina
2259 4337 2421 4420 celate

921 4439 1019 4523 chor,
1050 4441 1175 4521 Sienno,
1197 4441 1401 4523 Milacowiza,
1424 4444 1636 4526 Itaskowicce,
1671 4445 1850 4512 llolritnioa
1900 4443 2146 4527 superaddimus
2168 4443 2267 4510 eciam
2289 4442 2412 4508 domina

916 4541 1034 4609 dsdcm
1055 4543 1186 4626 triginta
1206 4561 1329 4610 marcas
1351 4543 1390 4610 de
1414 4552 1541 4611 moneta
1561 4545 1770 4612 Poznaniensi
1789 4566 1846 4630 pro
1865 4548 1994 4628 vestitu,
2014 4552 2048 4613 et
2061 4545 2233 4613 duodecem
2255 4544 2374 4628 lapides
2426 4565 2430 4598 ι

920 4643 1114 4728 trigintaque
1136 4644 1256 4727 lapides
1278 4645 1318 4712 dc
1339 4665 1414 4729 sepo
1436 4646 1476 4712 all
1497 4647 1639 4713 (livinum
1659 4647 1796 4715 osticium
1818 4648 2042 4732 peragendum.
2087 4647 2131 4714 Et
2152 4648 2228 4730 quia
2256 4647 2341 4713 elicta
2361 4645 2421 4710 don

915 4745 977 4813 Dei
993 4763 1089 4831 super
1110 4744 1277 4813 illartbam
1298 4755 1349 4815 est
1370 4750 1443 4830 sita,
1478 4749 1621 4815 volumus
1649 4755 1685 4815 ut
1708 4748 1829 4816 Christi
1849 4748 1966 4817 bmule
1997 4749 2032 4816 iu
2064 4767 2102 4816 ea
2134 4747 2314 4816 habitantes
2338 4754 2411 4814 utin

916 4849 987 4934 ripa
1008 4849 1106 4934 ipsius
1128 4847 1214 4915 durii
1234 4857 1267 4917 et
1288 4852 1444 4918 universis
1473 4851 1677 4932 utilitatibus,
1701 4852 1846 4920 videlicet
1873 4852 1972 4933 silvis,
1987 4850 2098 4934 pratis,
2112 4851 2247 4934 pascuis,
2263 4851 2357 4933 agris,
2372 4867 2411 4930 aq

916 4951 1111 5032 molendinis,
1134 4952 1281 5034 piscibus,
1304 4954 1490 5034 castoribns,
1512 4953 1734 5021 tenacioribus
1764 4955 1845 5020 etsi
1867 4973 1929 5038 quc
1951 4959 2027 5020 sunt
2047 4953 2109 5020 alie
2131 4953 2297 5033 utilitates,
2324 4952 2419 5017 libero

914 5051 1032 5136 ubsque
1054 5052 1120 5120 ulla
1141 5054 1388 5140 contradiptioae
1407 5056 1491 5122 inira
1513 5058 1665 5124 terminos
1687 5057 1799 5123 donnus
1819 5075 1876 5123 suc
1894 5075 2017 5140 semper
2031 5055 2241 5123 dominentur.
2273 5053 2420 5122 Contuiin

915 5153 1013 5220 eciam
1033 5154 1149 5221 abelem
1169 5155 1359 5224 ‹lonninabus
1378 5159 1411 5224 in
1433 5160 1499 5224 suis
1516 5158 1746 5226 hereditatibus
1773 5158 1952 5241 ubicunque
1974 5158 2132 5224 noluerint
2159 5158 2304 5225 civitates
2328 5164 2361 5224 et
2384 5153 2423 5221 ril
