4860 6180
436 243 514 320 444

435 443 525 514 bitur
544 462 566 513 a
585 442 720 512 subditis
742 443 833 525 facile
854 444 888 514 iu
909 445 1102 530 exemplum:
1126 442 1234 528 sieque
1248 442 1385 528 peccatis
1399 441 1606 528 exigentibus,
1629 460 1669 510 ex
1688 440 1801 510 talium
1819 440 1921 509 abusu
1934 458 1990 508 ne·
2098 418 2115 488 ⁴·

434 547 586 634 gilgentia
606 552 640 615 et
661 552 858 633 mntemptus
879 568 918 617 ac
939 548 1145 633 plurimorum
1163 545 1287 613 malitia
1303 546 1425 613 evomi:
1448 545 1575 628 accirlit,
1602 545 1686 628 quod
1707 546 1803 630 pauci
1825 545 1990 612 inveniun-

434 655 490 718 bsr
509 649 544 718 iu
561 667 659 734 regne
680 655 714 717 et
735 652 828 718 terris
849 650 1000 735 predictis
1021 650 1076 733 qui
1097 649 1341 717 ecelesiasticam
1363 667 1528 717 censuram
1550 654 1755 716 revereantur
1785 654 1818 716 et
1844 649 1990 730 timeant,

437 770 536 839 guum
557 752 686 820 videam
704 751 884 821 defensores
903 753 1003 837 ipsius
1021 770 1162 832 censure,
1184 751 1324 835 prelatos
1353 758 1388 819 et
1415 752 1495 820 alius
1517 750 1674 819 interieris
1702 751 1820 836 gratius
1842 749 1990 818 eeclesia-

434 853 532 923 stieas
552 872 712 940 maenus,
734 862 886 940 pastores,
909 862 1015 940 patres
1034 861 1071 940 ⁸et
1091 854 1229 921 melicos
1247 855 1422 921 animumm
1445 873 1586 936 suarum,
1609 854 1788 920 huiusmodi
1803 852 1988 935 sententias,

434 976 493 1044 per
512 957 598 1044 ipsos
619 958 725 1044 potius
745 957 852 1025 diviua
872 976 968 1044 quarn
988 959 1127 1026 bumana
1148 958 1339 1025 auctoritate
1361 957 1512 1041 prolatas,
1535 975 1669 1041 quarum
1696 957 1737 1023 ad
1760 957 1845 1039 ipsas
1867 954 1988 1040 specia-

434 1059 510 1129 liter
534 1065 660 1146 spectat
688 1060 792 1141 tuitio,
822 1061 1005 1128 notabiliter
1027 1066 1061 1128 et
1085 1059 1308 1126 damnabiliter
1337 1078 1401 1126 nen
1427 1077 1567 1140 semare;
1595 1059 1681 1143 quia,
1709 1065 1746 1125 ut
1774 1058 1899 1142 sapiens
1926 1057 1990 1125 ait:

435 1160 504 1232 liae
524 1163 571 1231 sic
592 1161 751 1229 inflectere
771 1161 893 1230 mimos
914 1162 1001 1232 dieta
1021 1168 1163 1247 possunt,
1185 1167 1223 1229 ut
1243 1162 1311 1228 uita
1332 1163 1484 1245 regentis:
1508 1167 1640 1246 propter
1661 1179 1723 1245 que
1745 1177 1878 1228 censura
1898 1165 1933 1226 et
1953 1159 1992 1225 li-

434 1263 560 1333 bertate
580 1263 760 1331 huiusmodi
781 1263 952 1348 vilipensis,
974 1266 1038 1332 ium
1059 1263 1276 1332 indifferenter
1296 1269 1330 1331 et
1351 1264 1480 1348 impune
1500 1263 1535 1331 iu
1555 1282 1652 1348 regne
1674 1268 1709 1331 et
1723 1262 1817 1330 terris
1839 1261 1992 1347 predictis

435 1366 645 1452 captivantur,
667 1366 882 1449 verberantur,
904 1369 1094 1435 mutilantur
1118 1387 1156 1435 uc
1185 1368 1281 1435 etium
1311 1367 1498 1434 occiduntur
1524 1367 1640 1449 elerici,
1670 1371 1714 1449 et,
1742 1364 1826 1450 qued
1852 1365 1992 1432 evemus

434 1472 495 1552 est,
515 1468 631 1554 psalmi
652 1468 743 1536 bonis
760 1485 798 1535 ae
814 1468 935 1537 iuribus
953 1471 1019 1538 suis
1041 1477 1107 1538 tam
1128 1469 1296 1539 mundanis
1317 1488 1413 1553 quam
1434 1468 1654 1537 ecclesiasticis
1679 1468 1870 1553 spoliantur,
1892 1466 1991 1534 eecle-

415 1569 492 1654 sia,
510 1571 704 1639 monasteria
725 1576 759 1638 et
779 1570 862 1638 bena
887 1591 925 1639 ac
946 1573 1017 1639 iura
1038 1572 1178 1657 ipsarum
1205 1571 1246 1638 ab
1268 1570 1346 1654 ipsis
1375 1571 1465 1638 laicis
1494 1577 1698 1656 occupantur,
1733 1570 1928 1638 invaduntur
1957 1573 1992 1637 et

434 1671 657 1742 damnabiliter
677 1673 868 1756 deducetur,
891 1673 1098 1758 profanantur
1119 1673 1323 1756 horribiliter,
1345 1672 1472 1758 aliaque
1494 1672 1595 1740 ruinis
1610 1679 1644 1740 et
1655 1673 1809 1741 incendiis
1822 1672 1992 1739 dmtruuu·

434 1779 498 1859 tur,
518 1793 689 1861 amnique
710 1795 749 1844 ac
770 1775 1008 1858 cemeteriorum
1027 1775 1211 1842 immunitas
1233 1773 1418 1858 infringitur
1438 1791 1476 1841 ac
1497 1773 1594 1842 etiam
1614 1774 1763 1862 dolatur,
1785 1793 1823 1842 ac
1843 1774 1992 1841 libertate

378 1914 382 1920 ·
434 1875 647 1946 mimicam
672 1877 764 1963 quasi
792 1878 935 1946 totaliter
961 1877 1154 1960 conculcata,
1181 1878 1215 1944 in
1241 1877 1386 1971 omnibus
1409 1875 1476 1944 iere
1498 1877 1682 1946 dissolvim
1707 1877 1851 1962 quotidie
1875 1894 1991 1944 nervus

434 1977 645 2048 mesimtiee
665 1980 844 2065 discipline3
865 1999 924 2048 nes
944 1986 1060 2062 autem
1082 1980 1229 2048 omnibus
1249 1980 1381 2064 prelatis
1402 1984 1471 2048 tam
1490 1979 1690 2064 regularibus
1719 1999 1815 2065 quam
1841 1980 1992 2048 seculari·

434 2080 495 2150 bus
513 2086 548 2150 et
569 2082 723 2150 universis
743 2082 865 2150 clericis
886 2083 920 2150 in
941 2090 1052 2153 macta
1073 2082 1199 2168 Synode
1221 2084 1419 2168 congregatis
1440 2101 1513 2151 cum
1533 2082 1689 2151 ineuntis
1715 2083 1897 2169 petentibus
1917 2100 1992 2150 eou-

434 2188 487 2252 tra
507 2184 593 2253 mala
613 2189 649 2253 et
668 2185 809 2269 pericula
828 2186 1011 2271 supradicta
1031 2204 1088 2270 per
1109 2191 1252 2253 uo'stram
1272 2185 1533 2253 constitutionem
1562 2185 1602 2253 de
1630 2185 1818 2270 opportunis
1844 2182 1992 2251 remediis

434 2286 602 2372 perideri,
623 2287 763 2372 presenti
784 2288 1009 2358 constitutione
1030 2288 1236 2374 precipimus:
1259 2287 1349 2370 Quod
1370 2304 1481 2354 omum
1500 2292 1535 2355 et
1552 2287 1668 2372 singuli
1687 2287 1804 2372 prelati
1830 2291 1864 2354 et
1885 2285 1992 2354 clerici

433 2388 583 2472 universi
604 2390 701 2458 etiam
722 2391 869 2476 exempti,
892 2392 1115 2476 cuiuscumque
1135 2390 1311 2476 dignitatis,
1340 2389 1460 2458 ordinis
1486 2389 1538 2457 rel
1568 2390 1729 2476 religionis
1758 2390 1909 2472 existant,
1937 2407 1992 2456 ex·

435 2490 736 2574 communicationis,
758 2493 971 2577 suspensionis
992 2497 1025 2560 et
1044 2492 1206 2561 interdicti
1227 2491 1413 2574 serranum
1432 2490 1473 2559 ab
1491 2491 1632 2560 eiusdem
1659 2492 1748 2578 regni
1776 2493 1910 2577 prelatis
1931 2509 1991 2558 ne·

434 2599 502 2662 stre
519 2592 686 2680 legationis
708 2599 742 2662 et
759 2595 831 2662 auis
852 2595 1043 2663 emdneriam
1064 2594 1115 2662 vel
1135 2594 1314 2680 delegatam
1334 2594 1586 2662 iurisdictionem
1599 2593 1801 2678 habentibus,
1824 2594 1874 2662 vel
1887 2613 1909 2660 a
1923 2595 1993 2661 iure

433 2712 491 2764 seu
510 2713 532 2764 a
553 2714 673 2764 canone
693 2696 727 2763 in
748 2715 962 2782 quascumque
984 2715 1134 2781 personas
1154 2697 1205 2765 vel
1226 2697 1296 2765 loea
1317 2697 1469 2783 prelatas,
1490 2703 1661 2782 postquam
1682 2698 1729 2764 eis
1750 2715 1808 2781 per
1821 2696 1992 2764 denuncia-

435 2797 554 2866 tionem
574 2797 700 2866 illorum
721 2799 916 2885 prelatorum
936 2800 987 2866 uel
1005 2800 1143 2867 iudicum
1164 2800 1215 2868 vel
1235 2801 1299 2868 alie
1319 2818 1519 2885 quocumque
1539 2799 1633 2866 medo
1653 2798 1694 2867 de
1724 2798 1842 2866 talibus
1863 2803 1992 2866 senteu-

433 2899 490 2967 tiis
511 2900 700 2983 eonstiterit,
723 2901 946 2970 inviolabiliter
966 2902 1142 2985 ebservcut,
1165 2902 1314 2987 ipsasque
1339 2901 1381 2969 ad
1399 2902 1638 2986 requisitionem
1666 2898 1824 2969 dictarum
1853 2900 1992 2985 prelato·
2136 2928 2137 2931 ¹

434 3021 506 3071 rum
530 3008 565 3071 et
592 3003 731 3072 iudicum
762 3005 960 3087 immolent,
989 3010 1023 3072 et
1047 3025 1068 3072 a
1088 3004 1149 3072 sibi
1180 3005 1317 3072 subditis
1338 3004 1522 3072 denunciari
1554 3004 1674 3071 facim
1703 3008 1738 3071 et
1769 3003 1993 3071 iuviolabiliter

436 3104 613 3174 amaram
635 3124 670 3174 se
690 3124 826 3191 mosque
847 3105 991 3175 subditos
1005 3106 1230 3190 subtrahendo,
1248 3106 1391 3192 aliosque
1411 3126 1433 3176 a
1453 3107 1672 3175 commuuione
1686 3106 1798 3173 talium
1813 3123 1993 3174 exeommu-

433 3206 612 3276 nicatorum
633 3209 667 3274 in
689 3209 889 3291 adutatiene,
911 3209 1028 3292 oscula
1049 3209 1119 3277 cibe
1141 3214 1175 3277 et
1195 3215 1275 3294 petu
1295 3229 1334 3278 ac
1354 3209 1470 3278 dirime
1491 3208 1613 3292 olfieiis,
1643 3227 1702 3276 uec
1728 3227 1793 3275 nen
1815 3207 1992 3276 acelebra·

344 3355 348 3362 -
436 3301 528 3378 tiene
544 3308 721 3378 divinorum
744 3311 777 3377 iu
795 3311 972 3379 interdictis
992 3311 1070 3379 locis
1090 3311 1141 3379 uel
1161 3312 1312 3396 eeclesiis,
1340 3319 1496 3396 quantum
1516 3312 1552 3378 iu
1570 3311 1617 3378 eis
1638 3309 1735 3379 inerit
1761 3309 1936 3378 revocando
1956 3315 1991 3378 et

378 3437 380 3442 ¹
433 3411 612 3499 expremius
632 3412 835 3497 probibendo.
880 3411 914 3480 Si
936 3414 991 3497 qui
1008 3432 1083 3481 vero
1104 3414 1231 3499 proprie
1252 3413 1365 3481 elutis
1385 3413 1593 3495 mmsuores,
1622 3419 1657 3481 et
1677 3411 1858 3480 hmusmodi
1878 3417 1988 3480 macte

434 3514 670 3583 constitutionis
689 3534 747 3583 nec
767 3533 831 3582 non
853 3514 1011 3583 libertatis
1031 3534 1069 3583 ac
1083 3527 1214 3583 censum
1229 3515 1438 3583 ecclesiastice
1452 3521 1707 3599 mntemptares,
1716 3514 1798 3581 tales
1812 3533 1991 3582 exeommu-

434 3617 557 3686 nieatos
577 3617 776 3700 denunciare,
798 3635 837 3684 ac
858 3618 892 3684 iu
913 3617 1063 3702 predictis
1084 3622 1118 3685 et
1138 3618 1209 3685 aliis
1226 3619 1261 3685 in
1282 3618 1397 3702 quibus
1418 3617 1681 3685 excommunicati
1702 3623 1779 3684 suut
1799 3617 1839 3684 de
1860 3617 1930 3684 iure
1943 3617 1991 3684 vi·

434 3717 533 3802 mndl,
550 3718 653 3787 vitare
674 3730 708 3786 et
728 3738 750 3785 a
770 3718 831 3786 sibi
852 3719 988 3786 subditis
1009 3719 1190 3787 denunciari
1208 3738 1246 3787 ac
1267 3720 1363 3787 vimri
1384 3719 1497 3802 iacere,
1518 3720 1674 3788 diabon
1694 3717 1807 3787 fraude
1827 3725 1990 3804 centemp-

433 3819 544 3903 serint,
565 3820 616 3888 vel
637 3821 671 3888 in
691 3821 831 3889 ecclmds
851 3822 918 3889 sive
938 3821 972 3888 in
992 3820 1069 3888 loeis
1091 3822 1267 3891 intenlictis
1286 3822 1444 3892 celebrare
1464 3823 1571 3891 divina
1590 3841 1788 3909 quacumque
1810 3824 1991 3892 temeritate
2039 3896 2042 3901 ,

432 3925 696 4010 presumpserint:
718 3925 746 3992 si
768 3924 942 4008 singulares
960 3925 1026 3992 sive
1048 3925 1170 4009 private
1192 3944 1325 4010 persone
1352 3925 1480 4008 merint,
1510 3925 1852 4009 excommunicationis,
1879 3925 1909 3992 si
1926 3925 1991 3993 cel·

433 4024 550 4112 wem
570 4025 621 4094 vel
642 4026 830 4093 universitas
850 4025 1071 4109 ecelesiastica,
1092 4027 1243 4094 aarum
1265 4033 1322 4095 aut
1343 4028 1496 4113 regularis
1520 4027 1626 4109 bresit,
1648 4046 1758 4095 eorum
1780 4028 1910 4096 ecclesie
1923 4029 1991 4097 sive

433 4129 627 4196 memsam
651 4129 720 4213 ipsa
747 4126 831 4194 facte
858 4128 1070 4196 ecclesiastico
1102 4128 1285 4196 subiaceant
1316 4130 1500 4213 interdicto3
1528 4130 1683 4215 aquibus
1713 4130 1890 4212 sententiis,
1918 4135 1992 4216 pest

387 4287 391 4295 .
434 4248 605 4316 congruam
627 4230 874 4298 satisfactionem
890 4231 1067 4301 exhibitam
1089 4231 1153 4298 illis
1176 4233 1306 4315 prelatis
1327 4235 1393 4302 sive
1416 4233 1571 4303 iudicibus
1592 4235 1648 4319 qui
1669 4233 1849 4302 huiusmodi
1863 4240 1991 4301 sentem

433 4332 496 4401 tias
518 4332 718 4417 protulerint,
741 4338 775 4398 et
796 4332 859 4398 illis
879 4351 938 4417 pro
958 4334 1072 4418 quibus
1091 4335 1158 4401 sive
1178 4335 1212 4401 in
1234 4354 1367 4420 querum
1390 4334 1529 4405 iavomm
1549 4336 1672 4422 pretate
1694 4335 1814 4404 tuerint
1834 4335 1991 4404 senteutie

432 4434 507 4518 lata,
529 4434 571 4504 ab
592 4436 670 4520 ipsis
689 4435 821 4521 prelatis
843 4442 877 4503 et
897 4436 1053 4504 iudicibus
1074 4439 1132 4521 qui
1154 4440 1328 4506 sententias
1350 4441 1511 4525 protulere
1531 4439 1701 4525 predictas,
1723 4440 1773 4506 uel
1796 4438 1836 4506 ab
1850 4438 1923 4508 aliis
1937 4458 1991 4506 su·

433 4538 609 4624 poeioribus
630 4540 672 4607 ad
693 4557 774 4623 ques
795 4539 906 4606 talium
928 4539 1084 4607 absolutio
1107 4547 1141 4607 et
1161 4541 1315 4608 relaxatio
1337 4549 1460 4628 spectet
1480 4543 1520 4610 de
1541 4544 1621 4626 iure,
1652 4543 1743 4612 iuxta
1769 4543 1902 4611 termam
1929 4542 1990 4609 Ec-

432 4639 527 4709 clesia
547 4641 754 4709 absolutionis
775 4647 809 4709 et
830 4642 1034 4709 relaxationis
1056 4643 1217 4710 intenlicti
1239 4642 1423 4713 beneficium
1445 4646 1572 4713 valeant
1593 4645 1746 4714 obtinere.
1778 4645 1867 4726 Quod
1882 4651 1990 4712 autem

431 4741 472 4812 da
491 4742 718 4812 denunciuudis
740 4745 1016 4811 excommunicatis
1037 4763 1134 4828 supra
1154 4745 1300 4829 uinum,
1321 4748 1526 4832 intelligimus
1547 4748 1588 4816 de
1608 4747 1747 4832 Pelenis,
1772 4755 1927 4833 quantum
1948 4745 1990 4813 ad

431 4842 577 4929 Pelodes,
595 4851 629 4913 et
650 4846 690 4912 dc
711 4844 849 4930 Ungaris
869 4852 903 4914 et
924 4846 1034 4913 incelis
1056 4851 1141 4915 terre
1163 4849 1229 4934 regi
1251 4848 1393 4934 ngarie
1410 4851 1560 4934 subiecta,
1586 4857 1743 4934 quantum
1773 4850 1814 4916 ud
1841 4850 1989 4934 Ungams

431 4951 466 5015 et
485 4947 572 5034 ipses
592 4948 720 5017 incolas.

535 5051 654 5120 laruas
670 5063 860 5134 grassatores
886 5057 1076 5118 aambemaa
1105 5059 1249 5123 manaa.
1295 5055 1472 5125 Nonnullos
1494 5055 1686 5125 execrabiles
1713 5062 1905 5141 peccateres,
1933 5054 1989 5140 qui

364 5151 368 5159 ’
430 5151 534 5222 soleut
555 5154 648 5223 iustis
670 5155 830 5222 bominum
851 5154 1010 5222 laboribus
1033 5158 1208 5242 exquibus
1230 5157 1385 5245 fragilitas
1406 5159 1545 5227 lrumaua
1574 5159 1723 5244 relicitur,
1752 5177 1989 5244 ruennumquatu

2284 3527 2397 3786 3?ss

2309 1463 2428 2298 ·÷{2ss{}}4

2310 2286 2357 2349 ἕ

2356 2301 2422 2368 Ξ

2308 2402 2402 2762 Ξῗῖῗ

2307 2793 2421 3120 ,nga-

2308 3121 2359 3361 {⁶⁶⁶3

2307 3339 2386 3477 Ξ,

2389 3234 2418 3466 -ἑο-

2306 3820 2428 4495 Ξὲἓὲἓὲἓ

2306 4660 2428 4914 ἔξέ
