4860 6180
1894 392 1966 470 451

431 594 553 667 nudum
571 594 613 667 ab
633 596 952 667 excommunicatione
973 615 1032 681 pro
1052 595 1191 664 violenta
1208 613 1357 665 mannum
1379 594 1545 665 iniectioue
1562 596 1595 665 in
1616 615 1764 683 personas
1783 597 1970 666 ceclesiasti-

432 720 494 783 cas,
516 719 574 769 nec
593 701 635 769 ab
655 703 727 769 aliis
745 700 1118 770 excommunicationibus
1140 722 1160 768 a
1179 719 1297 769 canone
1318 703 1383 768 sive
1404 700 1445 768 ab
1458 701 1529 768 aliis
1544 701 1698 769 iudicibus
1712 701 1785 768 latis
1799 700 1969 781 absolvere,

433 804 483 870 vel
504 803 538 870 in
559 803 853 889 uregnladtatibus,
875 804 935 871 nisi
954 802 994 868 de
1014 802 1162 869 mannate
1182 804 1232 871 vel
1253 805 1442 872 auctoritate
1462 805 1632 888 apostolice
1653 804 1751 888 sniis,
1771 804 1821 871 vel
1839 805 1873 870 in
1894 803 1981 870 cusi-⁴

433 903 493 972 bns
514 925 536 973 a
555 905 624 974 iure
646 908 818 991 permissis,
839 907 1020 991 dispensare
1041 912 1233 989 presumant

540 1011 577 1076 Ut
596 1015 745 1076 mediceae
764 1016 933 1091 spiritantia
953 1013 1118 1089 peraccedat
1140 1015 1340 1101 corporalem·
1379 1009 1541 1078 Stetutum
1569 1017 1619 1078 est
1643 1011 1677 1078 iu
1695 1008 1835 1079 Concilio
1855 1013 1889 1075 et
1909 1008 1973 1075 dis·

433 1110 528 1178 triete
549 1110 726 1180 iniunctum
748 1113 876 1181 medicis
898 1131 1072 1196 corporum,
1095 1117 1132 1177 ut
1152 1131 1249 1196 quum
1271 1131 1325 1179 eos
1346 1113 1387 1180 ad
1409 1114 1548 1181 infirmos
1568 1114 1673 1182 vocari
1691 1111 1867 1195 contigerit,
1889 1111 1974 1194 ipsos

433 1219 508 1281 ante
528 1214 633 1282 omnia
653 1224 801 1282 moneant
820 1222 853 1283 et
874 1215 1033 1295 inducant,
1049 1214 1132 1296 qued
1150 1214 1286 1282 medicos
1307 1215 1459 1283 advocent
1479 1218 1667 1298 animarum3
1689 1223 1726 1283 ut
1747 1219 1913 1298 postquam
1927 1214 1974 1280 iu·
2097 1247 2099 1251 ν

433 1315 533 1384 lirunie
551 1316 648 1385 fuerit
668 1316 708 1385 de
729 1319 887 1404 spirituali
908 1318 1011 1385 salute
1032 1317 1199 1400 provisum,
1221 1316 1262 1384 ad
1284 1320 1454 1401 corporalis
1468 1320 1620 1388 medicine
1633 1318 1804 1386 remedium
1816 1315 1973 1382 salubrius

433 1419 630 1505 procedatur.
674 1419 823 1490 Ceterum
841 1427 957 1503 autem,
983 1439 1081 1504 quum
1106 1421 1212 1487 anima
1241 1421 1284 1486 sit
1304 1421 1404 1489 multe
1425 1423 1530 1506 potior
1551 1441 1689 1507 corpore,
1715 1421 1774 1487 sub
1791 1420 1974 1486 intermina-

435 1523 520 1592 tione
539 1523 749 1592 amthenratis
771 1524 980 1610 prohibemus,
1002 1541 1042 1590 ne
1063 1523 1133 1606 quis
1153 1522 1344 1590 molientum
1360 1543 1418 1608 pro
1440 1526 1594 1610 corporali
1614 1525 1716 1593 salute
1730 1521 1847 1606 aliquid
1862 1529 1971 1606 egroto
2050 1563 2052 1567 -

435 1624 578 1709 madeat,
599 1625 684 1712 qnod
703 1628 738 1694 in
757 1627 861 1695 anime
882 1626 1055 1711 perieulum
1076 1630 1286 1692 convertatur.

536 1732 584 1796 Dc
612 1735 799 1806 censeam
812 1736 858 1795 -c'n
880 1735 1147 1796 macedonianis.
1191 1728 1242 1795 Ab
1267 1728 1398 1796 infirmis
1424 1729 1458 1797 in
1487 1731 1621 1799 articqu
1647 1729 1759 1797 mortis
1783 1727 1896 1812 positis
1918 1744 1974 1794 seu

435 1835 626 1918 conutitutis,
647 1855 728 1921 pura
747 1834 934 1920 requirenda
955 1834 1117 1916 mutessio,
1138 1853 1201 1903 non
1223 1835 1398 1918 penitentia
1417 1833 1616 1920 iniungenda
1659 1832 1721 1900 Sed
1735 1832 1912 1898 innotescet
1930 1830 1976 1897 eis
2120 1879 2122 1884 ,

437 1943 560 2006 tantvm
581 1945 631 2007 est
651 1938 870 2021 intimandum,
889 1945 927 2005 ut
944 1944 1147 2006 conterantur
1168 1945 1202 2005 et
1222 1936 1352 2004 doleant
1373 1932 1436 2022 pro'
1448 1937 1585 2022 peccatis
1605 1938 1671 2004 suis
1691 1934 1844 2002 universis
1859 1938 1893 2001 et
1912 1933 1975 2000 sin·

434 2041 517 2125 gulis
538 2059 602 2109 nou
624 2043 737 2110 fimare
754 2060 834 2126 pene
855 2060 950 2125 quem
970 2041 1128 2125 peccando
1149 2046 1341 2123 meruerunt,
1363 2040 1419 2107 sed
1439 2041 1515 2125 quia
1543 2039 1646 2107 Mum
1672 2038 1798 2106 Panem
1825 2044 1860 2105 et
1882 2036 1976 2105 Crea-

437 2149 539 2211 terem
560 2162 598 2212 ac
617 2143 860 2229 Redemptorem
874 2164 966 2211 suum
981 2143 1137 2212 offendere
1152 2148 1419 2227 presumpserunt,
1440 2141 1628 2210 acerbitates
1642 2140 1863 2225 egritudinum,
1885 2140 1977 2223 quasi

437 2245 561 2332 ingeila
580 2248 693 2332 patris,
714 2267 807 2332 quam
827 2248 882 2315 diu
902 2248 932 2316 ei
953 2248 1108 2333 placuerit
1129 2265 1200 2314 cnm
1225 2246 1340 2330 gaudio
1360 2246 1561 2314 sustinentes.
1605 2243 1706 2325 Quum
1733 2248 1841 2311 autem
1865 2259 1977 2311 conva-

437 2349 564 2432 luerint,
595 2352 706 2419 statim
724 2347 778 2417 'ad
810 2351 1004 2419 sacerdotem
1029 2347 1177 2417 accedere
1205 2347 1330 2431 debent,
1360 2353 1394 2417 et
1420 2355 1495 2415 tunc
1520 2348 1567 2416 eis
1593 2346 1766 2432 penitentia
1796 2346 1979 2431 iniungatur

438 2457 628 2539 competens.

542 2559 588 2622 Dc
609 2559 805 2624 &omento
825 2561 941 2623 cuam
985 2555 1034 2624 De
1054 2554 1256 2624 &menta
1278 2553 1389 2623 aitaris
1408 2552 1573 2623 dieendm
1593 2559 1657 2622 est:
1687 2552 1772 2639 qnod
1799 2571 1839 2620 ex
1861 2551 1979 2620 vntute

444 2657 611 2727 vmbcmm
641 2677 703 2744 que
728 2658 809 2727 dixit
835 2660 921 2727 Deus
943 2659 977 2725 iu
1011 2657 1098 2726 Cena
1122 2677 1217 2743 snper
1237 2677 1350 2742 panem
1370 2663 1404 2726 et
1432 2658 1538 2725 vinnm
1566 2664 1600 2725 et
1624 2655 1742 2724 ordinis
1767 2655 1979 2738 sacerdotalis,

441 2761 507 2830 aiae
526 2761 627 2831 bonus
648 2761 693 2829 sit
713 2761 860 2830 sacerdos
880 2762 947 2829 sive
967 2761 1079 2843 maine,
1100 2767 1174 2847 post
1194 2762 1402 2845 prolationem
1422 2760 1587 2829 verborum
1616 2761 1753 2844 ipsorum
1779 2777 1850 2826 cum
1878 2759 1979 2826 inten-

440 2866 527 2933 tione
547 2863 740 2947 confidendi,
758 2865 813 2932 nbi
834 2871 904 2933 erat
923 2865 1012 2951 prius
1033 2882 1131 2950 purus
1153 2864 1253 2949 panis,
1285 2870 1335 2931 cst
1362 2882 1470 2932 verum
1500 2861 1622 2947 corpus
1649 2860 1769 2930 Christi
1796 2861 1979 2943 animemm

440 2966 480 3035 de
498 2966 630 3053 Virgine
651 2974 771 3052 uatum,
792 2967 826 3034 in
846 2986 937 3036 nuce
957 2985 1095 3052 passum,
1116 2967 1158 3033 ad
1176 2966 1236 3035 Dei
1257 2966 1362 3034 Patris
1382 2967 1543 3034 (luteram
1569 2965 1765 3048 collocatum,
1791 2983 1855 3032 non
1882 2963 1981 3049 pansi·
2004 3052 2008 3060 Ι

442 3067 505 3136 bile
525 3070 619 3155 quale
640 3069 702 3137 init
722 3071 755 3136 in
775 3071 836 3154 da,
858 3070 913 3138 sed
934 3070 1141 3155 glorificatum
1163 3069 1257 3154 quale
1274 3075 1325 3136 est
1339 3069 1372 3135 in
1392 3067 1524 3151 Patriap
1538 3073 1572 3135 et
1585 3067 1639 3134 ubi
1652 3073 1723 3136 erat
1736 3085 1850 3152 purum
1862 3066 1980 3148 vinum

442 3177 492 3239 eat
511 3190 605 3240 verus
626 3171 761 3258 Sanguis
781 3171 900 3240 Christi
918 3174 972 3257 qui
994 3173 1035 3241 de
1055 3172 1154 3240 latere
1175 3174 1243 3240 eius
1263 3170 1422 3256 profluxit,
1442 3177 1476 3239 et
1495 3168 1554 3237 snb
1575 3175 1710 3254 unaque
1736 3168 1837 3237 forma
1861 3176 1911 3236 est
1931 3174 1981 3235 ta·

443 3279 495 3342 tna
517 3272 672 3358 curatus
696 3275 816 3343 scilieet
837 3274 922 3342 Dens
944 3282 978 3343 et
999 3276 1106 3344 hemo:
1129 3275 1206 3360 quia
1221 3293 1279 3343 nec
1299 3292 1411 3359 eorpus
1432 3274 1499 3341 siae
1519 3273 1680 3358 sauguine,
1701 3289 1759 3340 nec
1772 3273 1901 3357 sanguis
1914 3271 1982 3339 sine

340 3418 341 3421 π
442 3394 580 3462 corpore
624 3377 668 3445 Et
689 3385 740 3446 est
760 3377 996 3446 Swrevnentvnnn
1018 3378 1105 3447 cibus
1126 3384 1160 3446 et
1180 3376 1309 3446 recedo
1329 3377 1433 3444 anime
1453 3374 1586 3443 viventis
1606 3373 1821 3460 pergratiam,
1843 3392 1881 3441 ae
1895 3373 1982 3441 dana-

442 3479 529 3548 netio
556 3479 661 3549 anime
687 3487 810 3548 monne
838 3481 872 3547 iu
897 3487 1040 3565 peccate:
1069 3480 1144 3565 qnia
1169 3480 1224 3565 qui
1253 3479 1379 3564 indigne
1407 3479 1513 3562 sumit,
1546 3477 1697 3545 iudicium
1724 3477 1785 3546 sioi
1812 3477 1982 3546 manducat

546 3689 592 3753 Bc
609 3689 721 3753 Ilattia
766 3684 918 3753 Sacerdos
938 3685 1121 3753 ministrans
1142 3684 1308 3770 diiigemer
1325 3682 1480 3768 attendat,
1502 3683 1587 3768 qnod
1607 3683 1722 3751 Hostia
1741 3683 1786 3752 sit
1804 3684 1930 3769 integro
1941 3701 1980 3752 ac

443 3787 599 3873 integrum
618 3786 736 3855 lrabeat
758 3788 917 3872 circulum,
937 3793 971 3856 et
991 3787 1075 3872 quod
1095 3787 1202 3855 vinum
1220 3807 1283 3855 neu
1304 3789 1348 3855 sit
1368 3795 1538 3869 acetosum,
1557 3792 1591 3854 et
1611 3786 1694 3871 quod
1715 3805 1831 3873 apuam
1852 3806 1916 3855 nou
1929 3787 1983 3855 ob·

443 3890 560 3957 mittat
604 3887 638 3957 Si
659 3895 766 3957 autem
786 3908 899 3975 aquarn
921 3889 1058 3971 obnuit,
1081 3891 1205 3973 qnando
1227 3890 1459 3973 animadvertit,
1480 3891 1625 3975 apponit:
1649 3895 1755 3958 tannen
1777 3909 1848 3958 cum
1866 3891 1894 3956 si
1916 3889 1984 3957 fieri

444 3997 549 4076 potest
568 3993 637 4061 siue
662 3992 818 4061 seandalo.
863 3992 898 4060 Si
925 4011 1000 4060 vero
1028 4012 1086 4076 per
1113 3993 1335 4078 negligentiam
1360 3993 1508 4076 evenerit,
1536 3992 1621 4077 quod
1643 3993 1781 4078 perlecto
1809 4011 1928 4062 macne
1951 3998 1985 4061 ct

445 4101 573 4180 peracta
592 4097 826 4165 moecenatione
843 4113 901 4164 nec
918 4114 1003 4180 aqua
1023 4113 1080 4162 nec
1101 4096 1208 4162 dnum
1229 4096 1405 4180 reperietur
1425 4096 1460 4163 in
1481 4096 1586 4178 calice,
1607 4094 1701 4162 debet
1728 4097 1837 4163 statim
1863 4095 1985 4162 infundi

444 4203 622 4282 utrumque,
642 4203 676 4266 et
696 4198 810 4266 Hostia
830 4198 874 4265 sit
893 4204 1074 4265 consonante
1095 4199 1225 4265 seorsim
1247 4205 1281 4265 et
1301 4210 1478 4264 reverenter
1495 4203 1709 4280 consecratum
1738 4197 1851 4265 Hostia
1879 4205 1985 4266 autem

446 4319 535 4383 nova,
557 4301 641 4368 deut
660 4302 742 4368 solet
760 4301 828 4368 lieri
848 4307 922 4368 cute
944 4301 1071 4368 calicem
1093 4307 1278 4386 opponatur,
1306 4306 1339 4367 et
1359 4300 1563 4385 reincipiatur
1590 4301 1623 4367 in
1653 4318 1771 4368 cauom
1799 4303 1909 4368 misse:
1941 4301 1986 4368 Te

446 4403 551 4488 igitur.
594 4403 672 4472 Post
690 4406 937 4472 communionem
958 4424 1032 4471 vero
1050 4406 1136 4488 prior
1157 4404 1263 4472 hostia
1283 4413 1437 4486 sumatur,
1459 4411 1526 4470 tum
1547 4403 1691 4485 monada,
1722 4403 1763 4471 ab
1792 4405 1860 4487 ipso
1885 4423 1986 4471 sacer·

446 4506 528 4574 dote.
573 4505 617 4572 Et
637 4514 769 4574 caveant
788 4507 977 4587 sacerdotes,
999 4527 1040 4576 ne
1060 4509 1152 4592 panis
1173 4513 1207 4574 ct
1227 4507 1335 4573 vinum
1355 4513 1538 4575 remaneant
1558 4525 1653 4590 super
1680 4507 1783 4575 altare
1809 4506 1892 4576 infra
1913 4508 1986 4575 rnu-

446 4625 523 4692 sunu,
545 4613 651 4693 preter
671 4609 728 4676 illa
749 4629 810 4693 quc
830 4609 872 4678 ab
894 4610 962 4693 ipso
983 4615 1059 4676 sunt
1077 4609 1295 4676 consecranda
1454 4632 1456 4634 ’
1840 4660 1844 4669 .

553 4715 590 4777 Ut
611 4717 782 4778 medones
804 4718 972 4778 alnetiucuat
993 4735 1013 4778 a
1033 4718 1169 4794 spumam
1192 4725 1262 4794 poet
1281 4719 1476 4793 sumptionem
1503 4718 1650 4793 turperis
1687 4711 1879 4797 Proripimus
1901 4731 1986 4797 pres·

450 4813 578 4898 byteris,
600 4819 638 4880 ut
658 4815 784 4898 quando
813 4816 988 4899 inceperint
1016 4817 1048 4881 in
1079 4835 1196 4882 canone
1224 4817 1332 4883 miso:
1365 4816 1424 4898 Qui
1450 4816 1564 4900 pridie:
1594 4821 1736 4882 tenentes
1757 4815 1901 4883 Hostiam
1926 4834 1988 4884 non

450 4918 573 4985 elevent
590 4937 659 4984 eam
680 4919 783 4998 nimis,
806 4920 861 4985 scd
879 4920 961 5002 quod
984 4920 1084 5003 posuit
1106 4919 1218 5000 videri;
1241 4926 1275 4986 et
1296 4927 1368 5003 post
1384 4920 1593 5003 sumptionem
1616 4917 1763 5002 Corporis
1776 4926 1811 4986 et
1822 4919 1989 5002 Sanguinis

448 5019 488 5087 ab
508 5021 676 5105 expuendo
697 5041 732 5086 sc
753 5021 942 5104 abstineant,
965 5030 999 5089 ct
1018 5022 1045 5087 si
1066 5021 1225 5089 abstinero
1247 5041 1309 5089 non
1332 5024 1463 5106 possint,
1485 5023 1517 5088 in
1539 5022 1608 5088 loce
1636 5021 1752 5089 mundo
1777 5022 1836 5088 hoe
1863 5023 1988 5105 iaciant,

451 5124 504 5206 qui
525 5124 638 5192 calcari
661 5143 724 5190 nou
746 5125 854 5208 pessit.

550 5231 595 5293 ne
617 5231 772 5307 Sunffldm
797 5233 906 5293 Clvricti
936 5235 1037 5310 elapso
1066 5248 1158 5308 anper
1183 5237 1351 5309 corpvcreelc.
1396 5227 1562 5295 Sciendum
1592 5233 1651 5310 est,
1685 5227 1769 5311 quod
1794 5228 1821 5295 si
1847 5228 1923 5312 quial
1949 5229 1988 5298 (le

451 5326 606 5411 &nguine
626 5330 744 5396 Cluisti
767 5332 912 5397 cvuivlorit
933 5350 1028 5416 svnpuu
1049 5331 1221 5412 (roupertum,
1244 5332 1383 5410 seminuda
1410 5337 1458 5396 cst
1480 5350 1554 5413 pum
1574 5331 1716 5412 intincta,
1737 5336 1770 5397 ct
1795 5332 1897 5414 ipsum
1922 5352 1989 5400 cor·

1782 5453 1832 5505 ct·
