<?xml version="1.0" encoding="UTF-8"?>
<!DOCTYPE html PUBLIC "-//W3C//DTD XHTML 1.0 Transitional//EN"
    "http://www.w3.org/TR/xhtml1/DTD/xhtml1-transitional.dtd">
<html xmlns="http://www.w3.org/1999/xhtml" xml:lang="en" lang="en">
 <head>
  <title>
</title>
<meta http-equiv="Content-Type" content="text/html;charset=utf-8" />
  <meta name='ocr-system' content='tesseract 3.04.00' />
  <meta name='ocr-capabilities' content='ocr_page ocr_carea ocr_par ocr_line ocrx_word'/>
</head>
<body>
  <div class='ocr_page' id='page_1' title='image "./codexdiplomatic03zakrgoog_0450.png"; bbox 0 0 4476 6180; ppageno 0'>
   <div class='ocr_carea' id='block_1_1' title="bbox 156 93 1712 2641">
    <p class='ocr_par' dir='ltr' id='par_1_1' title="bbox 156 93 1712 2641">
     <span class='ocr_line' id='line_1_1' title="bbox 194 93 1704 181; baseline -0.001 -16"><span class='ocrx_word' id='word_1_1' title='bbox 194 96 295 167; x_wconf 81' lang='lat' dir='ltr'>uonici</span> <span class='ocrx_word' id='word_1_2' title='bbox 326 103 574 181; x_wconf 80' lang='lat' dir='ltr'>commorantur3</span> <span class='ocrx_word' id='word_1_3' title='bbox 607 97 654 165; x_wconf 88' lang='lat' dir='ltr'>ita</span> <span class='ocrx_word' id='word_1_4' title='bbox 684 95 814 177; x_wconf 87' lang='lat' dir='ltr'>seilicet,</span> <span class='ocrx_word' id='word_1_5' title='bbox 839 93 925 180; x_wconf 89' lang='lat' dir='ltr'>quod</span> <span class='ocrx_word' id='word_1_6' title='bbox 954 93 1070 181; x_wconf 84' lang='lat' dir='ltr'>aliquis</span> <span class='ocrx_word' id='word_1_7' title='bbox 1096 93 1272 181; x_wconf 85' lang='lat' dir='ltr'>loquiano</span> <span class='ocrx_word' id='word_1_8' title='bbox 1300 93 1417 163; x_wconf 84' lang='lat' dir='ltr'>audeat</span> <span class='ocrx_word' id='word_1_9' title='bbox 1441 94 1503 163; x_wconf 84' lang='lat' dir='ltr'>u‘nl</span> <span class='ocrx_word' id='word_1_10' title='bbox 1528 113 1603 165; x_wconf 82' lang='lat' dir='ltr'>seeo</span> <span class='ocrx_word' id='word_1_11' title='bbox 1625 95 1704 164; x_wconf 90' lang='lat' dir='ltr'>adeo</span> 
     </span>
     <span class='ocr_line' id='line_1_2' title="bbox 187 199 1061 286; baseline -0.003 -17"><span class='ocrx_word' id='word_1_12' title='bbox 187 204 321 284; x_wconf 85' lang='lat' dir='ltr'>bmissa,</span> <span class='ocrx_word' id='word_1_13' title='bbox 343 203 427 286; x_wconf 90' lang='lat' dir='ltr'>quod</span> <span class='ocrx_word' id='word_1_14' title='bbox 449 204 563 270; x_wconf 75' lang='lat' dir='ltr'>artius</span> <span class='ocrx_word' id='word_1_15' title='bbox 585 203 626 269; x_wconf 89' lang='lat' dir='ltr'>ab</span> <span class='ocrx_word' id='word_1_16' title='bbox 648 203 716 285; x_wconf 89' lang='lat' dir='ltr'>ipso</span> <span class='ocrx_word' id='word_1_17' title='bbox 738 199 847 266; x_wconf 91' lang='lat' dir='ltr'>audire</span> <span class='ocrx_word' id='word_1_18' title='bbox 866 217 930 266; x_wconf 91' lang='lat' dir='ltr'>uon</span> <span class='ocrx_word' id='word_1_19' title='bbox 951 200 1061 283; x_wconf 86' lang='lat' dir='ltr'>possit</span> 
     </span>
     <span class='ocr_line' id='line_1_3' title="bbox 256 301 1704 386; baseline -0.002 -15"><span class='ocrx_word' id='word_1_20' title='bbox 256 308 324 371; x_wconf 79' lang='lat' dir='ltr'>Noa</span> <span class='ocrx_word' id='word_1_21' title='bbox 344 309 514 371; x_wconf 71' lang='lat' dir='ltr'>excutedum</span> <span class='ocrx_word' id='word_1_22' title='bbox 535 316 626 371; x_wconf 73' lang='lat' dir='ltr'>ealrn</span> <span class='ocrx_word' id='word_1_23' title='bbox 647 313 735 383; x_wconf 79' lang='lat' dir='ltr'>apen</span> <span class='ocrx_word' id='word_1_24' title='bbox 756 309 936 368; x_wconf 66' lang='lat' dir='ltr'>lanimem-ll.</span> <span class='ocrx_word' id='word_1_25' title='bbox 981 302 1145 384; x_wconf 86' lang='lat' dir='ltr'>Quoniam,</span> <span class='ocrx_word' id='word_1_26' title='bbox 1167 302 1251 369; x_wconf 84' lang='lat' dir='ltr'>sieut</span> <span class='ocrx_word' id='word_1_27' title='bbox 1271 301 1458 385; x_wconf 65' lang='lat' dir='ltr'>callisinus,</span> <span class='ocrx_word' id='word_1_28' title='bbox 1489 302 1617 386; x_wconf 86' lang='lat' dir='ltr'>quidam</span> <span class='ocrx_word' id='word_1_29' title='bbox 1638 320 1704 368; x_wconf 87' lang='lat' dir='ltr'>mo·</span> 
     </span>
     <span class='ocr_line' id='line_1_4' title="bbox 183 402 1706 492; baseline -0.003 -15"><span class='ocrx_word' id='word_1_30' title='bbox 183 408 248 477; x_wconf 76' lang='lat' dir='ltr'>‚ruhi</span> <span class='ocrx_word' id='word_1_31' title='bbox 267 414 302 477; x_wconf 88' lang='lat' dir='ltr'>et</span> <span class='ocrx_word' id='word_1_32' title='bbox 322 409 462 475; x_wconf 81' lang='lat' dir='ltr'>mnouici</span> <span class='ocrx_word' id='word_1_33' title='bbox 485 408 645 492; x_wconf 80' lang='lat' dir='ltr'>regulares</span> <span class='ocrx_word' id='word_1_34' title='bbox 672 407 848 489; x_wconf 85' lang='lat' dir='ltr'>aliquomm</span> <span class='ocrx_word' id='word_1_35' title='bbox 873 405 1136 472; x_wconf 70' lang='lat' dir='ltr'><strong>monasteriorum</strong></span> <span class='ocrx_word' id='word_1_36' title='bbox 1163 409 1392 472; x_wconf 85' lang='lat' dir='ltr'>mnsuaverunt</span> <span class='ocrx_word' id='word_1_37' title='bbox 1415 410 1507 473; x_wconf 81' lang='lat' dir='ltr'>ostra</span> <span class='ocrx_word' id='word_1_38' title='bbox 1534 402 1626 489; x_wconf 73' lang='lat' dir='ltr'>sepita</span> <span class='ocrx_word' id='word_1_39' title='bbox 1655 404 1706 472; x_wconf 90' lang='lat' dir='ltr'>sui</span> 
     </span>
     <span class='ocr_line' id='line_1_5' title="bbox 179 507 1704 596; baseline -0.002 -17"><span class='ocrx_word' id='word_1_40' title='bbox 179 510 345 591; x_wconf 73' lang='lat' dir='ltr'>2onastarii,</span> <span class='ocrx_word' id='word_1_41' title='bbox 369 515 602 595; x_wconf 86' lang='lat' dir='ltr'>tam&#39;patenter</span> <span class='ocrx_word' id='word_1_42' title='bbox 624 528 718 594; x_wconf 88' lang='lat' dir='ltr'>qnam</span> <span class='ocrx_word' id='word_1_43' title='bbox 740 508 886 589; x_wconf 89' lang='lat' dir='ltr'>latenter,</span> <span class='ocrx_word' id='word_1_44' title='bbox 909 513 975 596; x_wconf 86' lang='lat' dir='ltr'>tam</span> <span class='ocrx_word' id='word_1_45' title='bbox 996 508 1134 590; x_wconf 75' lang='lat' dir='ltr'>tumiter</span> <span class='ocrx_word' id='word_1_46' title='bbox 1151 525 1246 591; x_wconf 90' lang='lat' dir='ltr'>quam</span> <span class='ocrx_word' id='word_1_47' title='bbox 1265 507 1489 575; x_wconf 70' lang='lat' dir='ltr'><strong>damnabiliter</strong></span> <span class='ocrx_word' id='word_1_48' title='bbox 1510 526 1567 591; x_wconf 89' lang='lat' dir='ltr'>par</span> <span class='ocrx_word' id='word_1_49' title='bbox 1585 513 1704 576; x_wconf 83' lang='lat' dir='ltr'>terram</span> 
     </span>
     <span class='ocr_line' id='line_1_6' title="bbox 174 609 1707 701; baseline -0.004 -20"><span class='ocrx_word' id='word_1_50' title='bbox 174 615 261 701; x_wconf 58' lang='lat' dir='ltr'>:spine</span> <span class='ocrx_word' id='word_1_51' title='bbox 281 615 417 698; x_wconf 84' lang='lat' dir='ltr'>evagari,</span> <span class='ocrx_word' id='word_1_52' title='bbox 440 616 619 695; x_wconf 87' lang='lat' dir='ltr'>statuimus,</span> <span class='ocrx_word' id='word_1_53' title='bbox 642 619 680 679; x_wconf 90' lang='lat' dir='ltr'>ut</span> <span class='ocrx_word' id='word_1_54' title='bbox 701 614 817 694; x_wconf 89' lang='lat' dir='ltr'>nullus,</span> <span class='ocrx_word' id='word_1_55' title='bbox 839 619 969 694; x_wconf 84' lang='lat' dir='ltr'>excepto</span> <span class='ocrx_word' id='word_1_56' title='bbox 991 611 1153 696; x_wconf 85' lang='lat' dir='ltr'>mpellauo</span> <span class='ocrx_word' id='word_1_57' title='bbox 1172 618 1205 677; x_wconf 92' lang='lat' dir='ltr'>et</span> <span class='ocrx_word' id='word_1_58' title='bbox 1227 610 1290 676; x_wconf 88' lang='lat' dir='ltr'>illis</span> <span class='ocrx_word' id='word_1_59' title='bbox 1315 609 1430 694; x_wconf 83' lang='lat' dir='ltr'>quibus</span> <span class='ocrx_word' id='word_1_60' title='bbox 1456 629 1495 676; x_wconf 87' lang='lat' dir='ltr'>ex</span> <span class='ocrx_word' id='word_1_61' title='bbox 1517 609 1707 676; x_wconf 80' lang='lat' dir='ltr'>neeessiaata</span> 
     </span>
     <span class='ocr_line' id='line_1_7' title="bbox 176 710 1706 804; baseline 0.001 -27"><span class='ocrx_word' id='word_1_62' title='bbox 176 715 386 783; x_wconf 74' lang='lat' dir='ltr'>humanatio</span> <span class='ocrx_word' id='word_1_63' title='bbox 409 718 569 800; x_wconf 85' lang='lat' dir='ltr'>competit,</span> <span class='ocrx_word' id='word_1_64' title='bbox 592 722 682 800; x_wconf 89' lang='lat' dir='ltr'>septa</span> <span class='ocrx_word' id='word_1_65' title='bbox 702 715 884 782; x_wconf 85' lang='lat' dir='ltr'>monasterii</span> <span class='ocrx_word' id='word_1_66' title='bbox 907 715 956 780; x_wconf 91' lang='lat' dir='ltr'>sui</span> <span class='ocrx_word' id='word_1_67' title='bbox 978 715 1064 781; x_wconf 84' lang='lat' dir='ltr'>exire</span> <span class='ocrx_word' id='word_1_68' title='bbox 1090 715 1214 794; x_wconf 81' lang='lat' dir='ltr'>audeat,</span> <span class='ocrx_word' id='word_1_69' title='bbox 1245 714 1304 780; x_wconf 83' lang='lat' dir='ltr'>uisi</span> <span class='ocrx_word' id='word_1_70' title='bbox 1328 714 1424 804; x_wconf 79' lang='lat' dir='ltr'>¹priam</span> <span class='ocrx_word' id='word_1_71' title='bbox 1450 711 1491 779; x_wconf 90' lang='lat' dir='ltr'>ab</span> <span class='ocrx_word' id='word_1_72' title='bbox 1520 710 1635 779; x_wconf 88' lang='lat' dir='ltr'>abbate</span> <span class='ocrx_word' id='word_1_73' title='bbox 1656 711 1706 779; x_wconf 85' lang='lat' dir='ltr'>uel</span> 
     </span>
     <span class='ocr_line' id='line_1_8' title="bbox 161 815 1706 903; baseline -0.003 -18"><span class='ocrx_word' id='word_1_74' title='bbox 161 820 259 903; x_wconf 77' lang='lat' dir='ltr'>niara</span> <span class='ocrx_word' id='word_1_75' title='bbox 272 834 329 884; x_wconf 89' lang='lat' dir='ltr'>seu</span> <span class='ocrx_word' id='word_1_76' title='bbox 343 818 512 902; x_wconf 88' lang='lat' dir='ltr'>preposite,</span> <span class='ocrx_word' id='word_1_77' title='bbox 529 826 561 885; x_wconf 92' lang='lat' dir='ltr'>et</span> <span class='ocrx_word' id='word_1_78' title='bbox 576 820 602 884; x_wconf 86' lang='lat' dir='ltr'>si</span> <span class='ocrx_word' id='word_1_79' title='bbox 617 818 715 885; x_wconf 82' lang='lat' dir='ltr'>abbas</span> <span class='ocrx_word' id='word_1_80' title='bbox 730 819 779 884; x_wconf 89' lang='lat' dir='ltr'>vel</span> <span class='ocrx_word' id='word_1_81' title='bbox 794 817 881 900; x_wconf 91' lang='lat' dir='ltr'>prior</span> <span class='ocrx_word' id='word_1_82' title='bbox 894 834 950 882; x_wconf 90' lang='lat' dir='ltr'>seu</span> <span class='ocrx_word' id='word_1_83' title='bbox 961 817 1141 900; x_wconf 78' lang='lat' dir='ltr'>prepositus</span> <span class='ocrx_word' id='word_1_84' title='bbox 1152 823 1313 899; x_wconf 81' lang='lat' dir='ltr'><strong>presentes</strong></span> <span class='ocrx_word' id='word_1_85' title='bbox 1327 834 1390 882; x_wconf 84' lang='lat' dir='ltr'>ruon</span> <span class='ocrx_word' id='word_1_86' title='bbox 1402 815 1529 897; x_wconf 81' lang='lat' dir='ltr'>fuerint,</span> <span class='ocrx_word' id='word_1_87' title='bbox 1540 815 1581 881; x_wconf 93' lang='lat' dir='ltr'>ab</span> <span class='ocrx_word' id='word_1_88' title='bbox 1596 832 1706 881; x_wconf 85' lang='lat' dir='ltr'>aarum</span> 
     </span>
     <span class='ocr_line' id='line_1_9' title="bbox 162 915 1707 1004; baseline 0.001 -23"><span class='ocrx_word' id='word_1_89' title='bbox 162 918 280 987; x_wconf 84' lang='lat' dir='ltr'>:icariis</span> <span class='ocrx_word' id='word_1_90' title='bbox 292 918 342 986; x_wconf 83' lang='lat' dir='ltr'>sel</span> <span class='ocrx_word' id='word_1_91' title='bbox 356 919 428 986; x_wconf 81' lang='lat' dir='ltr'>aliIs</span> <span class='ocrx_word' id='word_1_92' title='bbox 442 928 631 1004; x_wconf 89' lang='lat' dir='ltr'>potestatem</span> <span class='ocrx_word' id='word_1_93' title='bbox 647 919 844 999; x_wconf 90' lang='lat' dir='ltr'>habentibus,</span> <span class='ocrx_word' id='word_1_94' title='bbox 860 919 907 984; x_wconf 89' lang='lat' dir='ltr'>eis</span> <span class='ocrx_word' id='word_1_95' title='bbox 920 918 1100 1001; x_wconf 78' lang='lat' dir='ltr'>specialiter</span> <span class='ocrx_word' id='word_1_96' title='bbox 1110 918 1237 985; x_wconf 88' lang='lat' dir='ltr'>licentia</span> <span class='ocrx_word' id='word_1_97' title='bbox 1248 919 1291 983; x_wconf 91' lang='lat' dir='ltr'>sit</span> <span class='ocrx_word' id='word_1_98' title='bbox 1305 937 1466 985; x_wconf 77' lang='lat' dir='ltr'>mercasse:</span> <span class='ocrx_word' id='word_1_99' title='bbox 1483 916 1596 1000; x_wconf 79' lang='lat' dir='ltr'>quibam</span> <span class='ocrx_word' id='word_1_100' title='bbox 1607 915 1707 983; x_wconf 89' lang='lat' dir='ltr'>abbas</span> 
     </span>
     <span class='ocr_line' id='line_1_10' title="bbox 158 1020 1706 1107; baseline -0.003 -18"><span class='ocrx_word' id='word_1_101' title='bbox 158 1040 212 1089; x_wconf 69' lang='lat' dir='ltr'>seu</span> <span class='ocrx_word' id='word_1_102' title='bbox 224 1021 313 1107; x_wconf 88' lang='lat' dir='ltr'>prior</span> <span class='ocrx_word' id='word_1_103' title='bbox 326 1021 376 1087; x_wconf 82' lang='lat' dir='ltr'>sel</span> <span class='ocrx_word' id='word_1_104' title='bbox 390 1024 567 1106; x_wconf 88' lang='lat' dir='ltr'>prepositus</span> <span class='ocrx_word' id='word_1_105' title='bbox 583 1024 631 1090; x_wconf 82' lang='lat' dir='ltr'>vel</span> <span class='ocrx_word' id='word_1_106' title='bbox 646 1043 754 1091; x_wconf 89' lang='lat' dir='ltr'>eorum</span> <span class='ocrx_word' id='word_1_107' title='bbox 769 1023 887 1103; x_wconf 81' lang='lat' dir='ltr'>vicarii,</span> <span class='ocrx_word' id='word_1_108' title='bbox 910 1024 978 1088; x_wconf 90' lang='lat' dir='ltr'>sine</span> <span class='ocrx_word' id='word_1_109' title='bbox 1001 1041 1096 1088; x_wconf 86' lang='lat' dir='ltr'>cansa</span> <span class='ocrx_word' id='word_1_110' title='bbox 1117 1024 1293 1089; x_wconf 88' lang='lat' dir='ltr'>necessaria</span> <span class='ocrx_word' id='word_1_111' title='bbox 1306 1022 1356 1089; x_wconf 83' lang='lat' dir='ltr'>vel</span> <span class='ocrx_word' id='word_1_112' title='bbox 1370 1022 1550 1089; x_wconf 73' lang='lat' dir='ltr'>rationabili</span> <span class='ocrx_word' id='word_1_113' title='bbox 1572 1020 1706 1088; x_wconf 83' lang='lat' dir='ltr'>exeundi</span> 
     </span>
     <span class='ocr_line' id='line_1_11' title="bbox 159 1123 1707 1208; baseline -0.002 -17"><span class='ocrx_word' id='word_1_114' title='bbox 159 1123 314 1193; x_wconf 85' lang='lat' dir='ltr'>lieentinm</span> <span class='ocrx_word' id='word_1_115' title='bbox 335 1142 398 1192; x_wconf 91' lang='lat' dir='ltr'>nou</span> <span class='ocrx_word' id='word_1_116' title='bbox 413 1125 594 1192; x_wconf 82' lang='lat' dir='ltr'>macedoni.</span> <span class='ocrx_word' id='word_1_117' title='bbox 633 1127 700 1194; x_wconf 89' lang='lat' dir='ltr'>Nec</span> <span class='ocrx_word' id='word_1_118' title='bbox 715 1127 811 1194; x_wconf 90' lang='lat' dir='ltr'>etiam</span> <span class='ocrx_word' id='word_1_119' title='bbox 826 1125 956 1192; x_wconf 87' lang='lat' dir='ltr'>obtenta</span> <span class='ocrx_word' id='word_1_120' title='bbox 969 1125 1107 1205; x_wconf 88' lang='lat' dir='ltr'>lieentia,</span> <span class='ocrx_word' id='word_1_121' title='bbox 1123 1125 1190 1192; x_wconf 89' lang='lat' dir='ltr'>sine</span> <span class='ocrx_word' id='word_1_122' title='bbox 1203 1125 1288 1192; x_wconf 87' lang='lat' dir='ltr'>socio</span> <span class='ocrx_word' id='word_1_123' title='bbox 1301 1125 1374 1208; x_wconf 89' lang='lat' dir='ltr'>quis</span> <span class='ocrx_word' id='word_1_124' title='bbox 1389 1124 1484 1207; x_wconf 89' lang='lat' dir='ltr'>pedes</span> <span class='ocrx_word' id='word_1_125' title='bbox 1498 1124 1584 1190; x_wconf 82' lang='lat' dir='ltr'>exire</span> <span class='ocrx_word' id='word_1_126' title='bbox 1597 1140 1707 1207; x_wconf 86' lang='lat' dir='ltr'>prosn-</span> 
     </span>
     <span class='ocr_line' id='line_1_12' title="bbox 158 1224 1707 1312; baseline -0.003 -17"><span class='ocrx_word' id='word_1_127' title='bbox 158 1230 234 1295; x_wconf 84' lang='lat' dir='ltr'>mat.</span> <span class='ocrx_word' id='word_1_128' title='bbox 260 1224 296 1295; x_wconf 80' lang='lat' dir='ltr'>Si</span> <span class='ocrx_word' id='word_1_129' title='bbox 309 1244 384 1295; x_wconf 81' lang='lat' dir='ltr'>uero</span> <span class='ocrx_word' id='word_1_130' title='bbox 398 1226 539 1309; x_wconf 89' lang='lat' dir='ltr'>abbates,</span> <span class='ocrx_word' id='word_1_131' title='bbox 555 1229 686 1312; x_wconf 81' lang='lat' dir='ltr'>priores,</span> <span class='ocrx_word' id='word_1_132' title='bbox 709 1228 860 1312; x_wconf 81' lang='lat' dir='ltr'>prepositi</span> <span class='ocrx_word' id='word_1_133' title='bbox 874 1227 924 1293; x_wconf 85' lang='lat' dir='ltr'>uel</span> <span class='ocrx_word' id='word_1_134' title='bbox 938 1226 992 1292; x_wconf 91' lang='lat' dir='ltr'>alii</span> <span class='ocrx_word' id='word_1_135' title='bbox 1016 1227 1178 1309; x_wconf 79' lang='lat' dir='ltr'>regulares</span> <span class='ocrx_word' id='word_1_136' title='bbox 1198 1226 1312 1309; x_wconf 91' lang='lat' dir='ltr'>prelati</span> <span class='ocrx_word' id='word_1_137' title='bbox 1334 1245 1391 1293; x_wconf 89' lang='lat' dir='ltr'>sen</span> <span class='ocrx_word' id='word_1_138' title='bbox 1412 1244 1519 1294; x_wconf 91' lang='lat' dir='ltr'>eorum</span> <span class='ocrx_word' id='word_1_139' title='bbox 1541 1225 1650 1293; x_wconf 88' lang='lat' dir='ltr'>vicarii</span> <span class='ocrx_word' id='word_1_140' title='bbox 1673 1225 1707 1291; x_wconf 93' lang='lat' dir='ltr'>in</span> 
     </span>
     <span class='ocr_line' id='line_1_13' title="bbox 157 1326 1706 1414; baseline -0.003 -18"><span class='ocrx_word' id='word_1_141' title='bbox 157 1328 264 1413; x_wconf 76' lang='lat' dir='ltr'>abono</span> <span class='ocrx_word' id='word_1_142' title='bbox 277 1329 499 1414; x_wconf 87' lang='lat' dir='ltr'>premissorum</span> <span class='ocrx_word' id='word_1_143' title='bbox 514 1330 707 1413; x_wconf 82' lang='lat' dir='ltr'>negligentes</span> <span class='ocrx_word' id='word_1_144' title='bbox 721 1330 841 1396; x_wconf 84' lang='lat' dir='ltr'>inventi</span> <span class='ocrx_word' id='word_1_145' title='bbox 854 1328 973 1395; x_wconf 82' lang='lat' dir='ltr'>fuerim</span> <span class='ocrx_word' id='word_1_146' title='bbox 985 1328 1036 1395; x_wconf 84' lang='lat' dir='ltr'>uel</span> <span class='ocrx_word' id='word_1_147' title='bbox 1051 1329 1184 1410; x_wconf 90' lang='lat' dir='ltr'>remissi,</span> <span class='ocrx_word' id='word_1_148' title='bbox 1198 1329 1412 1412; x_wconf 85' lang='lat' dir='ltr'>suspensionis</span> <span class='ocrx_word' id='word_1_149' title='bbox 1433 1328 1483 1395; x_wconf 85' lang='lat' dir='ltr'>uel</span> <span class='ocrx_word' id='word_1_150' title='bbox 1497 1327 1624 1395; x_wconf 79' lang='lat' dir='ltr'>meionis</span> <span class='ocrx_word' id='word_1_151' title='bbox 1638 1326 1706 1392; x_wconf 79' lang='lat' dir='ltr'>vin</span> 
     </span>
     <span class='ocr_line' id='line_1_14' title="bbox 157 1430 1166 1514; baseline -0.001 -15"><span class='ocrx_word' id='word_1_152' title='bbox 157 1432 241 1499; x_wconf 81' lang='lat' dir='ltr'>dieta</span> <span class='ocrx_word' id='word_1_153' title='bbox 260 1431 419 1499; x_wconf 67' lang='lat' dir='ltr'>utenda</span> <span class='ocrx_word' id='word_1_154' title='bbox 438 1448 459 1497; x_wconf 88' lang='lat' dir='ltr'>a</span> <span class='ocrx_word' id='word_1_155' title='bbox 478 1431 653 1499; x_wconf 80' lang='lat' dir='ltr'>diooesauis</span> <span class='ocrx_word' id='word_1_156' title='bbox 675 1433 740 1499; x_wconf 91' lang='lat' dir='ltr'>suis</span> <span class='ocrx_word' id='word_1_157' title='bbox 761 1451 796 1499; x_wconf 88' lang='lat' dir='ltr'>se</span> <span class='ocrx_word' id='word_1_158' title='bbox 816 1432 963 1500; x_wconf 83' lang='lat' dir='ltr'>noverint</span> <span class='ocrx_word' id='word_1_159' title='bbox 983 1430 1166 1514; x_wconf 87' lang='lat' dir='ltr'>puniendos.</span> 
     </span>
     <span class='ocr_line' id='line_1_15' title="bbox 252 1530 1708 1613; baseline -0.001 -13"><span class='ocrx_word' id='word_1_160' title='bbox 252 1536 303 1600; x_wconf 69' lang='lat' dir='ltr'>vt</span> <span class='ocrx_word' id='word_1_161' title='bbox 322 1538 461 1600; x_wconf 74' lang='lat' dir='ltr'>macti</span> <span class='ocrx_word' id='word_1_162' title='bbox 479 1555 541 1599; x_wconf 84' lang='lat' dir='ltr'>noa</span> <span class='ocrx_word' id='word_1_163' title='bbox 562 1539 710 1601; x_wconf 71' lang='lat' dir='ltr'>cneban</span> <span class='ocrx_word' id='word_1_164' title='bbox 731 1541 827 1601; x_wconf 78' lang='lat' dir='ltr'>darec</span> <span class='ocrx_word' id='word_1_165' title='bbox 846 1540 974 1600; x_wconf 81' lang='lat' dir='ltr'>redonat</span> <span class='ocrx_word' id='word_1_166' title='bbox 992 1540 1026 1598; x_wconf 83' lang='lat' dir='ltr'>ia</span> <span class='ocrx_word' id='word_1_167' title='bbox 1042 1537 1226 1598; x_wconf 79' lang='lat' dir='ltr'>raonurteria</span> <span class='ocrx_word' id='word_1_168' title='bbox 1242 1537 1382 1613; x_wconf 81' lang='lat' dir='ltr'>proprio.</span> <span class='ocrx_word' id='word_1_169' title='bbox 1426 1530 1643 1613; x_wconf 78' lang='lat' dir='ltr'>Ptohibenuus,</span> <span class='ocrx_word' id='word_1_170' title='bbox 1667 1549 1708 1597; x_wconf 85' lang='lat' dir='ltr'>ue</span> 
     </span>
     <span class='ocr_line' id='line_1_16' title="bbox 157 1626 1708 1722; baseline -0.005 -17"><span class='ocrx_word' id='word_1_171' title='bbox 157 1634 302 1705; x_wconf 75' lang='lat' dir='ltr'>meus</span> <span class='ocrx_word' id='word_1_172' title='bbox 314 1635 365 1704; x_wconf 85' lang='lat' dir='ltr'>vel</span> <span class='ocrx_word' id='word_1_173' title='bbox 378 1637 519 1704; x_wconf 76' lang='lat' dir='ltr'>mnonici</span> <span class='ocrx_word' id='word_1_174' title='bbox 541 1638 702 1722; x_wconf 76' lang='lat' dir='ltr'>regulares</span> <span class='ocrx_word' id='word_1_175' title='bbox 722 1638 870 1705; x_wconf 86' lang='lat' dir='ltr'>ecelesias</span> <span class='ocrx_word' id='word_1_176' title='bbox 891 1637 932 1704; x_wconf 90' lang='lat' dir='ltr'>ad</span> <span class='ocrx_word' id='word_1_177' title='bbox 960 1636 1085 1703; x_wconf 77' lang='lat' dir='ltr'>limum</span> <span class='ocrx_word' id='word_1_178' title='bbox 1105 1635 1260 1720; x_wconf 91' lang='lat' dir='ltr'>recipiant</span> <span class='ocrx_word' id='word_1_179' title='bbox 1280 1635 1331 1701; x_wconf 85' lang='lat' dir='ltr'>vel</span> <span class='ocrx_word' id='word_1_180' title='bbox 1353 1633 1539 1715; x_wconf 85' lang='lat' dir='ltr'>conducant,</span> <span class='ocrx_word' id='word_1_181' title='bbox 1560 1641 1618 1700; x_wconf 87' lang='lat' dir='ltr'>aut</span> <span class='ocrx_word' id='word_1_182' title='bbox 1639 1626 1708 1699; x_wconf 87' lang='lat' dir='ltr'>sin&#39;e</span> 
     </span>
     <span class='ocr_line' id='line_1_17' title="bbox 158 1735 1708 1824; baseline -0.004 -17"><span class='ocrx_word' id='word_1_183' title='bbox 158 1736 285 1807; x_wconf 74' lang='lat' dir='ltr'>llontis</span> <span class='ocrx_word' id='word_1_184' title='bbox 301 1737 539 1806; x_wconf 72' lang='lat' dir='ltr'>dinomanorum</span> <span class='ocrx_word' id='word_1_185' title='bbox 560 1740 777 1824; x_wconf 80' lang='lat' dir='ltr'>episcoporum</span> <span class='ocrx_word' id='word_1_186' title='bbox 798 1740 848 1806; x_wconf 85' lang='lat' dir='ltr'>uel</span> <span class='ocrx_word' id='word_1_187' title='bbox 877 1739 1011 1807; x_wconf 89' lang='lat' dir='ltr'>aliorum</span> <span class='ocrx_word' id='word_1_188' title='bbox 1037 1737 1277 1818; x_wconf 77' lang='lat' dir='ltr'>ordinariorum,</span> <span class='ocrx_word' id='word_1_189' title='bbox 1304 1735 1531 1820; x_wconf 76' lang='lat' dir='ltr'>parochialium</span> <span class='ocrx_word' id='word_1_190' title='bbox 1561 1735 1708 1802; x_wconf 87' lang='lat' dir='ltr'>ecclesia·</span> 
     </span>
     <span class='ocr_line' id='line_1_18' title="bbox 158 1832 1707 1925; baseline -0.003 -16"><span class='ocrx_word' id='word_1_191' title='bbox 158 1832 229 1909; x_wconf 76' lang='lat' dir='ltr'>rum</span> <span class='ocrx_word' id='word_1_192' title='bbox 245 1838 400 1925; x_wconf 74' lang='lat' dir='ltr'>capellani</span> <span class='ocrx_word' id='word_1_193' title='bbox 414 1840 567 1923; x_wconf 75' lang='lat' dir='ltr'>existant,</span> <span class='ocrx_word' id='word_1_194' title='bbox 582 1842 638 1910; x_wconf 88' lang='lat' dir='ltr'>aad</span> <span class='ocrx_word' id='word_1_195' title='bbox 652 1843 693 1909; x_wconf 92' lang='lat' dir='ltr'>ad</span> <span class='ocrx_word' id='word_1_196' title='bbox 707 1861 765 1909; x_wconf 89' lang='lat' dir='ltr'>sua</span> <span class='ocrx_word' id='word_1_197' title='bbox 779 1843 971 1910; x_wconf 86' lang='lat' dir='ltr'>monasteria</span> <span class='ocrx_word' id='word_1_198' title='bbox 984 1842 1127 1922; x_wconf 85' lang='lat' dir='ltr'>redeant,</span> <span class='ocrx_word' id='word_1_199' title='bbox 1143 1840 1243 1908; x_wconf 89' lang='lat' dir='ltr'>donec</span> <span class='ocrx_word' id='word_1_200' title='bbox 1256 1839 1408 1907; x_wconf 80' lang='lat' dir='ltr'>redierint</span> <span class='ocrx_word' id='word_1_201' title='bbox 1429 1857 1492 1906; x_wconf 90' lang='lat' dir='ltr'>uon</span> <span class='ocrx_word' id='word_1_202' title='bbox 1508 1837 1707 1907; x_wconf 82' lang='lat' dir='ltr'>celebraturi.</span> 
     </span>
     <span class='ocr_line' id='line_1_19' title="bbox 266 1940 1709 2028; baseline -0.001 -20"><span class='ocrx_word' id='word_1_203' title='bbox 266 1944 304 2008; x_wconf 83' lang='lat' dir='ltr'>Ut</span> <span class='ocrx_word' id='word_1_204' title='bbox 323 1947 512 2009; x_wconf 70' lang='lat' dir='ltr'>noemmin</span> <span class='ocrx_word' id='word_1_205' title='bbox 531 1950 685 2026; x_wconf 71' lang='lat' dir='ltr'>pascae</span> <span class='ocrx_word' id='word_1_206' title='bbox 705 1967 766 2011; x_wconf 83' lang='lat' dir='ltr'>aon</span> <span class='ocrx_word' id='word_1_207' title='bbox 792 1951 953 2011; x_wconf 74' lang='lat' dir='ltr'>resideant.</span> <span class='ocrx_word' id='word_1_208' title='bbox 997 1944 1114 2012; x_wconf 86' lang='lat' dir='ltr'>Nullos</span> <span class='ocrx_word' id='word_1_209' title='bbox 1143 1943 1296 2028; x_wconf 87' lang='lat' dir='ltr'>regularis</span> <span class='ocrx_word' id='word_1_210' title='bbox 1319 1944 1543 2026; x_wconf 80' lang='lat' dir='ltr'>amoenumque</span> <span class='ocrx_word' id='word_1_211' title='bbox 1571 1940 1709 2022; x_wconf 87' lang='lat' dir='ltr'>Ordinis,</span> 
     </span>
     <span class='ocr_line' id='line_1_20' title="bbox 157 2042 1710 2137; baseline -0.003 -22"><span class='ocrx_word' id='word_1_212' title='bbox 157 2042 304 2115; x_wconf 75' lang='lat' dir='ltr'>muliane</span> <span class='ocrx_word' id='word_1_213' title='bbox 324 2042 481 2112; x_wconf 82' lang='lat' dir='ltr'>deservire</span> <span class='ocrx_word' id='word_1_214' title='bbox 501 2046 617 2114; x_wconf 89' lang='lat' dir='ltr'>audeat</span> <span class='ocrx_word' id='word_1_215' title='bbox 634 2048 668 2113; x_wconf 92' lang='lat' dir='ltr'>in</span> <span class='ocrx_word' id='word_1_216' title='bbox 690 2047 920 2133; x_wconf 81' lang='lat' dir='ltr'>parochialibus</span> <span class='ocrx_word' id='word_1_217' title='bbox 941 2048 1082 2116; x_wconf 81' lang='lat' dir='ltr'>eeclesiis</span> <span class='ocrx_word' id='word_1_218' title='bbox 1107 2046 1295 2115; x_wconf 86' lang='lat' dir='ltr'>secularium</span> <span class='ocrx_word' id='word_1_219' title='bbox 1323 2045 1410 2113; x_wconf 88' lang='lat' dir='ltr'>ultra</span> <span class='ocrx_word' id='word_1_220' title='bbox 1440 2052 1512 2137; x_wconf 84' lang='lat' dir='ltr'>octo</span> <span class='ocrx_word' id='word_1_221' title='bbox 1533 2044 1611 2137; x_wconf 81' lang='lat' dir='ltr'>dies,</span> <span class='ocrx_word' id='word_1_222' title='bbox 1641 2044 1710 2110; x_wconf 91' lang='lat' dir='ltr'>sine</span> 
     </span>
     <span class='ocr_line' id='line_1_21' title="bbox 157 2134 1711 2234; baseline 0 -19"><span class='ocrx_word' id='word_1_223' title='bbox 157 2144 243 2215; x_wconf 76' lang='lat' dir='ltr'>unm</span> <span class='ocrx_word' id='word_1_224' title='bbox 253 2145 443 2231; x_wconf 85' lang='lat' dir='ltr'>paroehialis</span> <span class='ocrx_word' id='word_1_225' title='bbox 456 2148 585 2216; x_wconf 80' lang='lat' dir='ltr'>ecelesia</span> <span class='ocrx_word' id='word_1_226' title='bbox 598 2150 750 2217; x_wconf 88' lang='lat' dir='ltr'>ordinarii</span> <span class='ocrx_word' id='word_1_227' title='bbox 765 2150 892 2218; x_wconf 85' lang='lat' dir='ltr'>lieentia</span> <span class='ocrx_word' id='word_1_228' title='bbox 905 2149 1047 2234; x_wconf 89' lang='lat' dir='ltr'>speciali;</span> <span class='ocrx_word' id='word_1_229' title='bbox 1063 2151 1119 2234; x_wconf 89' lang='lat' dir='ltr'>qui</span> <span class='ocrx_word' id='word_1_230' title='bbox 1133 2167 1207 2216; x_wconf 84' lang='lat' dir='ltr'>vero</span> <span class='ocrx_word' id='word_1_231' title='bbox 1219 2148 1300 2215; x_wconf 92' lang='lat' dir='ltr'>tales</span> <span class='ocrx_word' id='word_1_232' title='bbox 1310 2149 1447 2225; x_wconf 85' lang='lat' dir='ltr'>scienter</span> <span class='ocrx_word' id='word_1_233' title='bbox 1457 2134 1544 2214; x_wconf 82' lang='lat' dir='ltr'>ultra</span> <span class='ocrx_word' id='word_1_234' title='bbox 1552 2154 1625 2215; x_wconf 89' lang='lat' dir='ltr'>eota</span> <span class='ocrx_word' id='word_1_235' title='bbox 1641 2146 1711 2215; x_wconf 83' lang='lat' dir='ltr'>dies</span> 
     </span>
     <span class='ocr_line' id='line_1_22' title="bbox 156 2248 1710 2335; baseline 0 -16"><span class='ocrx_word' id='word_1_236' title='bbox 156 2248 226 2319; x_wconf 80' lang='lat' dir='ltr'>loeo</span> <span class='ocrx_word' id='word_1_237' title='bbox 243 2248 475 2335; x_wconf 59' lang='lat' dir='ltr'>muraenam</span> <span class='ocrx_word' id='word_1_238' title='bbox 497 2249 539 2317; x_wconf 88' lang='lat' dir='ltr'>ad</span> <span class='ocrx_word' id='word_1_239' title='bbox 561 2251 779 2319; x_wconf 88' lang='lat' dir='ltr'>celebrandum</span> <span class='ocrx_word' id='word_1_240' title='bbox 801 2252 850 2319; x_wconf 83' lang='lat' dir='ltr'>vel</span> <span class='ocrx_word' id='word_1_241' title='bbox 872 2254 914 2320; x_wconf 90' lang='lat' dir='ltr'>ad</span> <span class='ocrx_word' id='word_1_242' title='bbox 930 2252 1142 2321; x_wconf 84' lang='lat' dir='ltr'>aeclesiastica</span> <span class='ocrx_word' id='word_1_243' title='bbox 1163 2250 1369 2320; x_wconf 82' lang='lat' dir='ltr'>Sacramenta</span> <span class='ocrx_word' id='word_1_244' title='bbox 1392 2250 1635 2319; x_wconf 79' lang='lat' dir='ltr'>mmisuandnm</span> <span class='ocrx_word' id='word_1_245' title='bbox 1662 2258 1710 2319; x_wconf 86' lang='lat' dir='ltr'>te·</span> 
     </span>
     <span class='ocr_line' id='line_1_23' title="bbox 157 2350 1711 2440; baseline 0.001 -19"><span class='ocrx_word' id='word_1_246' title='bbox 157 2350 286 2421; x_wconf 74' lang='lat' dir='ltr'>mlut</span> <span class='ocrx_word' id='word_1_247' title='bbox 304 2350 356 2419; x_wconf 80' lang='lat' dir='ltr'>rel</span> <span class='ocrx_word' id='word_1_248' title='bbox 376 2352 594 2435; x_wconf 85' lang='lat' dir='ltr'>sustinuerint,</span> <span class='ocrx_word' id='word_1_249' title='bbox 616 2355 682 2425; x_wconf 81' lang='lat' dir='ltr'>sint</span> <span class='ocrx_word' id='word_1_250' title='bbox 704 2356 773 2440; x_wconf 88' lang='lat' dir='ltr'>ipso</span> <span class='ocrx_word' id='word_1_251' title='bbox 787 2353 872 2422; x_wconf 84' lang='lat' dir='ltr'>iacto</span> <span class='ocrx_word' id='word_1_252' title='bbox 886 2353 927 2422; x_wconf 90' lang='lat' dir='ltr'>ab</span> <span class='ocrx_word' id='word_1_253' title='bbox 941 2355 1086 2421; x_wconf 83' lang='lat' dir='ltr'>ordinum</span> <span class='ocrx_word' id='word_1_254' title='bbox 1101 2355 1284 2421; x_wconf 87' lang='lat' dir='ltr'>executione</span> <span class='ocrx_word' id='word_1_255' title='bbox 1298 2355 1456 2439; x_wconf 88' lang='lat' dir='ltr'>snspeusi;</span> <span class='ocrx_word' id='word_1_256' title='bbox 1472 2372 1534 2437; x_wconf 87' lang='lat' dir='ltr'>que</span> <span class='ocrx_word' id='word_1_257' title='bbox 1546 2354 1711 2438; x_wconf 74' lang='lat' dir='ltr'>suspensio</span> 
     </span>
     <span class='ocr_line' id='line_1_24' title="bbox 158 2452 1712 2542; baseline 0.002 -21"><span class='ocrx_word' id='word_1_258' title='bbox 158 2472 216 2541; x_wconf 86' lang='lat' dir='ltr'>per</span> <span class='ocrx_word' id='word_1_259' title='bbox 228 2452 421 2535; x_wconf 74' lang='lat' dir='ltr'>diocesanos,</span> <span class='ocrx_word' id='word_1_260' title='bbox 435 2454 586 2538; x_wconf 88' lang='lat' dir='ltr'>imposita</span> <span class='ocrx_word' id='word_1_261' title='bbox 599 2456 646 2523; x_wconf 87' lang='lat' dir='ltr'>eis</span> <span class='ocrx_word' id='word_1_262' title='bbox 657 2456 715 2523; x_wconf 89' lang='lat' dir='ltr'>snb</span> <span class='ocrx_word' id='word_1_263' title='bbox 726 2455 905 2523; x_wconf 89' lang='lat' dir='ltr'>huiusmodi</span> <span class='ocrx_word' id='word_1_264' title='bbox 922 2475 1052 2524; x_wconf 85' lang='lat' dir='ltr'>excessu</span> <span class='ocrx_word' id='word_1_265' title='bbox 1065 2474 1122 2524; x_wconf 88' lang='lat' dir='ltr'>seu</span> <span class='ocrx_word' id='word_1_266' title='bbox 1137 2458 1385 2540; x_wconf 87' lang='lat' dir='ltr'>transgressione</span> <span class='ocrx_word' id='word_1_267' title='bbox 1398 2457 1574 2541; x_wconf 85' lang='lat' dir='ltr'>penitentia</span> <span class='ocrx_word' id='word_1_268' title='bbox 1587 2476 1712 2542; x_wconf 84' lang='lat' dir='ltr'>eompa-</span> 
     </span>
     <span class='ocr_line' id='line_1_25' title="bbox 158 2554 1600 2641; baseline 0.003 -18"><span class='ocrx_word' id='word_1_269' title='bbox 158 2554 251 2639; x_wconf 79' lang='lat' dir='ltr'>tenti,</span> <span class='ocrx_word' id='word_1_270' title='bbox 272 2574 311 2623; x_wconf 84' lang='lat' dir='ltr'>ac</span> <span class='ocrx_word' id='word_1_271' title='bbox 331 2555 473 2624; x_wconf 89' lang='lat' dir='ltr'>iniuncta</span> <span class='ocrx_word' id='word_1_272' title='bbox 495 2557 565 2639; x_wconf 89' lang='lat' dir='ltr'>sibi,</span> <span class='ocrx_word' id='word_1_273' title='bbox 587 2556 671 2641; x_wconf 90' lang='lat' dir='ltr'>quod</span> <span class='ocrx_word' id='word_1_274' title='bbox 692 2558 725 2624; x_wconf 94' lang='lat' dir='ltr'>in</span> <span class='ocrx_word' id='word_1_275' title='bbox 747 2557 864 2625; x_wconf 86' lang='lat' dir='ltr'>talibus</span> <span class='ocrx_word' id='word_1_276' title='bbox 880 2558 1015 2626; x_wconf 89' lang='lat' dir='ltr'>ulterius</span> <span class='ocrx_word' id='word_1_277' title='bbox 1045 2578 1108 2627; x_wconf 91' lang='lat' dir='ltr'>nou</span> <span class='ocrx_word' id='word_1_278' title='bbox 1138 2558 1300 2641; x_wconf 86' lang='lat' dir='ltr'>excedant,</span> <span class='ocrx_word' id='word_1_279' title='bbox 1327 2560 1433 2627; x_wconf 82' lang='lat' dir='ltr'>ualeat</span> <span class='ocrx_word' id='word_1_280' title='bbox 1453 2560 1600 2628; x_wconf 79' lang='lat' dir='ltr'>relaxari</span> 
     </span>
    </p>
   </div>
   <div class='ocr_carea' id='block_1_2' title="bbox 261 2661 1804 2749">
    <p class='ocr_par' dir='ltr' id='par_1_2' title="bbox 261 2661 1804 2749">
     <span class='ocr_line' id='line_1_26' title="bbox 261 2661 1804 2749; baseline 0.003 -24"><span class='ocrx_word' id='word_1_281' title='bbox 261 2662 308 2725; x_wconf 75' lang='lat' dir='ltr'>ue</span> <span class='ocrx_word' id='word_1_282' title='bbox 331 2663 431 2724; x_wconf 79' lang='lat' dir='ltr'>stadio</span> <span class='ocrx_word' id='word_1_283' title='bbox 451 2665 669 2727; x_wconf 79' lang='lat' dir='ltr'>monochonua.</span> <span class='ocrx_word' id='word_1_284' title='bbox 714 2661 1032 2730; x_wconf 85' lang='lat' dir='ltr'>Exoommuuioentnr</span> <span class='ocrx_word' id='word_1_285' title='bbox 1057 2662 1229 2730; x_wconf 87' lang='lat' dir='ltr'>monitione</span> <span class='ocrx_word' id='word_1_286' title='bbox 1258 2663 1412 2745; x_wconf 88' lang='lat' dir='ltr'>premissa</span> <span class='ocrx_word' id='word_1_287' title='bbox 1431 2681 1540 2729; x_wconf 90' lang='lat' dir='ltr'>omues</span> <span class='ocrx_word' id='word_1_288' title='bbox 1560 2662 1707 2730; x_wconf 89' lang='lat' dir='ltr'>monachi</span> <span class='ocrx_word' id='word_1_289' title='bbox 1801 2744 1804 2749; x_wconf 20' lang='grc'>1</span> 
     </span>
    </p>
   </div>
   <div class='ocr_carea' id='block_1_3' title="bbox 135 2756 1720 4991">
    <p class='ocr_par' dir='ltr' id='par_1_3' title="bbox 135 2756 1713 3158">
     <span class='ocr_line' id='line_1_27' title="bbox 158 2756 1711 2848; baseline 0.001 -17"><span class='ocrx_word' id='word_1_290' title='bbox 158 2766 193 2831; x_wconf 82' lang='lat' dir='ltr'>et</span> <span class='ocrx_word' id='word_1_291' title='bbox 212 2756 361 2846; x_wconf 84' lang='lat' dir='ltr'>religiosi,</span> <span class='ocrx_word' id='word_1_292' title='bbox 391 2761 448 2844; x_wconf 85' lang='lat' dir='ltr'>qni</span> <span class='ocrx_word' id='word_1_293' title='bbox 468 2763 588 2830; x_wconf 87' lang='lat' dir='ltr'>relictis</span> <span class='ocrx_word' id='word_1_294' title='bbox 609 2763 755 2830; x_wconf 89' lang='lat' dir='ltr'>claustris</span> <span class='ocrx_word' id='word_1_295' title='bbox 778 2765 852 2847; x_wconf 90' lang='lat' dir='ltr'>suis,</span> <span class='ocrx_word' id='word_1_296' title='bbox 875 2764 992 2848; x_wconf 87' lang='lat' dir='ltr'>absque</span> <span class='ocrx_word' id='word_1_297' title='bbox 1013 2765 1208 2848; x_wconf 89' lang='lat' dir='ltr'>prelatorum</span> <span class='ocrx_word' id='word_1_298' title='bbox 1233 2782 1362 2830; x_wconf 89' lang='lat' dir='ltr'>suorum</span> <span class='ocrx_word' id='word_1_299' title='bbox 1383 2763 1511 2830; x_wconf 88' lang='lat' dir='ltr'>licentia</span> <span class='ocrx_word' id='word_1_300' title='bbox 1530 2763 1572 2831; x_wconf 85' lang='lat' dir='ltr'>ad</span> <span class='ocrx_word' id='word_1_301' title='bbox 1587 2764 1711 2832; x_wconf 87' lang='lat' dir='ltr'>scholas</span> 
     </span>
     <span class='ocr_line' id='line_1_28' title="bbox 158 2860 1712 2951; baseline 0.003 -21"><span class='ocrx_word' id='word_1_302' title='bbox 158 2862 217 2948; x_wconf 85' lang='lat' dir='ltr'>ire,</span> <span class='ocrx_word' id='word_1_303' title='bbox 236 2863 287 2931; x_wconf 81' lang='lat' dir='ltr'>rel</span> <span class='ocrx_word' id='word_1_304' title='bbox 301 2860 389 2931; x_wconf 87' lang='lat' dir='ltr'>aliud</span> <span class='ocrx_word' id='word_1_305' title='bbox 403 2882 498 2948; x_wconf 88' lang='lat' dir='ltr'>quam</span> <span class='ocrx_word' id='word_1_306' title='bbox 511 2865 758 2948; x_wconf 66' lang='lat' dir='ltr'>muriaticam,</span> <span class='ocrx_word' id='word_1_307' title='bbox 782 2866 971 2949; x_wconf 89' lang='lat' dir='ltr'>theologiam</span> <span class='ocrx_word' id='word_1_308' title='bbox 985 2871 1043 2932; x_wconf 91' lang='lat' dir='ltr'>aut</span> <span class='ocrx_word' id='word_1_309' title='bbox 1055 2866 1192 2949; x_wconf 83' lang='lat' dir='ltr'>logicam</span> <span class='ocrx_word' id='word_1_310' title='bbox 1210 2866 1243 2932; x_wconf 91' lang='lat' dir='ltr'>in</span> <span class='ocrx_word' id='word_1_311' title='bbox 1257 2865 1373 2933; x_wconf 90' lang='lat' dir='ltr'>scholis</span> <span class='ocrx_word' id='word_1_312' title='bbox 1392 2865 1501 2933; x_wconf 90' lang='lat' dir='ltr'>audire</span> <span class='ocrx_word' id='word_1_313' title='bbox 1515 2874 1712 2951; x_wconf 85' lang='lat' dir='ltr'>presumunt.</span> 
     </span>
     <span class='ocr_line' id='line_1_29' title="bbox 155 2966 1713 3059; baseline 0.005 -30"><span class='ocrx_word' id='word_1_314' title='bbox 155 3051 171 3059; x_wconf 93' lang='lat'>..</span> <span class='ocrx_word' id='word_1_315' title='bbox 271 2968 394 3033; x_wconf 71' lang='lat' dir='ltr'>venam</span> <span class='ocrx_word' id='word_1_316' title='bbox 415 2972 562 3047; x_wconf 71' lang='lat' dir='ltr'>religiosis</span> <span class='ocrx_word' id='word_1_317' title='bbox 582 2973 656 3030; x_wconf 75' lang='lat' dir='ltr'>ciris</span> <span class='ocrx_word' id='word_1_318' title='bbox 677 2974 778 3034; x_wconf 77' lang='lat' dir='ltr'>veelle.</span> <span class='ocrx_word' id='word_1_319' title='bbox 822 2966 857 3034; x_wconf 91' lang='lat' dir='ltr'>Si</span> <span class='ocrx_word' id='word_1_320' title='bbox 878 2969 949 3051; x_wconf 88' lang='lat' dir='ltr'>quis</span> <span class='ocrx_word' id='word_1_321' title='bbox 971 2968 1136 3052; x_wconf 88' lang='lat' dir='ltr'>religiosus</span> <span class='ocrx_word' id='word_1_322' title='bbox 1153 2970 1300 3035; x_wconf 86' lang='lat' dir='ltr'>inuentus</span> <span class='ocrx_word' id='word_1_323' title='bbox 1321 2967 1419 3036; x_wconf 84' lang='lat' dir='ltr'>fuerit</span> <span class='ocrx_word' id='word_1_324' title='bbox 1437 2986 1509 3035; x_wconf 90' lang='lat' dir='ltr'>cum</span> <span class='ocrx_word' id='word_1_325' title='bbox 1529 2969 1659 3037; x_wconf 88' lang='lat' dir='ltr'>eonibus</span> <span class='ocrx_word' id='word_1_326' title='bbox 1679 2976 1713 3037; x_wconf 89' lang='lat' dir='ltr'>et</span> 
     </span>
     <span class='ocr_line' id='line_1_30' title="bbox 135 3058 1273 3158; baseline -0.001 -21"><span class='ocrx_word' id='word_1_327' title='bbox 135 3058 271 3158; x_wconf 36' lang='lat' dir='ltr'>„aribus</span> <span class='ocrx_word' id='word_1_328' title='bbox 293 3069 475 3151; x_wconf 79' lang='lat' dir='ltr'>venatoriis,</span> <span class='ocrx_word' id='word_1_329' title='bbox 498 3069 683 3153; x_wconf 88' lang='lat' dir='ltr'>cuicumque</span> <span class='ocrx_word' id='word_1_330' title='bbox 704 3070 875 3153; x_wconf 86' lang='lat' dir='ltr'>aucupanti</span> <span class='ocrx_word' id='word_1_331' title='bbox 897 3071 1111 3137; x_wconf 89' lang='lat' dir='ltr'>eonceduntur</span> <span class='ocrx_word' id='word_1_332' title='bbox 1130 3071 1273 3138; x_wconf 83' lang='lat' dir='ltr'>anobis.</span> 
     </span>
    </p>

    <p class='ocr_par' dir='ltr' id='par_1_4' title="bbox 160 3160 1720 4900">
     <span class='ocr_line' id='line_1_31' title="bbox 271 3160 1714 3256; baseline 0.001 -17"><span class='ocrx_word' id='word_1_333' title='bbox 271 3160 455 3239; x_wconf 63' lang='lat' dir='ltr'>maan</span> <span class='ocrx_word' id='word_1_334' title='bbox 488 3177 679 3238; x_wconf 70' lang='lat' dir='ltr'>matemala</span> <span class='ocrx_word' id='word_1_335' title='bbox 706 3194 921 3253; x_wconf 78' lang='lat' dir='ltr'>permesomm</span> <span class='ocrx_word' id='word_1_336' title='bbox 951 3179 1141 3254; x_wconf 64' lang='lat' dir='ltr'>superadum.</span> <span class='ocrx_word' id='word_1_337' title='bbox 1157 3173 1276 3256; x_wconf 50' lang='lat' dir='ltr'>”Quia</span> <span class='ocrx_word' id='word_1_338' title='bbox 1308 3173 1393 3241; x_wconf 88' lang='lat' dir='ltr'>sieut</span> <span class='ocrx_word' id='word_1_339' title='bbox 1418 3172 1595 3241; x_wconf 83' lang='lat' dir='ltr'>audivimus</span> <span class='ocrx_word' id='word_1_340' title='bbox 1621 3177 1656 3241; x_wconf 88' lang='lat' dir='ltr'>et</span> <span class='ocrx_word' id='word_1_341' title='bbox 1680 3175 1714 3242; x_wconf 93' lang='lat' dir='ltr'>in</span> 
     </span>
     <span class='ocr_line' id='line_1_32' title="bbox 160 3274 1714 3361; baseline 0.002 -19"><span class='ocrx_word' id='word_1_342' title='bbox 160 3279 252 3361; x_wconf 77' lang='lat' dir='ltr'>parte</span> <span class='ocrx_word' id='word_1_343' title='bbox 270 3274 416 3359; x_wconf 84' lang='lat' dir='ltr'>uidimus,</span> <span class='ocrx_word' id='word_1_344' title='bbox 438 3275 472 3342; x_wconf 89' lang='lat' dir='ltr'>in</span> <span class='ocrx_word' id='word_1_345' title='bbox 492 3293 589 3359; x_wconf 90' lang='lat' dir='ltr'>regno</span> <span class='ocrx_word' id='word_1_346' title='bbox 610 3275 751 3359; x_wconf 88' lang='lat' dir='ltr'>Ungaria</span> <span class='ocrx_word' id='word_1_347' title='bbox 772 3280 806 3342; x_wconf 89' lang='lat' dir='ltr'>et</span> <span class='ocrx_word' id='word_1_348' title='bbox 825 3275 898 3343; x_wconf 88' lang='lat' dir='ltr'>aliis</span> <span class='ocrx_word' id='word_1_349' title='bbox 920 3277 1014 3343; x_wconf 85' lang='lat' dir='ltr'>terris</span> <span class='ocrx_word' id='word_1_350' title='bbox 1036 3283 1145 3344; x_wconf 90' lang='lat' dir='ltr'>nostre</span> <span class='ocrx_word' id='word_1_351' title='bbox 1165 3277 1333 3361; x_wconf 86' lang='lat' dir='ltr'>legationis</span> <span class='ocrx_word' id='word_1_352' title='bbox 1351 3276 1563 3344; x_wconf 81' lang='lat' dir='ltr'>aeclesiastica</span> <span class='ocrx_word' id='word_1_353' title='bbox 1580 3295 1714 3360; x_wconf 86' lang='lat' dir='ltr'>persone</span> 
     </span>
     <span class='ocr_line' id='line_1_33' title="bbox 161 3378 1715 3464; baseline 0 -17"><span class='ocrx_word' id='word_1_354' title='bbox 161 3382 228 3447; x_wconf 74' lang='lat' dir='ltr'>tenu</span> <span class='ocrx_word' id='word_1_355' title='bbox 249 3378 407 3446; x_wconf 88' lang='lat' dir='ltr'>seculares</span> <span class='ocrx_word' id='word_1_356' title='bbox 428 3396 523 3462; x_wconf 88' lang='lat' dir='ltr'>quam</span> <span class='ocrx_word' id='word_1_357' title='bbox 542 3379 710 3462; x_wconf 80' lang='lat' dir='ltr'>regulares,</span> <span class='ocrx_word' id='word_1_358' title='bbox 732 3384 766 3446; x_wconf 87' lang='lat' dir='ltr'>et</span> <span class='ocrx_word' id='word_1_359' title='bbox 787 3379 981 3464; x_wconf 90' lang='lat' dir='ltr'>plerumque,</span> <span class='ocrx_word' id='word_1_360' title='bbox 1004 3378 1088 3463; x_wconf 90' lang='lat' dir='ltr'>qnod</span> <span class='ocrx_word' id='word_1_361' title='bbox 1110 3380 1237 3463; x_wconf 72' lang='lat' dir='ltr'>gramm</span> <span class='ocrx_word' id='word_1_362' title='bbox 1263 3385 1321 3461; x_wconf 86' lang='lat' dir='ltr'>est,</span> <span class='ocrx_word' id='word_1_363' title='bbox 1351 3379 1476 3463; x_wconf 89' lang='lat' dir='ltr'>prelati,</span> <span class='ocrx_word' id='word_1_364' title='bbox 1502 3381 1715 3447; x_wconf 79' lang='lat' dir='ltr'>exeommuni-</span> 
     </span>
     <span class='ocr_line' id='line_1_34' title="bbox 162 3480 1713 3566; baseline 0 -17"><span class='ocrx_word' id='word_1_365' title='bbox 162 3480 591 3565; x_wconf 63' lang='lat' dir='ltr'>mammaemammal</span> <span class='ocrx_word' id='word_1_366' title='bbox 613 3487 647 3548; x_wconf 90' lang='lat' dir='ltr'>et</span> <span class='ocrx_word' id='word_1_367' title='bbox 667 3481 908 3549; x_wconf 81' lang='lat' dir='ltr'>intenlietorunr</span> <span class='ocrx_word' id='word_1_368' title='bbox 929 3482 1113 3563; x_wconf 84' lang='lat' dir='ltr'>sententias,</span> <span class='ocrx_word' id='word_1_369' title='bbox 1135 3481 1169 3546; x_wconf 90' lang='lat' dir='ltr'>in</span> <span class='ocrx_word' id='word_1_370' title='bbox 1190 3482 1364 3565; x_wconf 87' lang='lat' dir='ltr'>singulares</span> <span class='ocrx_word' id='word_1_371' title='bbox 1385 3500 1545 3566; x_wconf 90' lang='lat' dir='ltr'>personas,</span> <span class='ocrx_word' id='word_1_372' title='bbox 1571 3482 1713 3566; x_wconf 81' lang='lat' dir='ltr'>collegia,</span> 
     </span>
     <span class='ocr_line' id='line_1_35' title="bbox 162 3582 1715 3670; baseline 0.003 -21"><span class='ocrx_word' id='word_1_373' title='bbox 162 3582 394 3665; x_wconf 74' lang='lat' dir='ltr'>mivmsimtes,</span> <span class='ocrx_word' id='word_1_374' title='bbox 416 3600 454 3650; x_wconf 91' lang='lat' dir='ltr'>ac</span> <span class='ocrx_word' id='word_1_375' title='bbox 476 3588 588 3665; x_wconf 83' lang='lat' dir='ltr'>terras,</span> <span class='ocrx_word' id='word_1_376' title='bbox 607 3583 699 3650; x_wconf 87' lang='lat' dir='ltr'>villas</span> <span class='ocrx_word' id='word_1_377' title='bbox 722 3583 860 3651; x_wconf 78' lang='lat' dir='ltr'>selloca</span> <span class='ocrx_word' id='word_1_378' title='bbox 880 3604 900 3652; x_wconf 94' lang='lat' dir='ltr'>a</span> <span class='ocrx_word' id='word_1_379' title='bbox 921 3584 986 3651; x_wconf 91' lang='lat' dir='ltr'>suis</span> <span class='ocrx_word' id='word_1_380' title='bbox 1009 3583 1164 3651; x_wconf 84' lang='lat' dir='ltr'>iudicibus</span> <span class='ocrx_word' id='word_1_381' title='bbox 1186 3584 1235 3650; x_wconf 90' lang='lat' dir='ltr'>vel</span> <span class='ocrx_word' id='word_1_382' title='bbox 1255 3602 1276 3650; x_wconf 91' lang='lat' dir='ltr'>a</span> <span class='ocrx_word' id='word_1_383' title='bbox 1297 3584 1367 3651; x_wconf 90' lang='lat' dir='ltr'>iure</span> <span class='ocrx_word' id='word_1_384' title='bbox 1380 3585 1446 3651; x_wconf 83' lang='lat' dir='ltr'>siva</span> <span class='ocrx_word' id='word_1_385' title='bbox 1467 3603 1488 3651; x_wconf 90' lang='lat' dir='ltr'>a</span> <span class='ocrx_word' id='word_1_386' title='bbox 1509 3603 1628 3653; x_wconf 76' lang='lat' dir='ltr'>maone</span> <span class='ocrx_word' id='word_1_387' title='bbox 1642 3605 1715 3670; x_wconf 92' lang='lat' dir='ltr'>pro·</span> 
     </span>
     <span class='ocr_line' id='line_1_36' title="bbox 163 3684 1716 3771; baseline 0.002 -19"><span class='ocrx_word' id='word_1_388' title='bbox 163 3684 332 3770; x_wconf 77' lang='lat' dir='ltr'>uulgatus,</span> <span class='ocrx_word' id='word_1_389' title='bbox 352 3704 453 3770; x_wconf 87' lang='lat' dir='ltr'>usque</span> <span class='ocrx_word' id='word_1_390' title='bbox 475 3686 516 3754; x_wconf 91' lang='lat' dir='ltr'>ad</span> <span class='ocrx_word' id='word_1_391' title='bbox 535 3686 594 3753; x_wconf 89' lang='lat' dir='ltr'>hec</span> <span class='ocrx_word' id='word_1_392' title='bbox 616 3693 759 3770; x_wconf 87' lang='lat' dir='ltr'>tempora</span> <span class='ocrx_word' id='word_1_393' title='bbox 780 3686 813 3751; x_wconf 90' lang='lat' dir='ltr'>in</span> <span class='ocrx_word' id='word_1_394' title='bbox 835 3705 930 3770; x_wconf 84' lang='lat' dir='ltr'>graue</span> <span class='ocrx_word' id='word_1_395' title='bbox 952 3687 1128 3753; x_wconf 74' lang='lat' dir='ltr'>nnmerum</span> <span class='ocrx_word' id='word_1_396' title='bbox 1151 3686 1324 3768; x_wconf 87' lang='lat' dir='ltr'>periculum</span> <span class='ocrx_word' id='word_1_397' title='bbox 1338 3694 1374 3753; x_wconf 91' lang='lat' dir='ltr'>et</span> <span class='ocrx_word' id='word_1_398' title='bbox 1387 3686 1511 3755; x_wconf 88' lang='lat' dir='ltr'>illorum</span> <span class='ocrx_word' id='word_1_399' title='bbox 1526 3687 1567 3754; x_wconf 87' lang='lat' dir='ltr'>ad</span> <span class='ocrx_word' id='word_1_400' title='bbox 1582 3706 1716 3771; x_wconf 85' lang='lat' dir='ltr'>quorum</span> 
     </span>
     <span class='ocr_line' id='line_1_37' title="bbox 164 3786 1717 3876; baseline 0.001 -20"><span class='ocrx_word' id='word_1_401' title='bbox 164 3786 350 3856; x_wconf 86' lang='lat' dir='ltr'>instantiam</span> <span class='ocrx_word' id='word_1_402' title='bbox 368 3789 418 3856; x_wconf 84' lang='lat' dir='ltr'>vel</span> <span class='ocrx_word' id='word_1_403' title='bbox 439 3808 498 3874; x_wconf 93' lang='lat' dir='ltr'>pro</span> <span class='ocrx_word' id='word_1_404' title='bbox 517 3789 631 3872; x_wconf 87' lang='lat' dir='ltr'>quibus</span> <span class='ocrx_word' id='word_1_405' title='bbox 653 3789 831 3856; x_wconf 88' lang='lat' dir='ltr'>huiusmodi</span> <span class='ocrx_word' id='word_1_406' title='bbox 852 3791 1008 3857; x_wconf 88' lang='lat' dir='ltr'>sententie</span> <span class='ocrx_word' id='word_1_407' title='bbox 1030 3792 1095 3856; x_wconf 86' lang='lat' dir='ltr'>lata</span> <span class='ocrx_word' id='word_1_408' title='bbox 1115 3789 1234 3856; x_wconf 76' lang='lat' dir='ltr'>inerint</span> <span class='ocrx_word' id='word_1_409' title='bbox 1255 3807 1318 3856; x_wconf 92' lang='lat' dir='ltr'>uon</span> <span class='ocrx_word' id='word_1_410' title='bbox 1339 3790 1507 3872; x_wconf 87' lang='lat' dir='ltr'>modicum,</span> <span class='ocrx_word' id='word_1_411' title='bbox 1527 3791 1623 3858; x_wconf 89' lang='lat' dir='ltr'>immo</span> <span class='ocrx_word' id='word_1_412' title='bbox 1649 3791 1717 3876; x_wconf 88' lang='lat' dir='ltr'>ple-</span> 
     </span>
     <span class='ocr_line' id='line_1_38' title="bbox 163 3890 1717 3978; baseline 0.001 -21"><span class='ocrx_word' id='word_1_413' title='bbox 163 3907 296 3975; x_wconf 84' lang='lat' dir='ltr'>rumque</span> <span class='ocrx_word' id='word_1_414' title='bbox 316 3891 488 3958; x_wconf 82' lang='lat' dir='ltr'>maximum</span> <span class='ocrx_word' id='word_1_415' title='bbox 515 3890 750 3975; x_wconf 89' lang='lat' dir='ltr'>detrimentum,</span> <span class='ocrx_word' id='word_1_416' title='bbox 778 3912 836 3960; x_wconf 87' lang='lat' dir='ltr'>nee</span> <span class='ocrx_word' id='word_1_417' title='bbox 865 3912 927 3959; x_wconf 89' lang='lat' dir='ltr'>uon</span> <span class='ocrx_word' id='word_1_418' title='bbox 955 3894 988 3958; x_wconf 93' lang='lat' dir='ltr'>in</span> <span class='ocrx_word' id='word_1_419' title='bbox 1014 3893 1233 3976; x_wconf 83' lang='lat' dir='ltr'>gravissimum</span> <span class='ocrx_word' id='word_1_420' title='bbox 1260 3893 1460 3960; x_wconf 87' lang='lat' dir='ltr'>auctoritatis</span> <span class='ocrx_word' id='word_1_421' title='bbox 1487 3899 1522 3960; x_wconf 92' lang='lat' dir='ltr'>et</span> <span class='ocrx_word' id='word_1_422' title='bbox 1547 3894 1717 3978; x_wconf 84' lang='lat' dir='ltr'>potestatis</span> 
     </span>
     <span class='ocr_line' id='line_1_39' title="bbox 165 3993 1716 4079; baseline 0.001 -19"><span class='ocrx_word' id='word_1_423' title='bbox 165 3993 377 4061; x_wconf 83' lang='lat' dir='ltr'>aeclesiastica</span> <span class='ocrx_word' id='word_1_424' title='bbox 398 4012 529 4060; x_wconf 86' lang='lat' dir='ltr'>censore</span> <span class='ocrx_word' id='word_1_425' title='bbox 551 4000 764 4078; x_wconf 89' lang='lat' dir='ltr'>contemptum</span> <span class='ocrx_word' id='word_1_426' title='bbox 783 4001 816 4061; x_wconf 92' lang='lat' dir='ltr'>et</span> <span class='ocrx_word' id='word_1_427' title='bbox 829 3996 1063 4078; x_wconf 84' lang='lat' dir='ltr'>derogationem</span> <span class='ocrx_word' id='word_1_428' title='bbox 1078 3995 1288 4062; x_wconf 78' lang='lat' dir='ltr'>ecclesiastiae</span> <span class='ocrx_word' id='word_1_429' title='bbox 1302 3994 1470 4077; x_wconf 88' lang='lat' dir='ltr'>libertatis,</span> <span class='ocrx_word' id='word_1_430' title='bbox 1492 4000 1588 4079; x_wconf 91' lang='lat' dir='ltr'>prout</span> <span class='ocrx_word' id='word_1_431' title='bbox 1606 4002 1716 4063; x_wconf 87' lang='lat' dir='ltr'>tenen·</span> 
     </span>
     <span class='ocr_line' id='line_1_40' title="bbox 165 4096 1717 4179; baseline 0.001 -16"><span class='ocrx_word' id='word_1_432' title='bbox 165 4102 218 4163; x_wconf 90' lang='lat' dir='ltr'>tur</span> <span class='ocrx_word' id='word_1_433' title='bbox 233 4105 268 4165; x_wconf 91' lang='lat' dir='ltr'>et</span> <span class='ocrx_word' id='word_1_434' title='bbox 293 4096 417 4179; x_wconf 90' lang='lat' dir='ltr'>debent,</span> <span class='ocrx_word' id='word_1_435' title='bbox 449 4097 600 4164; x_wconf 85' lang='lat' dir='ltr'>luactenus</span> <span class='ocrx_word' id='word_1_436' title='bbox 628 4100 754 4165; x_wconf 88' lang='lat' dir='ltr'>minimo</span> <span class='ocrx_word' id='word_1_437' title='bbox 781 4105 985 4166; x_wconf 86' lang='lat' dir='ltr'>servaverunt</span> <span class='ocrx_word' id='word_1_438' title='bbox 1017 4117 1074 4165; x_wconf 88' lang='lat' dir='ltr'>uec</span> <span class='ocrx_word' id='word_1_439' title='bbox 1105 4096 1247 4164; x_wconf 82' lang='lat' dir='ltr'>iecerunt</span> <span class='ocrx_word' id='word_1_440' title='bbox 1267 4097 1308 4164; x_wconf 92' lang='lat' dir='ltr'>ab</span> <span class='ocrx_word' id='word_1_441' title='bbox 1329 4097 1401 4163; x_wconf 90' lang='lat' dir='ltr'>aliis</span> <span class='ocrx_word' id='word_1_442' title='bbox 1429 4098 1599 4179; x_wconf 84' lang='lat' dir='ltr'>observari,</span> <span class='ocrx_word' id='word_1_443' title='bbox 1628 4099 1717 4165; x_wconf 80' lang='lat' dir='ltr'>iuxta</span> 
     </span>
     <span class='ocr_line' id='line_1_41' title="bbox 165 4199 1717 4284; baseline 0.001 -19"><span class='ocrx_word' id='word_1_444' title='bbox 165 4200 347 4266; x_wconf 89' lang='lat' dir='ltr'>mandatum</span> <span class='ocrx_word' id='word_1_445' title='bbox 367 4199 503 4284; x_wconf 89' lang='lat' dir='ltr'>apostoli</span> <span class='ocrx_word' id='word_1_446' title='bbox 526 4208 559 4265; x_wconf 90' lang='lat' dir='ltr'>et</span> <span class='ocrx_word' id='word_1_447' title='bbox 580 4207 703 4266; x_wconf 85' lang='lat' dir='ltr'>statuta</span> <span class='ocrx_word' id='word_1_448' title='bbox 725 4202 876 4267; x_wconf 69' lang='lat' dir='ltr'>eanerniaa</span> <span class='ocrx_word' id='word_1_449' title='bbox 896 4201 1180 4267; x_wconf 87' lang='lat' dir='ltr'>excommunicatos</span> <span class='ocrx_word' id='word_1_450' title='bbox 1202 4199 1380 4266; x_wconf 83' lang='lat' dir='ltr'>huiusmodi</span> <span class='ocrx_word' id='word_1_451' title='bbox 1402 4219 1464 4267; x_wconf 91' lang='lat' dir='ltr'>non</span> <span class='ocrx_word' id='word_1_452' title='bbox 1488 4201 1632 4268; x_wconf 85' lang='lat' dir='ltr'>vitando:</span> <span class='ocrx_word' id='word_1_453' title='bbox 1661 4201 1717 4267; x_wconf 91' lang='lat' dir='ltr'>sed</span> 
     </span>
     <span class='ocr_line' id='line_1_42' title="bbox 166 4300 1719 4386; baseline 0 -19"><span class='ocrx_word' id='word_1_454' title='bbox 166 4300 198 4366; x_wconf 91' lang='lat' dir='ltr'>iu</span> <span class='ocrx_word' id='word_1_455' title='bbox 218 4302 418 4383; x_wconf 90' lang='lat' dir='ltr'>salutatione,</span> <span class='ocrx_word' id='word_1_456' title='bbox 440 4302 556 4382; x_wconf 87' lang='lat' dir='ltr'>osculo,</span> <span class='ocrx_word' id='word_1_457' title='bbox 579 4322 697 4382; x_wconf 83' lang='lat' dir='ltr'>prensa,</span> <span class='ocrx_word' id='word_1_458' title='bbox 720 4303 834 4368; x_wconf 76' lang='lat' dir='ltr'>(livinis</span> <span class='ocrx_word' id='word_1_459' title='bbox 856 4303 966 4370; x_wconf 85' lang='lat' dir='ltr'>ohieiis</span> <span class='ocrx_word' id='word_1_460' title='bbox 984 4322 1021 4369; x_wconf 90' lang='lat' dir='ltr'>ac</span> <span class='ocrx_word' id='word_1_461' title='bbox 1043 4302 1114 4368; x_wconf 86' lang='lat' dir='ltr'>aliis</span> <span class='ocrx_word' id='word_1_462' title='bbox 1145 4303 1186 4369; x_wconf 93' lang='lat' dir='ltr'>ab</span> <span class='ocrx_word' id='word_1_463' title='bbox 1207 4304 1351 4386; x_wconf 77' lang='lat' dir='ltr'>apostolo</span> <span class='ocrx_word' id='word_1_464' title='bbox 1374 4310 1407 4370; x_wconf 91' lang='lat' dir='ltr'>ot</span> <span class='ocrx_word' id='word_1_465' title='bbox 1427 4304 1525 4370; x_wconf 87' lang='lat' dir='ltr'>saeris</span> <span class='ocrx_word' id='word_1_466' title='bbox 1546 4303 1719 4370; x_wconf 82' lang='lat' dir='ltr'>canordbus</span> 
     </span>
     <span class='ocr_line' id='line_1_43' title="bbox 167 4403 1718 4492; baseline 0.001 -22"><span class='ocrx_word' id='word_1_467' title='bbox 167 4403 333 4485; x_wconf 82' lang='lat' dir='ltr'>prohibitis</span> <span class='ocrx_word' id='word_1_468' title='bbox 358 4404 579 4471; x_wconf 88' lang='lat' dir='ltr'>damnabiliter</span> <span class='ocrx_word' id='word_1_469' title='bbox 607 4408 872 4472; x_wconf 79' lang='lat' dir='ltr'>eorrnnuuicantes</span> <span class='ocrx_word' id='word_1_470' title='bbox 895 4426 963 4472; x_wconf 88' lang='lat' dir='ltr'>euru</span> <span class='ocrx_word' id='word_1_471' title='bbox 993 4405 1110 4473; x_wconf 88' lang='lat' dir='ltr'>eisdem</span> <span class='ocrx_word' id='word_1_472' title='bbox 1139 4406 1226 4473; x_wconf 85' lang='lat' dir='ltr'>laicis</span> <span class='ocrx_word' id='word_1_473' title='bbox 1254 4408 1361 4474; x_wconf 88' lang='lat' dir='ltr'>idiotis</span> <span class='ocrx_word' id='word_1_474' title='bbox 1390 4414 1488 4492; x_wconf 75' lang='lat' dir='ltr'>atone</span> <span class='ocrx_word' id='word_1_475' title='bbox 1513 4406 1718 4491; x_wconf 83' lang='lat' dir='ltr'>simplicibus,</span> 
     </span>
     <span class='ocr_line' id='line_1_44' title="bbox 167 4505 1718 4592; baseline 0.002 -21"><span class='ocrx_word' id='word_1_476' title='bbox 167 4522 244 4588; x_wconf 84' lang='lat' dir='ltr'>quos</span> <span class='ocrx_word' id='word_1_477' title='bbox 264 4506 305 4574; x_wconf 91' lang='lat' dir='ltr'>od</span> <span class='ocrx_word' id='word_1_478' title='bbox 323 4505 501 4573; x_wconf 81' lang='lat' dir='ltr'>huiummmli</span> <span class='ocrx_word' id='word_1_479' title='bbox 520 4510 693 4574; x_wconf 84' lang='lat' dir='ltr'>sententias</span> <span class='ocrx_word' id='word_1_480' title='bbox 714 4509 924 4574; x_wconf 71' lang='lat' dir='ltr'>oleon-anda·</span> <span class='ocrx_word' id='word_1_481' title='bbox 946 4510 1210 4592; x_wconf 80' lang='lat' dir='ltr'>persunusiouiluas,</span> <span class='ocrx_word' id='word_1_482' title='bbox 1233 4511 1361 4575; x_wconf 80' lang='lat' dir='ltr'>rruniitis</span> <span class='ocrx_word' id='word_1_483' title='bbox 1382 4515 1416 4576; x_wconf 90' lang='lat' dir='ltr'>et</span> <span class='ocrx_word' id='word_1_484' title='bbox 1444 4510 1595 4592; x_wconf 83' lang='lat' dir='ltr'>exemplis</span> <span class='ocrx_word' id='word_1_485' title='bbox 1628 4509 1718 4575; x_wconf 83' lang='lat' dir='ltr'>indru-</span> 
     </span>
     <span class='ocr_line' id='line_1_45' title="bbox 168 4612 1719 4695; baseline 0.003 -22"><span class='ocrx_word' id='word_1_486' title='bbox 168 4624 236 4675; x_wconf 87' lang='lat' dir='ltr'>uere</span> <span class='ocrx_word' id='word_1_487' title='bbox 252 4616 287 4675; x_wconf 86' lang='lat' dir='ltr'>et</span> <span class='ocrx_word' id='word_1_488' title='bbox 308 4628 365 4693; x_wconf 86' lang='lat' dir='ltr'>per</span> <span class='ocrx_word' id='word_1_489' title='bbox 386 4628 550 4676; x_wconf 76' lang='lat' dir='ltr'>censeamus</span> <span class='ocrx_word' id='word_1_490' title='bbox 565 4612 808 4677; x_wconf 78' lang='lat' dir='ltr'>eeclesiastimun</span> <span class='ocrx_word' id='word_1_491' title='bbox 830 4613 955 4690; x_wconf 71' lang='lat' dir='ltr'>graevius</span> <span class='ocrx_word' id='word_1_492' title='bbox 978 4614 1164 4695; x_wconf 78' lang='lat' dir='ltr'>enrrrpmllere</span> <span class='ocrx_word' id='word_1_493' title='bbox 1186 4612 1376 4693; x_wconf 80' lang='lat' dir='ltr'>debuissent,</span> <span class='ocrx_word' id='word_1_494' title='bbox 1399 4613 1465 4677; x_wconf 81' lang='lat' dir='ltr'>siris</span> <span class='ocrx_word' id='word_1_495' title='bbox 1480 4613 1585 4694; x_wconf 73' lang='lat' dir='ltr'>piranis</span> <span class='ocrx_word' id='word_1_496' title='bbox 1600 4619 1634 4678; x_wconf 91' lang='lat' dir='ltr'>et</span> <span class='ocrx_word' id='word_1_497' title='bbox 1648 4632 1719 4695; x_wconf 86' lang='lat' dir='ltr'>per·</span> 
     </span>
     <span class='ocr_line' id='line_1_46' title="bbox 169 4710 1720 4799; baseline 0.003 -26"><span class='ocrx_word' id='word_1_498' title='bbox 169 4710 292 4784; x_wconf 81' lang='lat' dir='ltr'>niciesis</span> <span class='ocrx_word' id='word_1_499' title='bbox 313 4711 464 4795; x_wconf 53' lang='lat' dir='ltr'>eaeemplis</span> <span class='ocrx_word' id='word_1_500' title='bbox 485 4713 577 4792; x_wconf 77' lang='lat' dir='ltr'>elain,</span> <span class='ocrx_word' id='word_1_501' title='bbox 601 4714 695 4779; x_wconf 79' lang='lat' dir='ltr'>inimo</span> <span class='ocrx_word' id='word_1_502' title='bbox 715 4715 832 4799; x_wconf 54' lang='lat' dir='ltr'>¹iniuriam</span> <span class='ocrx_word' id='word_1_503' title='bbox 855 4722 888 4780; x_wconf 91' lang='lat' dir='ltr'>et</span> <span class='ocrx_word' id='word_1_504' title='bbox 909 4716 1039 4798; x_wconf 75' lang='lat' dir='ltr'>laeqneos</span> <span class='ocrx_word' id='word_1_505' title='bbox 1061 4715 1254 4782; x_wconf 76' lang='lat' dir='ltr'>‹lcurrmahihs</span> <span class='ocrx_word' id='word_1_506' title='bbox 1276 4722 1310 4780; x_wconf 91' lang='lat' dir='ltr'>et</span> <span class='ocrx_word' id='word_1_507' title='bbox 1331 4720 1545 4797; x_wconf 65' lang='lat' dir='ltr'>contemptum</span> <span class='ocrx_word' id='word_1_508' title='bbox 1562 4715 1720 4780; x_wconf 84' lang='lat' dir='ltr'>libertatis</span> 
     </span>
     <span class='ocr_line' id='line_1_47' title="bbox 170 4815 1719 4900; baseline 0.003 -23"><span class='ocrx_word' id='word_1_509' title='bbox 170 4818 201 4877; x_wconf 85' lang='lat' dir='ltr'>et</span> <span class='ocrx_word' id='word_1_510' title='bbox 220 4832 351 4881; x_wconf 84' lang='lat' dir='ltr'>sensuro</span> <span class='ocrx_word' id='word_1_511' title='bbox 372 4815 584 4883; x_wconf 74' lang='lat' dir='ltr'>eeclesiastico</span> <span class='ocrx_word' id='word_1_512' title='bbox 607 4824 813 4900; x_wconf 64' lang='lat' dir='ltr'>pontesiensium</span> <span class='ocrx_word' id='word_1_513' title='bbox 841 4818 926 4900; x_wconf 76' lang='lat' dir='ltr'>arrisu,</span> <span class='ocrx_word' id='word_1_514' title='bbox 947 4825 981 4883; x_wconf 89' lang='lat' dir='ltr'>nt</span> <span class='ocrx_word' id='word_1_515' title='bbox 1004 4818 1157 4899; x_wconf 84' lang='lat' dir='ltr'>seriptum</span> <span class='ocrx_word' id='word_1_516' title='bbox 1185 4824 1250 4884; x_wconf 88' lang='lat' dir='ltr'>est:</span> <span class='ocrx_word' id='word_1_517' title='bbox 1279 4818 1367 4896; x_wconf 78' lang='lat' dir='ltr'>Qrusul</span> <span class='ocrx_word' id='word_1_518' title='bbox 1391 4817 1428 4883; x_wconf 88' lang='lat' dir='ltr'>lit</span> <span class='ocrx_word' id='word_1_519' title='bbox 1449 4838 1469 4884; x_wconf 93' lang='lat' dir='ltr'>a</span> <span class='ocrx_word' id='word_1_520' title='bbox 1490 4817 1631 4900; x_wconf 86' lang='lat' dir='ltr'>prelatis,</span> <span class='ocrx_word' id='word_1_521' title='bbox 1655 4824 1719 4883; x_wconf 82' lang='lat' dir='ltr'>tua·</span> 
     </span>
    </p>

    <p class='ocr_par' dir='ltr' id='par_1_5' title="bbox 1511 4934 1562 4991">
     <span class='ocr_line' id='line_1_48' title="bbox 1511 4934 1562 4991; baseline 0 -27"><span class='ocrx_word' id='word_1_522' title='bbox 1511 4934 1562 4991; x_wconf 55' lang='grc' dir='ltr'>ω*</span> 
     </span>
    </p>
   </div>
   <div class='ocr_carea' id='block_1_4' title="bbox 0 0 2262 6180">
    <p class='ocr_par' dir='ltr' id='par_1_6' title="bbox 0 0 2262 6180">
     <span class='ocr_line' id='line_1_49' title="bbox 0 0 2262 6180; baseline 0 0"><span class='ocrx_word' id='word_1_523' title='bbox 0 0 2262 6180; x_wconf 95' lang='lat' dir='ltr'> </span> 
     </span>
    </p>
   </div>
  </div>
 </body>
</html>
