4860 6180
2058 375 2133 459 258

588 590 668 667 tibus
688 576 822 669 quorum
840 574 1062 644 nominasent
1082 573 1158 642 bec:
1176 567 1332 640 lohannes
1350 568 1455 654 index,
1474 571 1635 655 Nicolaum,
1658 570 1793 657 Dubios,
1815 576 1978 663 derbeus,
1998 580 2133 668 Vsemir,

588 690 677 768 droti
696 690 731 754 ot
751 681 823 752 aliis
844 678 1046 746 Tbeutonicis
1067 676 1112 743 ibi
1133 675 1329 744 venientibus
1356 675 1488 743 eandem
1510 675 1699 770 conferimus
1722 676 1912 748 libertatem
1955 682 2003 751 iit
2026 693 2132 755 autum

588 801 642 869 m
661 791 771 858 rosus
790 782 924 850 donacio
944 781 1042 847 eisin
1066 785 1253 864 perpetuum
1274 777 1539 845 incommutabilis
1568 784 1762 864 penmanent,
1783 789 1962 864 presentem
1986 789 2134 871 paginam

480 871 490 891 ‘
588 892 685 971 „031st
704 885 801 972 sigilli
823 883 995 952 munimine
1019 882 1213 950 decrevimus
1238 880 1390 949 roborari.
1434 880 1552 949 Datum
1584 883 1618 949 in
1651 881 1858 950 Wlodizlavia
1889 884 2015 970 iuniori,
2049 910 2132 960 anno

588 995 689 1088 gracie
700 990 746 1059 ll.
748 986 812 1057 00
832 987 1102 1073 quinquagesimo.

685 1208 807 1294 lauda,
827 1212 904 1298 led
939 1209 1057 1275 Forum
1077 1203 1323 1286 induimini,
1352 1209 1430 1286 azyli
1454 1205 1585 1279 Koicidl,
1607 1209 1809 1287 messanensi
1828 1231 1871 1275 na
1891 1209 1995 1359 ktdrdj
2012 1170 2133 1304 alaneio
2220 1171 2233 1205 a

589 1326 690 1392 „usto
709 1313 826 1402 dodel.
872 1310 1105 1379 Wlodizlavia
1097 1309 1210 1391 iunior,
1233 1312 1438 1432 [somoriam

1257 1675 1332 1762 Nr.
1364 1670 1464 1760 291.

690 1874 849 1960 Pronid
876 1875 953 1957 dux
978 1872 1130 1957 Pdldnis
1165 1877 1288 1954 1251
1325 1893 1355 1955 Β.
1390 1871 1436 1970 d..
1468 1869 1511 1952 ln
1536 1869 1738 1979 delldllid3
1774 1894 1904 1964 roborat
1934 1897 2135 1970 donationem

591 1998 682 2068 vium
702 1993 917 2076 Smardzewo,
946 2012 1042 2079 quam
1067 1991 1233 2060 Sbroslaus
1251 1991 1338 2057 illius
1358 1989 1510 2057 louatbae
1534 1991 1568 2056 in
1591 1993 1727 2060 articulo
1749 1999 1860 2064 mortis
1881 2003 2071 2068 monasterio
2096 2005 2136 2072 de

477 2097 480 2101 ’
591 2101 674 2170 0brn
693 2097 822 2179 learnt,
841 2103 875 2164 et
891 2115 987 2181 quam
1009 2098 1101 2180 Agna
1121 2101 1223 2162 mater
1243 2095 1342 2178 ipsius
1364 2091 1612 2160 confirmaverat

691 2201 829 2269 manao.
859 2203 974 2280 Kdripl.
997 2203 1104 2264 Sionis
1123 2201 1214 2263 Arcb.
1251 2199 1340 2274 Otto,
1367 2198 1428 2261 Lib.
1444 2199 1545 2276 privil
1564 2216 1638 2275 pop.
1661 2199 1714 2265 12.

689 2404 729 2474 In
748 2405 876 2473 nomine
896 2410 1007 2472 sancte
1029 2409 1063 2470 et
1084 2401 1244 2470 individue
1265 2401 1432 2469 Trinitatis
1452 2418 1554 2467 amen
1587 2399 1668 2468 (inm
1689 2421 1728 2469 ea
1747 2422 1808 2489 que
1828 2413 1983 2489 geruntur
2003 2409 2035 2476 in
2057 2416 2136 2481 tam.

591 2508 674 2598 pore,
695 2527 737 2576 ne
754 2507 849 2576 simul
865 2525 923 2592 per
940 2506 1128 2574 oblivionem
1148 2504 1297 2571 labantur
1318 2523 1389 2571 cum
1408 2507 1559 2585 tempore,
1580 2504 1785 2590 quodcunque
1800 2508 2015 2578 inconvulsum
2029 2513 2136 2581 obser·

591 2608 656 2681 rari
687 2611 869 2678 decernitur
893 2627 1021 2677 necesse
1049 2615 1099 2675 ost
1127 2607 1254 2692 scriptis
1283 2606 1554 2692 probabiliumque
1584 2608 1721 2674 virorum
1747 2612 1928 2680 ceunomo
1959 2619 2135 2701 perennem,

592 2716 662 2784 binc
680 2719 730 2782 est
751 2713 836 2798 qnod
857 2731 915 2779 nos
927 2710 1069 2779 ⁴Premisl
1089 2710 1197 2777 divina
1216 2709 1341 2776 favente
1362 2709 1531 2776 clemencia
1551 2708 1615 2775 dux
1635 2709 1765 2778 Polonie
1785 2720 1895 2782 notum
1917 2713 2048 2783 iacimus
2069 2725 2135 2788 tam

592 2817 787 2904 presentibus
815 2834 911 2899 quam
938 2813 1065 2895 futuris,
1098 2813 1182 2898 quod
1212 2812 1378 2880 Sbroslaus
1402 2811 1485 2878 filius
1512 2810 1645 2880 lonatbe
1670 2813 1703 2880 lu
1724 2815 1858 2882 articulo
1879 2819 1991 2885 mortis
2009 2823 2136 2905 propria

592 2919 649 2988 bac
669 2917 754 2989 bona
773 2917 938 2984 voluntate
955 2933 1014 2982 sna
1035 2914 1164 2982 ecclesie
1181 2913 1273 2982 beate
1294 2914 1396 2982 Mario
1411 2916 1443 2980 in
1457 2911 1544 2981 Obra
1557 2919 1591 2980 et
1607 2912 1759 2982 iratribus
1774 2916 1900 2986 Ordinis
1919 2918 2136 2991 cisterciensis

592 3021 704 3089 ibidem
725 3020 760 3087 in
781 3019 913 3087 servicio
934 3018 994 3085 Dei
1015 3018 1067 3083 die
1086 3022 1243 3101 noctuque
1263 3015 1482 3098 ubundbus,
1504 3016 1545 3082 ob
1565 3034 1652 3100 spem
1672 3019 1823 3086 mercedis
1844 3020 1909 3088 vite
1925 3028 2034 3090 eterne
2047 3030 2082 3090 et
2094 3025 2136 3093 ob

592 3122 762 3192 medium
780 3122 957 3188 animarum
975 3124 1144 3204 parentam
1165 3137 1293 3185 suorum
1314 3118 1385 3185 sibi·
1397 3118 1525 3202 suisque
1546 3119 1579 3185 in
1600 3128 1785 3205 perpetuum
1804 3122 1980 3207 providens,
2002 3128 2136 3195 contulit

591 3224 696 3294 villam
717 3219 844 3291 nornine
866 3222 1041 3291 Smursewo
1063 3239 1135 3289 cum
1155 3223 1256 3306 pratis
1281 3227 1316 3289 et
1341 3221 1429 3287 silvis
1450 3239 1488 3288 ac
1508 3223 1621 3289 esteris
1642 3222 1786 3290 omuibus
1811 3225 1992 3292 attinenciis
2013 3212 2137 3298 herodi·

531 3329 535 3337 '
592 3328 671 3408 lario
692 3327 762 3394 iure
776 3325 997 3414 possidendam
1017 3326 1051 3391 in
1073 3330 1269 3409 perpetuum
1299 3323 1415 3392 Sedet
1435 3323 1495 3392 boc
1516 3329 1583 3393 tam
1604 3325 1802 3410 presentibus
1818 3346 1914 3413 quam
1932 3328 2048 3398 laturis
2062 3350 2135 3400 oon·
2214 3368 2229 3377 -

592 3435 675 3498 sara
693 3428 848 3511 volumus,
870 3428 955 3512 qnod
976 3426 1119 3512 predicto
1141 3425 1317 3493 Sbroslawo
1339 3444 1378 3493 er
1399 3426 1459 3493 bac
1478 3426 1545 3493 rita
1565 3428 1735 3511 mimante,
1764 3435 1866 3498 mater
1891 3431 1990 3516 ipsius
2011 3435 2135 3504 nomine

592 3531 682 3618 lgm
701 3531 902 3618 postmodum
924 3529 1139 3615 supradictam
1160 3528 1367 3597 hereditatem
1387 3528 1538 3614 predictis
1559 3528 1709 3598 nauibus
1733 3550 1838 3600 eoram
1858 3534 1949 3602 nobis
1970 3542 2004 3603 et
2023 3537 2135 3606 nobill-

593 3632 649 3702 bns
669 3634 789 3703 nostris
811 3632 983 3701 solenniter
1003 3631 1208 3701 eonfirmavit.
1252 3631 1291 3698 ln
1312 3631 1406 3699 buius
1430 3631 1539 3714 itaque
1567 3631 1613 3698 rei
1642 3632 1870 3719 testimonim'
1894 3656 1935 3704 ne
1963 3640 2137 3723 supradicti
2206 3622 2210 3630 ¹

593 3737 700 3810 nilus
726 3736 860 3805 donacio
889 3756 927 3805 ac
955 3735 1095 3820 predicte
1120 3733 1245 3801 domine
1272 3733 1472 3801 confirmacio
1498 3739 1628 3817 propter
1654 3735 1864 3818 ignoramim
1892 3739 2136 3826 inexpertorum,

593 3856 648 3908 sen
667 3845 800 3927 propter
819 3837 931 3906 frivole
952 3838 1150 3906 obviancium
1171 3835 1362 3920 proterviam
1383 3853 1446 3919 que
1466 3853 1549 3902 nunc
1568 3837 1686 3903 nostris
1713 3844 1846 3907 maxime
1865 3840 1996 3910 inolevit
2017 3850 2136 3929 tempo·

593 3941 688 4027 ribos,
706 3943 741 4010 in
761 3948 923 4027 posterum
943 3941 1049 4007 valeat
1070 3939 1269 4022 aliquatenus
1290 3936 1410 4004 irritari
1431 3935 1480 4003 vel
1501 3939 1676 4020 retractari,
1699 3949 1875 4023 presentem
1895 3944 2076 4014 schedulam
2094 3948 2137 4014 si.

592 4044 659 4128 pili
679 4045 782 4112 noemi
800 4043 912 4112 robore
933 4044 1062 4128 dignum
1085 4041 1232 4108 duximus
1251 4039 1462 4107 muniendam.
1492 4038 1575 4105 Acta
1588 4045 1663 4107 sunt
1676 4040 1733 4109 bec
1746 4061 1828 4111 anno
1848 4047 1950 4129 gratie
1971 4047 2136 4118 millesimo

592 4146 804 4216 ducentesimo
826 4147 1085 4231 quinquagesimo
1107 4145 1208 4229 primo
1226 4145 1258 4210 in
1281 4143 1440 4210 Poanaula
1459 4160 1563 4208 comm
1584 4142 1673 4210 uobis
1692 4150 1726 4211 et
1737 4145 1892 4215 nobilibus
1915 4150 2041 4231 nostris,
2060 4170 2137 4236 quo-

594 4268 664 4319 rum
684 4251 813 4319 nomina
830 4251 889 4319 bec
910 4256 1002 4316 sunt:
1036 4247 1219 4332 Bugumilus
1240 4248 1408 4332 mutinae,
1438 4245 1625 4311 Miroslavus
1650 4245 1735 4314 lilius
1757 4249 1992 4334 archiepiscopi,
2014 4252 2138 4336 Bogusa

594 4354 676 4422 lilius
695 4353 831 4437 cesum
849 4351 1038 4421 Pacos'lavus
1057 4351 1141 4429 lilius
1160 4349 1308 4433 Seadrici,
1329 4349 1442 4416 Petrus
1463 4347 1545 4413 b'lius
1567 4346 1700 4431 lanussi‚
1724 4349 1884 4418 hnumius
1906 4351 1990 4418 filiius
2010 4352 2137 4440 Dobesi,

595 4455 743 4526 Nicolaus
763 4458 942 4525 canonicus.

685 4676 792 4763 'Olera
818 4681 904 4746 otra
927 4677 1112 4758 suasero,
1134 4697 1153 4739 z
1175 4677 1339 4740 aiemiecku
1363 4675 1531 4738 Saluum.
