4860 6180
1904 381 1977 462 491

381 597 386 607 “
432 582 536 652 dictus
556 566 676 654 eiectus
697 603 793 670 super
812 581 873 652 boc
893 583 1020 652 duxerit
1039 583 1270 670 requirendum,
1292 584 1400 655 ascitis
1422 585 1482 653 sibi
1497 587 1636 672 reliquis,
1659 593 1717 657 ant
1730 587 1843 656 saltem
1857 586 1982 655 dnobus

430 687 480 754 sel
502 687 604 755 tribus
623 708 662 755 ex
683 687 782 770 vobis,
815 706 872 754 scu
890 688 961 754 eliis
988 689 1142 772 episcopis
1169 690 1348 771 convicinis,
1382 691 1409 756 si
1437 688 1517 756 torto
1543 709 1599 757 sos
1626 693 1822 775 contingeret
1850 690 1983 774 impodi-

431 796 539 858 mento
559 791 709 857 canonico
731 790 910 874 prepeditus
931 789 1040 856 nlosso
1061 810 1123 856 non
1143 809 1245 875 posse,
1268 792 1368 859 eidonr
1390 792 1500 875 electo,
1529 799 1696 878 postquam
1724 793 1873 860 fueritin
1896 810 1983 877 pres-

430 890 566 960 biterum
588 892 762 976 ordinatus,
784 893 975 960 oucmritnte
996 899 1107 960 nostro
1128 913 1242 960 munus
1264 896 1509 962 consecracionis
1530 896 1702 980 impendat
1745 896 1864 963 Datum
1893 893 1980 979 apud

432 993 551 1063 Urbem
572 1003 710 1064 veterem
731 996 840 1064 Idibus
861 996 1008 1079 Augusti,
1030 997 1232 1080 pontificatus
1253 998 1355 1063 nostri
1375 1015 1459 1064 anno
1481 1001 1586 1066 tertio.

1103 1398 1177 1484 Nn.
1209 1391 1310 1486 527.

536 1625 720 1710 untmn
746 1625 810 1731 Pp.
836 1625 892 1708 IV
919 1629 1053 1710 1283
1080 1627 1177 1730 ing.
1204 1631 1279 1719 18,
1306 1628 1405 1732 apud
1421 1627 1558 1712 Urbem
1575 1630 1753 1733 retorem
1772 1647 1915 1715 necno
1933 1644 1983 1716 lo-

432 1745 511 1814 oobo
530 1745 632 1814 electo
654 1745 843 1828 Gneznensi,
865 1753 904 1812 nt
921 1763 961 1813 ex
978 1746 1067 1814 curia
1088 1745 1232 1815 resedere
1253 1751 1287 1815 et
1307 1765 1421 1815 mnnns
1442 1750 1687 1818 consecrationis
1707 1769 1773 1818 nna
1793 1768 1866 1818 cunr
1887 1749 1984 1835 pollio

394 1855 397 1861 '
432 1847 467 1916 in
487 1866 545 1917 sna
564 1848 695 1918 ecclesia
716 1849 858 1934 occipere
878 1849 989 1934 possit

540 1953 678 2029 Tidner,
700 1955 895 2018 Monwnento
916 1955 1020 2019 bition
1043 1957 1186 2018 Pnoniue
1208 1956 1235 2030 1,
1258 1955 1331 2019 167.

536 2189 695 2259 ununns
715 2190 1129 2276 mompsuestenum
1154 2190 1221 2259 filio
1249 2191 1364 2261 laoobo
1392 2191 1492 2260 electo
1520 2191 1698 2261 Gneznensi
1724 2193 1860 2261 mntem
1889 2193 1983 2280 (etc).

435 2290 593 2360 cunnos
613 2292 843 2360 venerabilibus
863 2291 1015 2360 iratribus
1036 2295 1163 2377 nostris,
1185 2293 1391 2379 sutiruganeis
1412 2293 1607 2378 Gneznensis
1629 2295 1768 2378 ecclesie,
1791 2297 1909 2363 nostris
1924 2293 1984 2363 sub
2097 2339 2099 2343 ι

434 2400 521 2462 certa
541 2393 642 2462 iorma
664 2394 774 2463 demas
794 2396 911 2463 litteris
932 2396 967 2463 in
984 2395 1153 2478 mandatis,
1175 2403 1213 2464 nt
1233 2416 1316 2465 nnus
1336 2417 1455 2480 eorum,
1477 2398 1585 2466 ascitis
1606 2398 1667 2466 sibi
1689 2399 1819 2482 reliquis
1842 2406 1901 2465 ant
1921 2399 1984 2466 sal-
2052 2457 2054 2463 .

433 2503 498 2565 tem
518 2496 640 2566 dnobus
660 2516 700 2566 ex
720 2499 767 2566 eis
788 2516 845 2566 sen
865 2498 962 2566 etiam
984 2516 1024 2566 ex
1044 2500 1116 2566 aliis
1138 2501 1292 2584 episcopis
1311 2500 1490 2582 convicinis,
1524 2500 1593 2583 tibi,
1622 2519 1716 2586 quem
1744 2518 1845 2585 nuper
1863 2500 1903 2569 de
1922 2500 1986 2568 ire·

434 2605 520 2668 trum
540 2606 722 2669 nostrornm
744 2601 874 2668 oonsilio
894 2601 1018 2687 prefate
1044 2601 1231 2687 prefecimus
1256 2604 1291 2670 in
1315 2603 1583 2688 archiepiscopum
1612 2611 1645 2672 et
1674 2609 1843 2687 pastorem,
1872 2622 1986 2672 munus

434 2704 676 2772 oensemutionis
698 2703 876 2789 impendat:
898 2724 937 2773 no
959 2711 991 2772 te
1012 2713 1159 2789 oporteat
1180 2707 1381 2791 postmodnm
1400 2706 1441 2773 ad
1463 2707 1669 2790 apostolicam
1689 2705 1802 2773 solen
1822 2724 1881 2790 pro
1901 2706 1984 2773 obti-

434 2805 536 2873 nendo
556 2804 598 2873 ab
618 2824 658 2875 ea
678 2807 791 2892 palleo,
814 2808 899 2893 qnod
918 2815 969 2876 est
989 2809 1112 2894 insigne
1130 2809 1320 2895 pontificalis
1341 2807 1445 2892 officii,
1467 2809 1614 2878 acoedere
1634 2826 1690 2876 serr
1720 2797 1867 2875 nuntium
1889 2808 1987 2876 dasti-

434 2927 511 2976 nare
530 2927 569 2978 uo
589 2909 702 2978 exinde
719 2909 881 2978 laboribus
903 2930 960 2978 seu
974 2912 1151 2996 sumptibus
1165 2911 1308 2996 latigmi:
1330 2912 1468 2997 palleum
1482 2911 1586 2994 ipsum
1600 2910 1640 2978 de
1654 2928 1785 2995 corpore
1800 2910 1884 2978 beati
1899 2910 1986 2979 Petri

434 3016 605 3097 sumptum,
625 3031 682 3097 per
699 3011 831 3081 dilectos
853 3013 934 3081 filios
957 3014 1138 3099 Philippum
1158 3013 1330 3096 custodem,
1352 3012 1524 3080 Iohannem
1548 3017 1582 3079 et
1608 3012 1800 3096 Raynerinm
1821 3013 1987 3080 canonicos

435 3113 646 3198 Gneanenses,
665 3134 687 3183 a
708 3115 822 3200 quibus
844 3117 1055 3184 iuramentum
1077 3117 1252 3201 recepimus
1272 3115 1313 3183 de
1334 3114 1436 3200 pulleo
1458 3115 1526 3199 ipso
1540 3113 1677 3181 fideliter
1689 3113 1910 3198 prasentando,
1933 3133 1986 3181 re·
2008 3204 2012 3214 Ι

435 3217 627 3285 notabilibus
646 3216 798 3285 iratribus
820 3220 977 3287 nostris..
1008 3219 1153 3291 Plooeusi
1172 3225 1249 3286 et..
1284 3215 1491 3284 Poznauiensi
1517 3215 1672 3300 episcopis
1689 3215 1895 3301 suffinganeis
1915 3233 1986 3300 pre·

434 3317 518 3387 dicte
538 3318 735 3388 Gneznensis
756 3320 887 3389 ecclesie
905 3320 1110 3402 destinamus,
1133 3325 1171 3387 nt
1191 3319 1253 3404 ipsi
1272 3318 1323 3386 nel
1341 3318 1424 3414 alter
1447 3336 1557 3385 eorum
1580 3316 1699 3384 dictrnn
1724 3318 1873 3402 palleum,
1899 3324 1987 3402 post·

435 3438 530 3505 quam
550 3420 705 3510 prefatam
727 3424 993 3491 consecrationem
1015 3424 1180 3508 receperis,
1203 3421 1263 3489 tibi
1280 3421 1442 3505 assignem
1462 3417 1521 3487 snb
1539 3418 1641 3487 forma
1655 3438 1750 3503 qnam
1764 3421 1811 3488 eis
1824 3419 1884 3486 sub
1898 3419 1986 3487 bullo

435 3528 544 3590 nostra
561 3524 718 3592 mittimus
737 3525 951 3608 interclusam,
974 3532 1008 3594 et
1028 3545 1049 3593 a
1071 3533 1104 3593 te
1124 3532 1235 3592 nostro
1256 3530 1290 3592 et
1310 3522 1441 3592 melesio
1468 3520 1610 3588 Romane
1638 3522 1775 3604 nomine,
1801 3521 1861 3589 sub
1886 3521 1988 3589 forms

435 3644 530 3711 qnam
550 3626 610 3696 sub
631 3628 741 3696 eadem
762 3629 850 3697 bullo
870 3629 1044 3713 dirigimus,
1077 3628 1240 3696 fidelitatis
1260 3624 1420 3710 'recipiant
1449 3625 1670 3692 iuramentum.
1714 3623 1762 3690 'lii
1788 3642 1873 3706 nero,
1899 3630 1987 3708 post·

435 3746 530 3812 quam
551 3729 610 3798 tibi
629 3730 769 3815 palleum
790 3731 893 3816 ipsum
916 3731 975 3798 tibi
995 3731 1147 3798 nuditum
1176 3728 1283 3811 inerit,
1312 3747 1350 3796 eo
1376 3727 1462 3794 intra
1488 3725 1653 3794 eeclesiam
1679 3732 1766 3793 tunm
1795 3726 1859 3793 illis
1887 3726 1987 3793 utaris

435 3829 555 3914 dlebrrs,
577 3833 633 3918 qui
654 3834 794 3917 expressi
816 3834 851 3900 in
872 3834 972 3919 ipsius
991 3832 1121 3902 ecclesie
1142 3831 1314 3917 privilegiis
1332 3831 1543 3897 continentur.
1587 3826 1635 3896 Ut
1655 3828 1755 3912 igitur
1779 3829 1904 3914 signum
1924 3847 1989 3896 non

435 3931 592 4020 discrepet
613 3935 789 4019 asignato,
812 3941 846 4004 et
867 3936 951 4020 quod
972 3936 1056 4020 geris
1075 3937 1223 4017 exterius,
1243 3934 1322 4001 illud
1343 3951 1448 4001 serves
1468 3932 1502 3998 irr
1524 3936 1644 3999 mente:
1664 3929 1885 4001 dismetionem
1899 3938 1988 4000 tuam

435 4054 597 4105 monemus
618 4043 652 4105 et
673 4037 839 4105 hortamur
858 4042 981 4104 attente
999 4056 1056 4121 per
1075 4037 1251 4121 apostolica
1271 4036 1330 4102 tibi
1352 4036 1472 4120 scripta
1493 4033 1688 4114 mandantes,
1711 4040 1868 4117 quatenus
1883 4035 1988 4102 hurni-

435 4137 558 4206 litatem
580 4144 614 4206 et
635 4139 801 4221 iustitium,
824 4140 920 4207 dente
941 4139 1076 4206 Domino
1103 4140 1158 4223 qui
1184 4140 1240 4207 dot
1269 4157 1400 4206 munera
1426 4141 1459 4204 et
1487 4134 1609 4220 premia
1631 4134 1793 4218 elargitur,
1821 4136 1989 4206 observare

436 4240 573 4324 studens,
596 4259 659 4326 qne
679 4260 771 4309 suum
791 4249 919 4310 seruant
939 4248 973 4310 et
994 4249 1178 4326 prnmovent
1198 4247 1400 4321 servatorem,
1427 4245 1461 4306 et
1487 4237 1660 4322 prodictam
1690 4237 1906 4306 Gneznensom
1938 4259 1989 4308 co·

436 4342 563 4410 clesiam
584 4362 733 4429 sponsam
756 4351 854 4428 tuam,
877 4363 968 4412 cures
995 4343 1129 4410 sollicite
1155 4349 1286 4411 auctmo
1314 4343 1448 4409 Domino
1477 4339 1687 4424 spiritualiter
1711 4344 1746 4406 et
1771 4342 1991 4425 temporaliter

436 4452 647 4529 augmentare.
704 4446 822 4515 Datum
860 4448 945 4532 opud
989 4446 1106 4514 Urbem
1145 4453 1283 4514 veterum
1320 4445 1428 4512 ldibus
1464 4442 1611 4526 Augusti,
1649 4442 1852 4525 pontificatus
1888 4443 1991 4511 nostri

435 4566 518 4617 enno
537 4550 642 4616 tertio.
