4476 6180
1931 8 2008 94 ibi
2095 141 2096 145 Ν

461 233 569 293 umes
590 210 785 302 temporibus
805 213 985 300 entullctis,
1007 235 1070 286 non
1086 212 1331 292 ¹manducantem
1352 235 1416 284 nnn
1437 222 1577 301 spumet
1605 218 1715 305 etqui
1736 238 1800 288 nnn
1828 217 2010 301 manducat,

461 341 522 396 nnn
542 318 661 388 iudicet
680 319 933 389 manducantem.
978 319 1319 388 Excommnnimcionis
1340 321 1529 403 sentencias,
1554 322 1665 408 sique
1691 323 1757 391 lete
1784 329 1860 391 sunt
1880 328 2012 410 propter

462 428 528 506 bne,
549 421 739 490 relaxantes.
763 439 766 445 ·
1816 500 1818 504 Α

566 527 717 602 (humo
736 524 982 604 archiepiscopus
1002 527 1086 590 debet
1107 528 1320 604 mffropuneor
1340 530 1473 593 uisitare.
1517 525 1615 593 Vobis
1641 531 1749 593 autem
1778 525 1905 593 domiue
1925 527 2011 595 Gne·

461 624 582 696 mensu
602 625 835 711 archiepiscope
857 628 890 692 in
911 627 1028 693 elrtute
1048 629 1158 693 sancte
1180 625 1358 693 obelieneIe
1379 626 1580 710 iniungimus,
1601 634 1639 694 ut
1659 633 1915 712 superterram
1936 648 2009 713 pro-

462 729 595 800 vinciam
613 729 790 812 vigilantes,
811 748 921 796 omnes
940 736 1062 797 vestros
1084 729 1297 812 suffraganeos
1319 733 1352 794 ot
1372 746 1480 796 eornm
1501 730 1649 797 eeclesias
1668 730 1759 798 annis
1787 729 1920 813 singulis
1941 749 2011 813 per·

459 831 610 906 sonaliter
629 830 775 911 visitetis,
797 832 1007 899 correccionis·
1023 838 1057 900 et
1077 831 1310 900 reformaciouis
1333 831 1469 898 cilicium
1491 834 1524 899 in
1546 833 1630 900 clero
1652 838 1686 907 et
1708 832 1824 916 populo
1839 833 2011 899 exercendo

459 940 492 1010 et
513 929 655 999 demtus
680 930 898 1015 episcoporum
924 932 1116 1018 supplendo;
1145 933 1316 1000 secundnm
1343 933 1427 1018 quod
1454 934 1487 1000 in
1516 936 1744 1002 constitucione
1773 935 2012 1003 assuetissimo

459 1040 549 1124 patre
569 1039 679 1101 nostro
700 1031 888 1100 Innocencio
908 1033 997 1118 Papo
1014 1041 1129 1120 quarto
1150 1053 1252 1121 nuper
1272 1034 1359 1101 edita
1379 1052 1476 1120 super
1489 1036 1671 1104 ulsitmione
1685 1036 1922 1121 arcbIepiscupi,
1942 1038 2011 1124 ple·

460 1138 529 1217 cius
550 1136 741 1204 continetur.

567 1239 680 1303 aura
703 1241 776 1312 illos,
798 1242 852 1317 pur·
871 1240 981 1304 catere
1002 1243 1080 1304 ouer
1101 1257 1201 1304 cruor
1245 1235 1406 1305 Noveritis
1427 1256 1485 1306 nos
1502 1238 1686 1309 mandatum
1707 1242 1861 1328 recepIsse
1883 1247 2011 1330 aposto-

459 1341 553 1414 lirum
573 1337 634 1406 sub
655 1337 716 1407 bac
736 1337 852 1407 forma:
913 1377 916 1383 ·

560 1439 764 1510 Innocentius
785 1441 951 1526 episcopus
971 1458 1080 1509 servus
1095 1458 1255 1509 serrorum
1269 1441 1340 1523 Dei,
1362 1440 1479 1509 dilecto
1492 1441 1558 1510 filio
1572 1442 1598 1512 1.
1612 1444 1832 1513 mobidaoono
1846 1445 2012 1514 leodiensi

270 1632 280 1649 ·
385 1508 389 1517 ⁵
460 1542 620 1630 capellano
638 1548 747 1610 nostro
768 1543 903 1611 salutem
924 1549 959 1612 et
980 1544 1186 1629 apostolicam
1215 1543 1470 1612 benedictionem
1515 1545 1594 1614 Cum
1616 1552 1649 1614 te
1669 1548 1703 1614 in
1721 1547 1894 1629 PolnnIam,
1915 1549 2010 1619 erra

458 1647 548 1729 aiem
569 1650 604 1713 et
623 1645 843 1715 Pomeraniam
864 1664 922 1731 pro
944 1645 1025 1713 bono
1053 1646 1181 1713 illarum
1204 1652 1361 1713 terrarum
1388 1653 1423 1714 et
1447 1650 1587 1733 partium
1616 1655 1705 1717 statu
1733 1649 1773 1715 de
1801 1649 1935 1719 irutrum
1956 1670 2013 1720 no·

459 1755 596 1819 atrorum
617 1748 747 1815 oonsilio
766 1746 947 1814 duxerimus
968 1747 1199 1830 destinandum,
1221 1748 1402 1818 discretioni
1422 1757 1477 1819 tue
1506 1752 1698 1837 presentium
1728 1753 1920 1820 auctoritate
1939 1771 2012 1821 con·

460 1849 608 1932 cedimus,
629 1856 667 1916 nt
687 1851 716 1916 si
736 1849 862 1936 aliquos
876 1851 1007 1918 clericos
1020 1851 1053 1917 in
1067 1850 1185 1916 eisdem
1200 1851 1356 1919 inveneris
1370 1855 1524 1936 partibus,
1543 1854 1597 1938 qui
1613 1854 1707 1937 plura
1720 1852 1881 1935 beneficia,
1903 1872 2012 1924 curam

458 1951 634 2030 ammarum
652 1970 807 2019 annuam
829 1951 979 2020 babentia
998 1952 1048 2019 rel
1071 1959 1274 2037 pomonotus,
1295 1961 1407 2022 contra
1428 1956 1685 2022 constitutionem
1705 1954 1836 2022 Concilii
1857 1955 2013 2040 generalia

459 2054 579 2140 absque
609 2055 842 2140 obmnuonne
867 2055 958 2122 Sedis
986 2056 1158 2142 apostolice
1184 2056 1325 2123 detinere
1353 2065 1544 2141 presumant
1574 2057 1752 2124 huiusmodi
1779 2064 2013 2142 presumptores

459 2157 618 2226 benedciIs
639 2175 695 2225 seu
717 2158 939 2242 personatibus
961 2177 1022 2244 que
1044 2159 1157 2224 ultimo
1179 2166 1365 2244 receperunt
1377 2157 1496 2226 iaciens
1518 2177 1587 2226 esse
1605 2166 1781 2240 contentos,
1802 2159 1868 2228 alia
1880 2160 2011 2245 ydoneis

459 2257 600 2328 conferre
620 2260 774 2344 personis,
795 2266 830 2328 et
850 2260 879 2326 ei
899 2259 983 2327 iorte
1000 2261 1057 2326 illa
1078 2262 1216 2328 retinere
1237 2260 1492 2344 contempserint,
1515 2280 1568 2329 eos
1588 2260 1734 2328 omnibus
1756 2261 1904 2346 spoliare,
1926 2263 2012 2347 ipsa·

458 2377 520 2445 qne
540 2360 613 2428 aIIIs
634 2361 749 2447 qmbua
770 2360 887 2428 rideris
908 2363 1021 2429 morito
1043 2361 1230 2429 conferenda
1252 2361 1422 2429 concedere
1443 2363 1561 2446 valeas,
1589 2368 1623 2430 et
1641 2365 1890 2431 contradictores
1910 2367 2011 2432 moni·

458 2463 544 2530 time
569 2463 724 2548 premisso
744 2481 801 2547 per
822 2481 987 2530 censorem
1007 2462 1262 2546 ecclesiasticam,
1284 2463 1495 2548 appellatione
1515 2465 1709 2548 postposita,
1731 2465 1906 2534 cohercere.
1947 2468 2012 2536 Da-

264 2512 273 2673 Ξ
405 2541 420 2565 ”
459 2570 526 2632 turn
548 2564 695 2651 Lugduni
715 2565 795 2633 XIII
816 2566 976 2633 Kalendas
996 2565 1190 2648 Decembris,
1212 2567 1414 2650 pontificatus
1435 2567 1536 2634 nostri
1558 2584 1641 2633 anno
1663 2567 1784 2651 quinte.

251 3374 264 3443 l

247 3549 258 3723 i

245 3728 254 3846 ξ

245 4016 253 4042 i

246 4184 256 4239 ἱ
344 4195 347 4200 .

251 4426 262 4537 ⁸.

563 2666 644 2735 Cum
665 2668 764 2752 Igitur
785 2668 925 2738 nondum
947 2669 1157 2736 invenerimus
1178 2670 1211 2735 in
1233 2670 1376 2754 portibus
1393 2670 1465 2736 istis
1478 2668 1615 2753 abquem
1630 2668 1779 2735 clericum
1794 2669 1834 2736 de
1851 2670 2012 2753 predictis,

460 2788 519 2839 uec
546 2770 686 2838 invenire
714 2789 891 2855 possumus,
909 2771 971 2837 nisi
992 2790 1050 2855 per
1069 2788 1136 2853 ros,
1165 2772 1220 2856 qni
1247 2771 1371 2838 vultum
1399 2771 1497 2838 vestri
1523 2770 1660 2854 pecteris
1687 2769 1809 2838 debetis
1833 2789 2012 2855 agnescere,

459 2872 628 2957 dlligenter
654 2872 746 2939 nobis
776 2871 873 2939 inerit
898 2873 1069 2940 revelatus:
1105 2890 1163 2940 nos
1186 2874 1348 2957 cupientes
1377 2872 1560 2939 mandatum
1595 2873 1804 2956 apostolicum
1829 2873 2012 2958 adimplere,
2056 2949 2060 2958 ,

383 3036 388 3041 .
461 2974 550 3043 robis
567 2974 763 3044 authoritate
784 2976 928 3060 prelicta
949 2993 1013 3060 qna
1032 2974 1193 3059 fungimur
1213 2976 1247 3041 in
1260 2975 1377 3042 virtute
1392 2980 1506 3041 sancte
1515 2973 1695 3042 obediencie
1709 2974 1910 3059 precipiendo
1924 2995 2013 3043 man·

459 3075 581 3160 damus,
603 3076 755 3161 quadnus
774 3076 859 3144 inira
880 3076 1058 3163 quindecim
1073 3077 1141 3144 dies
1155 3084 1322 3162 postquam
1337 3076 1379 3144 ad
1392 3075 1541 3160 dyoceses
1554 3082 1676 3144 vestm
1689 3077 1858 3158 redieritis,
1878 3077 2012 3162 quilibet
2030 3134 2031 3138 ,

459 3196 497 3246 ex
517 3178 607 3246 robis
627 3179 700 3246 illos
722 3197 801 3265 qnos
820 3181 854 3245 in
875 3197 934 3247 sna
955 3179 1091 3264 dyocesi,
1112 3178 1199 3246 iacta
1219 3178 1361 3264 diligenti
1383 3178 1600 3262 inquisicione,
1622 3179 1778 3245 invenerit
1805 3179 1893 3246 dicta
1919 3177 2012 3247 bene·

459 3280 530 3348 beia
549 3281 701 3362 detinere,
722 3281 772 3349 rel
794 3288 1015 3368 procuratores
1035 3301 1143 3349 eorum
1165 3288 1292 3349 moneat
1312 3281 1489 3365 diligenter,
1510 3281 1561 3348 rel
1579 3280 1620 3348 ad
1642 3297 1750 3348 eorum
1772 3280 1933 3348 domicilla
1945 3299 2013 3349 mo-

459 3383 613 3451 nldonem
634 3383 729 3450 istam
751 3400 858 3451 coram
878 3383 970 3450 bonis
989 3385 1066 3452 ritis
1087 3383 1361 3452 mauruncium:
1383 3389 1422 3450 ut
1438 3382 1589 3465 ‚videlicet
1602 3382 1743 3468 *quilibet
1764 3401 1803 3450 ex
1825 3384 1904 3467 ipsis
1917 3383 2013 3451 bene·

248 3446 260 3543 i
375 3536 379 3540 -
459 3484 530 3556 ocio
551 3491 680 3572 recepto
701 3485 815 3553 ultime
837 3487 881 3552 sit
902 3493 1070 3553 contentus
1092 3491 1126 3553 et
1146 3485 1233 3553 abud
1254 3484 1304 3551 rel
1325 3485 1390 3552 alia
1411 3485 1451 3552 de
1464 3484 1550 3553 iacto
1564 3486 1714 3568 resignet,
1734 3484 1786 3553 rel
1804 3483 1888 3553 inira
1900 3485 2012 3570 rignei

459 3584 525 3654 dles
545 3593 621 3672 post
640 3589 848 3663 monitionem
866 3588 1051 3672 predictam,
1072 3588 1162 3656 robis
1184 3587 1463 3672 dispensacionem,
1486 3587 1515 3653 si
1538 3605 1633 3672 quom
1659 3587 1756 3654 babet
1777 3587 1818 3654 ab
1838 3587 2014 3671 apostolica

456 3687 539 3758 Sede
559 3708 655 3774 snper
674 3689 792 3757 eisdem
814 3689 985 3772 beneficiis,
1017 3696 1227 3775 representem
1252 3694 1286 3756 et
1314 3688 1343 3754 si
1365 3686 1448 3755 forte
1469 3707 1533 3756 non
1558 3688 1656 3756 babet
1681 3689 1950 3774 dispensacionem
1971 3689 2012 3757 ab

459 3792 567 3860 eudem
589 3791 680 3875 Sede,
707 3811 777 3860 earn
806 3793 955 3877 impetret
980 3794 1131 3877 vobisque
1164 3796 1359 3887 representet
1385 3789 1469 3858 inire
1497 3797 1624 3859 octavas
1656 3793 1798 3875 proxime
1827 3790 2012 3876 Epiphania

459 3893 608 3978 Alioquin
640 3895 759 3977 primos
792 3900 1027 3979 proscriptores
1052 3895 1169 3979 elapsis
1195 3893 1306 3977 viginti
1334 3892 1444 3958 diebus
1471 3893 1632 3977 predictis,
1660 3899 1695 3959 et
1723 3894 1875 3960 secundos
1896 3893 2013 3977 elapsIs

459 3996 635 4081 qulndecim
656 3997 766 4064 diebus
788 3997 948 4081 predictis,
972 3996 1129 4065 beneflciis
1151 4015 1207 4063 seu
1228 3995 1449 4080 personatibus
1463 4014 1524 4079 que
1538 3995 1640 4079 primo
1654 4000 1848 4078 receperent,
1870 3996 2014 4079 predicta

459 4098 655 4166 authoritate
676 4099 846 4182 privamus.
892 4099 981 4167 Etsi
1003 4100 1060 4166 illa
1081 4099 1164 4166 iente
1186 4095 1404 4165 contenderint
1430 4097 1575 4178 retinere,
1605 4114 1659 4164 eos
1688 4096 1834 4163 omnibus
1862 4097 2013 4180 predictis

459 4199 523 4266 suis
544 4199 705 4267 beneficiis
726 4200 961 4268 sentencialiter
978 4201 1151 4284 spellamus
1172 4204 1206 4266 et
1227 4217 1265 4265 or
1288 4203 1364 4264 tunc
1378 4199 1528 4266 vacancia
1546 4200 1760 4280 nuncciamus,
1784 4199 1956 4265 retinentes
1975 4217 2014 4265 ea

460 4301 621 4369 collationi
643 4305 762 4383 nostre,
783 4309 819 4369 et
839 4302 1065 4370 denunciantes
1085 4303 1277 4369 auctoritate
1299 4299 1441 4384 predicta
1458 4302 1584 4368 irritum
1613 4308 1648 4368 et
1674 4302 1768 4368 inane
1793 4301 1946 4387 quidquid
1972 4300 2013 4367 ab

461 4401 565 4487 duno
589 4402 663 4484 alio,
695 4421 792 4488 qnam
813 4404 955 4485 anobis,
986 4422 1081 4488 super
1116 4404 1287 4470 collacione
1313 4402 1438 4468 illorum
1471 4402 1568 4469 inerit
1595 4409 1832 4488 attemptatum.
1877 4404 2014 4470 Nomina

464 4499 566 4572 eutem
587 4505 724 4586 illorum,
745 4523 825 4588 quos
846 4512 884 4572 nt
900 4506 1075 4590 predictum
1098 4511 1149 4571 est
1170 4506 1304 4589 quilibet
1323 4523 1363 4570 er
1385 4505 1474 4571 vobis
1495 4506 1528 4571 in
1547 4505 1673 4589 dyocesi
1701 4524 1762 4572 sua
1787 4506 1945 4573 monuerit
1965 4506 2013 4571 in·

466 4600 514 4670 ira
531 4606 631 4673 dictes
651 4607 765 4690 viginti
785 4607 864 4689 dies,
893 4608 984 4674 nobIs
1005 4607 1064 4675 sub
1089 4607 1192 4690 sigillo
1214 4625 1272 4672 sun
1293 4607 1414 4689 scripta
1437 4608 1582 4673 remittat
1606 4607 1752 4690 fideliter,
1778 4609 1806 4674 si
1827 4608 1945 4675 minen
1965 4607 2013 4673 in·

468 4701 640 4775 Mlencie
656 4714 693 4776 et
714 4710 927 4793 srrspensioris
948 4708 1140 4776 sentenciam
1162 4708 1322 4774 incurrere
1342 4726 1406 4774 uon
1426 4710 1629 4793 contempnit

567 4813 610 4874 Be
629 4815 799 4883 mldmeiu
820 4814 968 4879 comtum
998 4811 1176 4879 Abbatibus
1198 4817 1303 4877 eutem
1326 4810 1516 4894 precipimus
1537 4817 1575 4876 ut
1588 4811 1767 4877 occasiones
1781 4809 1910 4876 frivolas
1923 4810 2011 4894 aaut

474 4909 553 4978 laudi
569 4931 630 4982 oon
650 4921 794 4999 queram,
816 4913 926 4981 sedin
948 4914 1147 4981 monasteriis
1170 4912 1235 4980 suis
1256 4911 1417 4980 resideant
1435 4918 1471 4979 et
1491 4913 1640 4979 intersint
1653 4912 1768 4984 eburis
1781 4911 1903 4998 ciliciis,
1925 4911 2012 4979 dido
