4860 6180
298 475 306 487 '
439 457 559 566 sss

433 688 492 758 dis
537 690 640 772 Quum
665 690 748 757 cninr
774 691 913 776 episcopi
943 691 975 758 in
1001 689 1141 758 ecclsiis
1171 691 1237 758 suis
1266 690 1498 759 mthcdrulibus
1526 698 1560 758 et
1580 690 1652 758 aliis
1672 689 1862 775 supradietis
1886 691 1992 776 pluras

434 791 573 860 babeant
593 791 734 860 conferre
755 791 854 860 bouus
875 794 1059 878 prebendas,
1094 794 1188 860 nimis
1221 801 1306 862 essct
1327 795 1473 861 indecens
1495 799 1529 860 ct
1551 792 1722 878 indignum,
1750 796 1901 878 grnviquc
1922 810 1992 860 scu·

437 894 537 963 tentio
558 900 755 961 mererentur
775 896 947 978 subiuooro,
969 897 996 962 si
1020 915 1114 963 urtam
1144 916 1184 964 cx
1213 897 1277 963 illis
1302 916 1365 963 nou
1395 896 1588 963 eorrtulurint
1619 895 1714 962 alicui
1736 895 1817 963 bouo
1839 897 1917 978 viro,
1939 894 1991 962 cui
2087 894 2089 900 ’

372 1004 382 1024 ·
433 1001 517 1065 toste
539 996 731 1064 couscientia
757 998 880 1082 possint
910 999 1106 1066 committere
1126 999 1212 1066 vicos
1232 1017 1308 1065 suas
1329 998 1363 1063 iu
1384 995 1530 1064 omuibus
1556 998 1756 1082 supradictis,
1779 995 1812 1066 ct
1834 998 1888 1082 qui
1910 997 1990 1064 illud

437 1097 578 1166 officium
599 1118 670 1167 eum
692 1100 795 1168 solute
816 1118 875 1168 suo
895 1107 929 1168 et
950 1101 1167 1169 confitentium
1188 1100 1266 1167 velit
1286 1105 1321 1168 et
1341 1100 1447 1168 vdent
1467 1117 1622 1168 exercere

539 1307 591 1368 10.
635 1306 682 1369 Bc
706 1311 912 1370 mmtitcmrdo
940 1311 1066 1385 officiali
1092 1312 1124 1370 in
1150 1308 1281 1385 quatita
1310 1310 1438 1371 emissio
1458 1309 1637 1371 cmlrcdruli.
1681 1304 1726 1372 Et
1747 1305 1891 1372 neforto
1916 1324 1991 1373 oon·
2072 1332 2090 1338 ¹·

438 1404 543 1490 tinget
563 1405 663 1473 stulto
685 1406 801 1488 laboro,
824 1409 907 1475 sicut
927 1408 1046 1476 dictum
1068 1407 1129 1474 iuit
1152 1407 1266 1491 Mopsi,
1290 1426 1345 1475 sos
1367 1408 1518 1489 consumi,
1541 1406 1642 1473 sisoli
1655 1407 1761 1474 velitis
1776 1409 1881 1475 omnia
1895 1427 1991 1492 nego·

397 1508 400 1514 '
432 1507 480 1576 tia
497 1514 674 1577 vestrarum
694 1509 865 1577 diocesium
887 1517 1084 1595 supportare,
1113 1510 1162 1576 rel
1182 1529 1222 1576 ne
1243 1510 1411 1577 videamini
1432 1510 1562 1590 iustitie¹
1577 1509 1781 1591 neglectores,
1810 1510 1837 1576 si
1859 1529 1917 1594 per
1937 1528 1992 1576 vos

433 1608 520 1694 ipsos
534 1610 585 1678 rel
600 1629 657 1695 por
670 1611 767 1677 obum
782 1630 845 1679 nou
859 1615 976 1680 curetis
990 1613 1125 1680 subditis
1146 1611 1261 1678 restris
1282 1613 1439 1679 iustitiam
1460 1611 1616 1692 exhibere,
1638 1611 1837 1679 mandemus:
1859 1618 1898 1679 ut
1918 1612 1989 1695 qui·

432 1710 512 1779 libet
532 1719 673 1780 restrum
701 1711 865 1781 officialem
887 1735 979 1782 suum
1000 1717 1034 1782 iu
1056 1715 1184 1781 civitate
1205 1731 1264 1781 sua
1284 1714 1376 1780 iustu
1395 1713 1560 1780 ecclesiam
1581 1712 1794 1781 cathedralem
1815 1715 1990 1781 constituat

412 1867 415 1874 .
435 1819 470 1883 et
487 1814 655 1900 relinquat,
671 1816 774 1882 virum
789 1817 899 1900 utique
913 1819 1085 1898 litsmtrmr,
1100 1817 1265 1901 providum
1286 1822 1320 1884 ct
1340 1816 1521 1898 decretum,
1543 1816 1594 1882 cui
1615 1815 1699 1883 vices
1720 1834 1795 1883 suas
1815 1816 1993 1884 committat

433 1915 574 2002 plenarie
599 1916 633 1984 in
660 1918 763 1984 oensis
791 1919 955 1987 audiendis
981 1927 1015 1987 et
1038 1937 1172 1987 censum
1192 1917 1405 1985 ecelesiastica
1425 1918 1607 1986 exercenda
1650 1917 1718 1986 Vos
1744 1925 1853 1985 sutem
1886 1920 1920 1985 in
1941 1918 1992 1984 bis

433 2037 496 2104 que
521 2017 563 2089 ad
587 2038 659 2087 eum
686 2021 847 2104 pertinent
874 2022 1052 2105 specialiter
1072 2021 1258 2102 intendetis,
1284 2027 1321 2086 et
1340 2020 1470 2101 maiora,
1495 2020 1524 2087 si
1545 2037 1624 2103 opus
1644 2017 1752 2102 inerit,
1771 2018 1812 2086 ad
1833 2037 1889 2087 vos
1911 2018 1991 2087 reie-

436 2127 557 2191 rmtnr.
601 2122 646 2190 Et
670 2123 786 2191 habeat
812 2124 946 2209 quilibet
975 2123 1117 2192 cifimus
1147 2123 1287 2208 sigillum
1315 2123 1403 2190 curie
1432 2121 1553 2189 domini
1570 2121 1630 2204 sui,
1653 2139 1711 2205 pm
1732 2121 1937 2189 citationibus
1958 2126 1992 2188 et

437 2223 509 2292 aliis
529 2225 610 2293 actis
631 2244 737 2293 coram
758 2226 828 2310 ipso
848 2227 964 2293 habitis
985 2226 1168 2310 sigillandis.
1196 2224 1241 2292 Et
1261 2225 1302 2292 ad
1324 2225 1428 2308 ipsum
1449 2223 1602 2291 accedant
1619 2242 1774 2308 pauperes
1795 2231 1829 2290 et
1847 2225 1992 2308 oppressi

433 2331 468 2393 et
499 2327 566 2394 suis
597 2327 726 2395 decimis
753 2334 787 2395 et
812 2326 884 2393 aliis
916 2327 1053 2410 spoliati,
1086 2346 1207 2394 necnon
1236 2325 1293 2392 alii
1315 2326 1415 2393 totius
1435 2325 1579 2409 diocesis,
1601 2327 1657 2410 qui
1678 2325 1797 2393 habent
1815 2345 1927 2395 cousus
1948 2326 1991 2393 ud

431 2424 536 2506 lorum
558 2428 804 2498 ecclesiasticum
834 2429 1037 2513 pertinentes.
1081 2429 1126 2496 Et
1154 2431 1223 2513 ipse
1245 2447 1288 2512 ,se
1312 2427 1470 2509 exhibeat,
1492 2428 1687 2512 sapientibus
1708 2434 1742 2494 et
1759 2427 1991 2512 insipientibus,

434 2529 557 2598 iustitie
577 2529 768 2599 debitorem:
798 2531 885 2598 salvo
906 2532 976 2599 iure
996 2530 1296 2612 archidiaconorum,
1324 2529 1380 2616 qui
1402 2521 1686 2598 consueverunt'iu
1706 2530 1774 2598 suis
1795 2530 1990 2598 archidiaco-

438 2632 567 2701 natibus
589 2651 754 2710 eeusumm
775 2633 1018 2701 ecclesiasticam
1039 2651 1198 2701 exercere:
1221 2631 1377 2717 equibus
1399 2639 1506 2700 tamen
1533 2635 1674 2718 potnerit
1690 2634 1733 2702 ad
1753 2634 1873 2701 dictum
1893 2632 1993 2701 oflici-

433 2733 527 2818 alem,
561 2741 595 2803 et
631 2736 671 2803 ab
692 2737 761 2821 ipso
797 2735 922 2804 officiali
959 2737 1001 2803 ad
1035 2737 1139 2821 ipsum
1163 2725 1433 2820 archiepiseopum
1454 2735 1505 2803 rel
1527 2733 1694 2803 officialem
1726 2736 1795 2804 eius
1826 2754 1866 2803 ex
1886 2736 1990 2804 musis

433 2837 673 2906 rationabilibus
704 2838 867 2923 appellari.
911 2837 1050 2920 Quilibet
1070 2845 1177 2906 autem
1198 2837 1352 2919 officialis,
1374 2838 1512 2907 officium
1533 2857 1626 2905 suum
1645 2838 1680 2905 lu
1701 2835 1782 2907 festo
1802 2839 1903 2906 sancti
1934 2838 1985 2906 Io·

438 2938 553 3010 hunnis
575 2946 722 3009 teneatur
742 2941 775 3007 iu
788 2959 900 3007 manus
922 2941 1061 3025 episcopi
1082 2941 1174 3007 aunis
1195 2940 1329 3025 singulis
1351 2941 1524 3024 resignare
1548 2946 1582 3007 et
1602 2940 1769 3025 episcopus
1788 2941 1922 3009 eundem
1941 2941 1991 3009 rel

438 3041 536 3110 alium
557 3039 640 3111 inira
660 3048 732 3109 octo
750 3042 818 3109 dies
840 3042 1033 3110 substituere
1053 3042 1123 3110 loeo
1144 3043 1212 3108 eius
1233 3042 1370 3125 student,
1392 3049 1489 3126 prout
1509 3041 1668 3109 ridebitur
1689 3043 1846 3128 expedire.
1868 3042 1990 3110 Datum

437 3143 523 3232 apud
545 3143 667 3213 Urbem
686 3149 823 3213 veterem
844 3144 891 3210 VI
910 3144 1071 3212 Kalendas
1091 3142 1283 3228 Decembris,
1302 3143 1505 3230 pontificatus
1518 3143 1620 3213 nostri
1640 3163 1724 3213 auno
1742 3145 1887 3214 secuudo.

434 3354 549 3418 sarona
568 3353 644 3417 283.
695 3354 809 3417 Wicm
831 3354 853 3413 7
873 3354 915 3414 od
934 3354 1024 3426 doiu,·
1044 3370 1119 3416 zoin.
1142 3349 1270 3431 illustri,
1290 3371 1340 3415 ma
1360 3352 1438 3432 6061
1459 3350 1602 3418 illusum.

487 3455 517 3540 '„
572 3455 647 3521 296.
696 3457 809 3520 Wicrsz
831 3455 876 3517 17
898 3457 938 3517 06
956 3452 1047 3533 0600·
1068 3472 1145 3519 zum.
1164 3470 1268 3536 quem,
1291 3473 1340 3518 mu
1361 3455 1439 3540 bpdi
1460 3471 1565 3537 quum.

500 3604 518 3640 „
573 3557 648 3623 328.
693 3560 748 3623 60.
769 3557 845 3622 368.
875 3548 1086 3633 oojodntentm
1103 3554 1247 3638 Peczino,
1270 3554 1438 3623 moroso
1456 3561 1523 3637 006
1541 3576 1578 3621 m
1606 3560 1756 3638 cmpos

501 3707 519 3745 ,
571 3661 647 3726 sss.
698 3661 812 3724 Wrssz
834 3661 878 3721 ra
898 3642 939 3722 ia
959 3661 1042 3734 osu,
1064 3677 1142 3723 zon.
1164 3656 1357 3740 cessurus
1378 3678 1429 3724 ma
1448 3661 1524 3740 opu
1544 3659 1736 3727 menania

501 3810 519 3847 „
569 3762 647 3828 336.
698 3765 812 3826 Wicrsz
834 3763 879 3825 13
899 3765 940 3825 od
960 3765 1044 3842 coru,
1065 3780 1142 3827 zum.
1165 3779 1222 3844 per
1242 3767 1416 3843 mussant,
1436 3764 1544 3843 czytm'
1561 3767 1790 3844 pertranseunt.

499 3912 517 3949 „
568 3866 644 3931 311.
688 3867 741 3929 Νν.
763 3866 839 3930 389.
884 3863 1082 3928 Pordnnunie
1102 3862 1189 3928 ktdrae
1209 3865 1421 3946 0010000116Μο
1442 3887 1460 3928 ι
1481 3868 1673 3944 0000600100
1690 3868 1831 3940 musula
1854 3870 1890 3930 ie
1913 3869 1988 3930 datu

698 3970 764 4044 jem
784 3988 802 4030 z
820 3989 848 4033 r.
869 3968 956 4030 1268
977 3987 998 4031 a
1017 3972 1068 4032 nie
1089 3988 1108 4030 z
1127 3986 1156 4032 r.
1176 3968 1274 4033 1266.
1325 3970 1353 4033 6
1367 3974 1551 4047 perpernam
1570 3974 1635 4032 miri
1650 3988 1760 4049 pum
1773 3972 1991 4056 niedrfconcpo

703 4071 1037 4147 0000000]0600610;
1054 4068 1180 4154 pieczpd
1196 4074 1316 4135 militm
1542 4105 1545 4111 Δ
2000 4149 2003 4156 .

501 4219 518 4257 „
577 4174 653 4238 318.
704 4171 900 4249 objuinientc
922 4176 961 4236 do
981 4175 1035 4236 Nr.
1051 4173 1125 4248 393,
1141 4172 1275 4238 Dretiuo
1296 4170 1445 4255 episcopi,
1467 4177 1517 4237 nic
1530 4177 1595 4250 jesi
1616 4173 1753 4258 600206,
1774 4178 1854 4254 talto
1878 4176 1989 4256 80006.

502 4324 519 4359 „
572 4277 649 4341 367.
701 4277 815 4339 Wierrz
837 4277 880 4337 26
902 4279 943 4338 od
968 4278 1049 4351 dots,
1074 4295 1147 4339 zum
1177 4280 1313 4359 poterun
1343 4273 1555 4357 tobtinebunt,
1584 4296 1633 4339 aaa
1660 4277 1738 4357 6061
1762 4282 1913 4359 poterimt
1935 4277 1991 4345 ob·

695 4376 849 4444 timebunt.

501 4527 517 4562 „
569 4479 645 4544 376.
689 4483 744 4545 Nr.
766 4481 840 4543 121.
892 4481 1043 4559 00000ιο1
1071 4491 1139 4560 1000
1163 4485 1343 4546 domnacum
1369 4486 1518 4560 znupiirv'e
1541 4488 1630 4567 01000
1658 4484 1848 4559 Wrociusviu,
1872 4487 1990 4549 Archiv.

696 4586 825 4662 Capituli
847 4586 883 4644 A.
906 4587 939 4643 Α.
959 4583 1012 4662 26,
1035 4591 1203 4663 0001οι0πο
1219 4589 1375 4669 pieczpcip
1396 4588 1510 4670 6010010
1532 4589 1711 4667 Boreum,
1727 4586 1864 4671 (pieczpd
1880 4590 1986 4662 XVI),

691 4704 734 4748 nu
745 4687 1022 4761 niciucbjedmubru
1038 4691 1279 4766 miraruntosrpclr
1292 4693 1527 4772 przpmieszomp.
1552 4693 1634 4768 Przy
1642 4688 1844 4768 0006000000
1862 4712 1879 4752 z
1895 4694 1991 4775 lcopjn

691 4789 824 4864 Dopielu,
847 4789 976 4866 oduzuiy
997 4792 1042 4871 riq
1061 4797 1208 4872 00010000
1229 4787 1365 4853 ro'lrrice:

803 4892 916 4954 li'iern:
938 4891 960 4950 2
981 4893 1022 4951 od
1037 4894 1200 4974 000οε0110,
1216 4895 1338 4970 6001οΙ.ι
1360 4899 1561 4973 pereuntibus,
1584 4912 1656 4955 :ara
1672 4890 1897 4975 perhennutuu
1919 4892 1990 4960 Ilo

693 5009 783 5074 oque,
810 5013 885 5056 ιιιιιι.
908 4991 1051 5073 ilicoque.
1092 4992 1413 5072 16100001060600,
1437 4997 1513 5071 600.
1537 4992 1701 5074 Vlmlisloi,
1724 5015 1798 5057 zum
1822 4993 1988 5060 Vloriiului.

699 5098 812 5158 Wiersz
834 5099 856 5157 5
878 5099 918 5157 od
936 5095 1021 5174 0600,
1044 5099 1119 5173 600.
1143 5094 1228 5178 quud
1249 5101 1466 5175 concumunlu,
1489 5117 1564 5160 ιαιιι.
1580 5095 1750 5178 quodcum
1772 5104 1988 5164 concurrente.

698 5198 1315 5281 61000070010600,600.01ιιοιιοιιῑῐ,
1346 5219 1421 5263 emir.
1444 5197 1610 5281 placuerit.
1661 5199 1988 5280 6100001906οὀνο,

693 5301 767 5377 600.
790 5299 947 5379 Murrnon,
970 5321 1043 5362 τιιιιι.
1066 5300 1221 5366 Μιιοἰιιον.
1272 5303 1385 5364 Wierr:
1409 5304 1448 5362 11
1473 5305 1514 5362 od
1535 5299 1619 5380 pdry,
1652 5303 1727 5380 600.
1751 5301 1887 5383 Zdunki,
1912 5323 1988 5366 zoua.

692 5399 824 5466 Scluuki.
865 5406 979 5468 illurn:
1005 5405 1207 5477 15066010,
1233 5405 1307 5481 600.
1329 5403 1478 5485 prcwodi,
1501 5423 1574 5466 :mro
1597 5403 1724 5486 provod.
1746 5403 1885 5485 Strosuu,
1909 5425 1987 5470 sura.
