4860 6180
433 609 509 684 teo

350 876 356 887 ,
432 809 572 880 melleet
592 808 808 878 exactionibus
829 810 895 877 sint
916 808 1063 891 absoluti,
1092 808 1213 876 scilicet
1238 806 1393 892 praecedi,
1419 812 1534 888 strum,
1565 804 1727 892 palwodu,
1755 824 1873 890 powez,
1895 811 1978 887 stan,

433 913 636 1002 podelbruna,
659 913 830 996 chloclnice,
851 913 1029 999 powolowe
1052 912 1284 1000 construetione
1306 916 1490 992 antrorum,
1513 917 1548 978 ot
1568 910 1597 977 si
1618 928 1680 994 que
1700 915 1776 976 sunt
1800 909 1863 975 alie
1888 927 1979 976 exac-

432 1017 546 1086 tiones.
589 1016 678 1084 Nulli
698 1037 773 1102 erpo
795 1017 955 1084 inominum
973 1017 1068 1083 liceat
1090 1016 1230 1099 aliquam
1251 1016 1455 1097 exactionem,
1477 1012 1516 1081 de
1530 1013 1599 1081 iura
1614 1020 1671 1081 aut
1685 1013 1909 1082 consuetudine
1923 1012 1980 1080 hu·

368 1127 373 1139 ‘
431 1119 532 1189 bitem
550 1119 600 1188 vel
621 1119 805 1203 habendum,
839 1120 923 1188 inira
942 1121 1227 1220 omnes‘terminoa
1253 1119 1382 1187 claustri
1411 1118 1451 1185 de
1477 1116 1613 1185 boensi
1633 1137 1655 1184 a
1676 1135 1801 1201 quoque
1819 1117 1980 1184 hominum

431 1223 565 1309 empore,
586 1228 644 1292 aut
663 1224 756 1292 modo
777 1224 885 1309 ulique
905 1229 1093 1307 extorquere
1114 1223 1155 1291 ad
1175 1241 1255 1308 opus
1275 1227 1420 1288 nostrum
1439 1222 1504 1289 sive
1524 1221 1566 1289 ad
1584 1239 1664 1305 opus
1678 1221 1812 1289 alienius
1825 1219 1980 1288 beroam

431 1326 482 1396 vel
503 1325 685 1396 officialium
704 1333 899 1411 nostrorum;
921 1347 1054 1413 quorum
1077 1327 1317 1407 iurisdictiones,
1340 1325 1367 1392 si
1387 1343 1449 1409 que
1469 1324 1598 1393 luerunt
1624 1325 1777 1392 hactenus
1806 1325 1839 1390 in
1864 1323 1980 1391 eisdem

431 1429 519 1514 iocis,
541 1449 599 1516 per
619 1436 796 1514 presentem
817 1430 1046 1515 indulgenciam
1067 1431 1211 1498 volumus
1232 1430 1358 1497 omnino
1378 1431 1529 1497 enervari.
1560 1429 1715 1497 Volumus
1729 1430 1838 1512 eciam,
1861 1435 1900 1495 ut
1914 1427 1984 1495 nul-
2062 1475 2068 1490 .

431 1534 483 1603 lna
502 1533 543 1602 de
564 1532 742 1601 hominibus
774 1534 852 1602 dieti
884 1535 1014 1602 claustri
1035 1535 1075 1603 ad
1098 1552 1315 1620 quameunque
1343 1551 1377 1601 se
1405 1540 1530 1601 moreat
1557 1532 1800 1618 expedicionem,
1833 1532 1895 1598 nisi
1925 1549 1983 1615 pro

435 1637 592 1705 communi
613 1636 792 1706 defensione
815 1642 907 1705 term
955 1636 1035 1706 Cum
1056 1645 1162 1707 autem
1184 1637 1351 1723 eontigerit
1372 1655 1430 1704 nos
1452 1642 1509 1704 aut
1531 1642 1656 1705 nostros
1671 1636 1801 1704 hcreles
1815 1641 1907 1703 extro
1920 1638 1984 1701 ter·

435 1757 505 1808 ram
525 1739 757 1826 expedicionem
778 1758 904 1808 movere
926 1747 1051 1809 nostros
1072 1741 1203 1810 iniurias
1225 1740 1426 1824 ulciscendo,⁴
1441 1740 1595 1823 volumus,
1623 1747 1662 1807 ut
1688 1739 1817 1807 claustri
1845 1737 1984 1807 eiusdem

434 1842 647 1913 hereditatum
663 1843 766 1910 incole
785 1862 807 1911 a
828 1845 943 1912 talibus
962 1845 1218 1932 expedicionibos
1239 1845 1388 1926 absoluti,
1405 1863 1463 1928 per
1484 1862 1519 1911 se
1541 1849 1575 1910 et
1594 1862 1653 1911 sua
1665 1844 1833 1928 vectigal'm
1844 1843 1886 1911 ud
1901 1861 1981 1926 opus

294 1972 297 1978 ·
433 1945 512 2016 dicti
533 1945 663 2015 clausffl
683 1946 810 2014 assidue
830 1966 866 2015 se
887 1948 1023 2016 invitent
1043 1967 1101 2033 pm
1123 1948 1248 2016 domine
1269 1947 1429 2016 abbatisse
1448 1953 1482 2014 et
1502 1965 1630 2014 suorum
1646 1945 1826 2015 officialium
1841 1965 1897 2014 seu
1911 1965 1985 2031 pro·

434 2054 616 2119 auratorum
636 2049 810 2132 voluntate,
831 2050 931 2119 donee
951 2048 1086 2119 minino
1109 2051 1304 2136 propiciante
1325 2050 1367 2118 ad
1389 2051 1517 2136 propria
1547 2058 1751 2119 revertamur.
1795 2049 1876 2119 Item
1896 2051 1985 2120 volu·

434 2170 507 2221 mne
527 2157 562 2221 et
581 2151 776 2236 mandamus,
798 2158 836 2220 ut
857 2160 1076 2239 procuratores
1098 2155 1295 2222 dominarum
1316 2154 1356 2221 de
1370 2153 1516 2236 Owensk,
1535 2174 1594 2239 pro
1609 2155 1730 2223 cunctis
1745 2156 1986 2224 necessitatibus

436 2274 545 2327 earnm
566 2275 624 2342 per
645 2261 746 2324 totam
766 2263 884 2324 terrum
905 2264 1047 2325 nostram
1067 2258 1136 2326 sine
1157 2258 1316 2325 solucione
1336 2257 1475 2326 thelonei
1495 2257 1594 2325 libere
1616 2276 1740 2342 semper
1760 2258 1917 2326 incedant
1950 2256 1985 2325 Si

439 2378 503 2447 que
519 2365 627 2428 autem
648 2359 841 2428 hereditates
859 2361 927 2429 sive
948 2361 1094 2430 civimtes
1114 2362 1180 2429 sive
1194 2361 1264 2429 lora
1283 2360 1447 2428 adomina
1460 2359 1623 2428 abbatissa
1637 2360 1731 2427 titulo
1745 2359 1915 2444 empcionis
1929 2378 1986 2427 seu

433 2462 690 2533 commutacionis
711 2463 848 2547 aquine
868 2463 997 2545 fuerint,
1015 2483 1072 2532 sen
1093 2464 1199 2532 oblate
1218 2484 1277 2549 pre
1305 2464 1444 2532 remedio
1470 2463 1657 2546 mimarum,
1682 2462 1733 2531 vel
1754 2483 1775 2531 a
1795 2461 1986 2547 quibuscun·
2106 2453 2110 2457 ’

433 2585 496 2652 que
523 2565 641 2634 donata
666 2564 795 2647 inerint,
824 2566 1039 2651 suprascripta
1064 2566 1099 2634 in
1119 2567 1264 2634 omnibns
1289 2567 1447 2652 gandam
1475 2565 1631 2634 libertate
1676 2565 1823 2650 mergo
1851 2566 1910 2634 hee
1929 2584 1986 2634 no-

436 2674 506 2738 stra
526 2667 723 2737 confirmatio
743 2674 897 2754 perpetuo
918 2669 1143 2747 inviolabillter
1163 2677 1351 2756 perseveret,
1373 2688 1503 2755 presens
1523 2670 1677 2754 scripturn
1691 2669 1794 2736 nostri
1808 2668 1903 2752 sigilli
1916 2668 1986 2736 mu·

433 2771 552 2840 nimine
572 2769 835 2838 confirmavimus.
880 2769 936 2838 Hii
956 2777 1034 2839 sunt
1046 2779 1160 2841 testes:
1182 2773 1369 2841 venerabilis
1382 2780 1474 2858 pater
1487 2772 1632 2839 dominus
1650 2771 1807 2840 Iohannes
1822 2772 1987 2856 episcopus

432 2874 656 2945 Po'ananiensis
686 2875 741 2958 qui
770 2874 909 2959 sigillum
935 2894 1027 2943 snum
1053 2876 1212 2961 apposnit,
1238 2894 1342 2944 eomes
1370 2875 1535 2943 Beniamin
1564 2875 1724 2960 palatinus
1752 2874 1986 2957 Pomaniensis‚

435 2996 539 3049 eomes
559 2976 773 3046 Haroombold
795 2979 954 3064 palatinum
977 2979 1180 3062 (lucanensis,
1202 2997 1305 3048 eomes
1326 2978 1526 3046 lhomblaus
1543 2977 1734 3046 castellanus
1751 2977 1986 3061 Pomaniensis

435 3100 540 3150 eomes
560 3080 723 3150 Pretslans
745 3081 935 3150 castellanus
957 3081 1162 3164 Gnernensia
1184 3081 1329 3150 dominns
1350 3081 1538 3151 Vincentius
1566 3081 1772 3150 cancellarius
1793 3082 1988 3151 Poznanien·

292 3191 297 3198 '
433 3186 488 3268 sis,
509 3183 654 3253 dominus
681 3185 833 3253 Andreas
853 3185 1058 3254 cancellarius
1083 3186 1286 3268 Gneznensis‚
1321 3205 1425 3254 comes
1453 3184 1603 3252 Nicotaus
1631 3184 1726 3253 iudex
1753 3186 1987 3269 Pomaniensis‚

298 3351 307 3362 .
439 3305 543 3356 comes
563 3288 708 3356 Andreas
730 3288 824 3355 iudex
845 3287 1051 3380 Gnmnensis.
1094 3289 1213 3357 Datum
1234 3291 1268 3357 in
1289 3290 1417 3358 Poznan
1439 3293 1555 3374 quarto
1576 3288 1629 3355 die
1652 3289 1755 3357 sancti
1777 3289 1875 3373 Petri,
1904 3307 1988 3358 anno

435 3388 563 3459 Domini
583 3390 750 3459 millesimo
772 3390 986 3459 ducentesimo
1008 3393 1231 3478 octuagesimo,
1252 3412 1310 3477 per
1330 3391 1495 3460 Thilonem
1516 3391 1675 3460 nomriurir
1696 3399 1850 3462 nostrum.

541 3595 697 3681 Ovensko,
726 3600 874 3664 Owbuka
918 3597 1114 3682 Bolechowo,
1143 3599 1323 3686 Rodujeuo,
1352 3598 1555 3667 Marazewice
1580 3600 1647 3666 dail
1675 3604 1729 3666 tat
1755 3621 1846 3667 rano.
1889 3600 1989 3668 Vere·

436 3700 537 3785 nime,
566 3702 764 3768 Wterzenicu.
807 3700 956 3784 Tmienic,
978 3707 1029 3768 aie
1043 3706 1241 3783 odandaiom.
1287 3700 1470 3784 cmuoowo,
1494 3706 1646 3771 damno.
1692 3701 1859 3786 Semelese,
1884 3707 1988 3769 διυιιο-

434 3809 489 3892 let.
533 3802 731 3890 Dobegdeve‚
753 3805 821 3869 oze
841 3808 1046 3869 automata
1067 3804 1287 3890 Woldenbem
1331 3808 1485 3892 Nartepae
1510 3807 1723 3885 mtejscouolct
1750 3828 1788 3894 sp
1808 3809 1876 3872 albo
1892 3827 1989 3889 prap-

433 3911 513 3988 lepte
538 3910 649 3971 mortu
677 3908 874 3987 Woldenberp
895 3926 917 3970 a
943 3908 1011 3970 dzid
1037 3912 1103 3987 ped
1127 3913 1341 3974 aiemieclcieme'
1366 3913 1601 3994 przezauislcami
1630 3913 1747 3990 adepte,
1780 3912 1831 3974 tub
1858 3915 1905 3975 tei
1936 3930 1987 3998 aa:

436 4007 562 4091 Olmie,
591 4010 713 4086 oletum·
735 4009 852 4077 Golina
871 4005 985 4091 Casini,
1013 4013 1102 4087 (dole,⁸
1124 4011 1286 4093 Mikulice,
1307 4033 1340 4075 aa
1356 4014 1477 4076 domam.
1504 4015 1557 4076 Nr.
1579 4014 1645 4076 303
1665 4009 1868 4094 Μιιιιιιοιιιιι,
1897 4016 1989 4078 Meo-

434 4114 573 4187 Μαι
595 4111 733 4197 Zywino‚
755 4134 782 4176 au
803 4114 921 4176 dolam.
945 4115 999 4177 Nr.
1013 4115 1080 4178 303
1106 4112 1233 4198 Sicano,
1254 4118 1382 4191 Siccam
1402 4113 1618 4197 Massewiczu,
1639 4119 1838 4191 Minctowim
1866 4114 1990 4184 Raslto·

435 4212 734 4312 'imitandorum
755 4213 935 4296 Rekitniou,
958 4214 1124 4300 Gluehow‚
1147 4217 1214 4282 dxii
1235 4221 1288 4281 tot
1308 4236 1398 4282 rano.

1105 4512 1180 4600 Nr.
1211 4506 1313 4600 497.

541 4707 727 4794 &condus
753 4707 912 4792 Pramm
939 4710 1017 4792 dux
1043 4710 1193 4794 Polonie
1220 4712 1359 4795 1280
1388 4708 1506 4794 octob.
1534 4718 1572 4808 1,
1597 4711 1641 4795 in
1666 4710 1830 4814 Poenam
1845 4732 1991 4800 concam

439 4831 629 4900 monasterio
650 4831 691 4899 de
712 4830 809 4913 Obra‚
832 4835 869 4895 ut
890 4829 981 4897 villas
1003 4831 1100 4914 Obru,
1123 4830 1257 4898 Iosinioc
1278 4837 1312 4898 et
1333 4829 1437 4915 lljuad
1459 4830 1529 4899 iure
1551 4832 1745 4899 Thcutonico
1761 4834 1865 4901 locare
1880 4836 1989 4919 possit

540 4932 675 5000 Patami.
719 4938 834 5014 Kdaipt
860 4937 966 4998 Secuta
986 4939 1075 5001 Arca
1105 4938 1195 5011 otro,
1218 4937 1282 5002 Lala
1298 4941 1398 5015 prioit
1418 4955 1494 5016 pap.
1514 4938 1565 5001 18.

538 5139 722 5208 innomine
744 5139 870 5207 Domini
893 5159 994 5208 umcn.
1039 5141 1178 5210 llumani
1197 5142 1319 5226 genera
1342 5141 1483 5210 actionoo
1502 5143 1653 5211 memoria
1675 5149 1829 5228 perpetua
1850 5144 1991 5230 indigen·

436 5250 485 5313 tes
505 5244 690 5329 plenumque
711 5265 732 5311 a
753 5244 869 5311 notitia
894 5243 1055 5313 hominum
1084 5245 1278 5327 dilabuntur,
1308 5264 1369 5328 que
1398 5247 1626 5331 scripturarum
1655 5266 1712 5313 seu
1740 5247 1869 5314 batiimu
1889 5248 1991 5314 muni·

435 5347 520 5415 mide
540 5366 603 5414 non
626 5353 826 5414 remorantur.
873 5347 974 5431 igitur
997 5368 1053 5415 nos
1072 5348 1227 5418 secumlus
1254 5347 1384 5416 Promisi
1416 5349 1475 5416 Dei
1497 5350 1605 5431 gracia
1630 5348 1695 5416 dux
1723 5349 1853 5416 Polonie
1881 5357 1991 5417 nobum

437 5447 569 5518 mcimns
592 5451 746 5516 universis
769 5449 968 5533 presentibus
987 5458 1021 5517 et
1040 5451 1156 5520 lutaris
1178 5459 1356 5537 presentem
1379 5453 1525 5536 propitiam
1549 5451 1745 5536 iraeneum-is,
1775 5451 1858 5536 quial
1885 5452 1925 5520 ob
1944 5473 1992 5519 ru·

438 5553 611 5622 verentium
627 5554 717 5623 ιιιιιι·
741 5555 842 5622 Mario
865 5555 994 5638 virginis
1016 5557 1153 5641 gloriose
1174 5564 1208 5625 et
1230 5556 1496 5625 inremissionem
1520 5565 1701 5625 nostrorum
1715 5557 1940 5642 paucauuiuum,
1958 5563 1993 5624 et
