4860 6180
1222 383 1226 389 ·
1269 335 1344 423 Nr.
1376 335 1478 424 341.

674 529 678 538 “
705 537 915 622 Alexander
940 534 1004 641 Pp.
1029 532 1086 617 Iu
1113 537 1248 616 1256
1275 533 1362 618 dnn
1390 541 1465 633 10,
1490 532 1682 636 Anagnie3
1711 548 1854 617 condent
1885 549 1997 616 ordini
2023 550 2152 620 Praeer-

601 667 754 743 catorum,
776 664 815 726 ut
831 659 940 726 eiectis
961 657 1011 724 ecl
1033 655 1166 741 egressis
1188 655 1228 723 de
1257 654 1385 738 Ordine,
1417 655 1600 723 transeundi
1622 654 1663 722 ad
1679 651 1759 721 alios
1784 650 1928 733 Ordines,
1958 658 2085 737 praeter
2110 656 2151 724 ad

600 783 691 836 arma
710 767 884 849 portantes,
906 760 1066 827 licentiam
1087 760 1164 827 dare
1183 759 1294 843 possit.

705 870 847 946 Percote.
868 869 985 943 orppba
1018 867 1147 928 Ιιιίιινιιι
1167 867 1209 928 od
1226 867 1362 928 rzrrarleo
1381 866 1463 944 bretti,
1484 862 1574 929 deliro
1594 865 1709 928 mitta

705 966 842 1036 Parent
887 970 991 1032 Prieit
1013 971 1156 1034 credetne
1176 970 1322 1032 lintrem
1343 969 1601 1032 medicatorum

705 1173 886 1245 Alexander
906 1173 1072 1258 episcopus
1090 1191 1199 1240 servus
1219 1181 1380 1241 servorum
1402 1171 1471 1254 Dei,
1494 1171 1618 1238 dilectis
1639 1171 1754 1239 tiliis..
1774 1170 1925 1255 magistro
1947 1175 1982 1238 ct
1995 1171 2152 1255 prioribus

603 1277 732 1351 Ordinis
752 1276 888 1345 fratrum
908 1275 1143 1344 Prodicatorum
1162 1277 1297 1344 salutem
1319 1283 1353 1344 et
1373 1276 1578 1360 apostolicam
1599 1274 1858 1342 benedictionem.
1902 1272 1977 1342 Paci
2008 1280 2042 1343 et
2064 1280 2152 1344 ιιιιι·

603 1381 756 1472 quiliitati
777 1384 882 1446 vestre
903 1384 1036 1462 patema
1056 1379 1196 1446 volentes
1219 1379 1252 1445 in
1277 1385 1439 1462 posterum
1469 1378 1681 1445 sollicitudine
1707 1377 1879 1462 providere,
1909 1382 1947 1444 ut
1976 1378 2085 1448 eiectis
2111 1380 2152 1448 de

603 1491 710 1555 uestro
731 1481 850 1552 Ordine
871 1481 920 1547 vel
942 1481 1086 1566 egressis,
1116 1482 1172 1565 qui
1192 1482 1372 1565 receptione
1399 1481 1433 1548 in
1459 1481 1568 1548 eodem
1594 1478 1712 1548 Ordine
1738 1481 1804 1548 suis
1829 1479 2027 1564 exigentibus
2051 1483 2153 1568 culpis

603 1585 799 1660 reddiderint
820 1603 856 1652 se
876 1583 1030 1667 indignos,
1052 1583 1235 1650 transeundi
1255 1583 1297 1649 ed
1314 1584 1396 1650 alios
1417 1582 1551 1650 Ordines
1571 1583 1773 1666 approbatos,
1795 1589 1997 1667 preterquam
2011 1584 2154 1654 adbeati

605 1688 785 1776 lupinum,
807 1686 1065 1770 ruptariorum,
1085 1685 1370 1769 Hospitalariorum
1389 1693 1423 1753 et
1443 1687 1577 1754 aliorum
1598 1686 1815 1769 religiosorum
1836 1703 1925 1751 arma
1946 1687 2152 1771 percendum,

471 1824 474 1831 ’
606 1792 648 1863 ed
667 1790 830 1859 vitandam
851 1789 1044 1856 occasionem
1067 1788 1215 1871 evagandi
1230 1806 1301 1855 cum
1322 1790 1437 1856 vestris
1457 1786 1722 1856 testimonialibus
1742 1787 1870 1868 litteris,
1895 1786 2055 1855 boeotiam
2072 1787 2150 1856 dare

606 1894 745 1983 ponitis,
767 1892 892 1979 plenam
912 1891 1001 1958 uobis
1022 1889 1221 1957 concedimus
1242 1891 1432 1959 anctoritate
1453 1890 1646 1974 presentium
1660 1888 1858 1969 facultatem
1880 1889 2056 1958 districtius
2070 1890 2153 1958 inhi-

606 1997 728 2080 bentes,
749 2015 791 2065 ne
813 1995 893 2063 tates
914 1994 1009 2062 aliter
1027 1992 1068 2060 ad
1090 1993 1187 2060 alium
1208 1991 1359 2060 Ordinem
1381 1996 1516 2061 trnnsire
1533 1993 1583 2061 vel
1603 1993 1702 2077 aliqui
1726 1994 1813 2078 ipsos
1839 1992 1879 2079 (8
1899 1999 1942 2057 itt.
1971 1994 2072 2078 delet.)
2097 2012 2154 2063 seu

606 2100 744 2171 retinere
763 2103 948 2184 presumant
967 2096 1087 2179 absum
1107 2095 1235 2162 licentia
1252 2094 1342 2162 Sedis
1360 2097 1532 2180 apostolice
1553 2096 1692 2180 speciali,
1717 2095 1853 2164 iaciente
1878 2097 2004 2182 planam
2021 2097 2062 2165 de
2082 2115 2154 2183 pre·

607 2201 750 2272 sentibus
770 2200 971 2268 mentionem.
1014 2197 1103 2266 Nulli
1124 2216 1199 2282 ergo
1219 2198 1347 2267 omnino
1368 2198 1529 2266 hominnm
1547 2200 1643 2266 liceat
1670 2199 1752 2269 hanc
1779 2200 1927 2284 paginam
1954 2206 2063 2268 nostre
2081 2219 2154 2270 oon·

608 2304 758 2375 coesionb
786 2307 821 2371 et
846 2300 1042 2369 inhibitionis
1070 2299 1240 2386 infringere
1259 2300 1310 2367 vei
1331 2301 1361 2368 ei
1384 2320 1464 2368 ausu
1495 2303 1662 2370 temerario
1688 2302 1854 2371 contraire
1898 2301 1933 2369 Si
1954 2302 2026 2388 pub
2047 2309 2153 2372 autem

608 2407 669 2476 boc
688 2411 880 2491 attemptare
899 2399 1135 2490 presumpserit,
1153 2402 1399 2488 indignationem
1417 2405 1642 2489 omnipotentis
1670 2403 1730 2474 Dei
1758 2411 1793 2473 et
1815 2405 1980 2472 beatorum
2005 2404 2093 2474 Petri
2120 2410 2155 2474 et

609 2509 702 2580 Penii
721 2507 936 2594 apestolorum
957 2507 1025 2575 eius
1046 2524 1083 2574 se
1103 2506 1256 2575 noverit
1246 2525 1454 2575 menrsurum.
1497 2506 1615 2577 Datum
1629 2509 1773 2594 Anagnis
1786 2507 1850 2576 1111
1867 2508 1944 2576 Idus
1962 2507 2055 2593 lunii,
2077 2526 2155 2594 pon·

616 2611 755 2683 tidcatns
775 2611 878 2679 nostri
894 2629 976 2678 anno
994 2608 1139 2678 soeundn

1278 2904 1353 2994 Νι.
1384 2902 1485 2993 342

714 3101 901 3190 lmeedna
917 3101 1021 3185 illine
1038 3101 1217 3186 Phalonie
1242 3063 1379 3184 1256
1396 3099 1485 3186 lun.
1509 3106 1594 3201 29,
1618 3104 1661 3187 tn
1678 3103 1844 3209 Poenam
1860 3077 2067 3208 proteum,
2082 3108 2157 3210 post

513 3295 515 3299 Α
612 3192 729 3294 multus
754 3222 974 3292 ultereationes
996 3241 1032 3290 se
1052 3241 1074 3289 a
1092 3224 1284 3291 monasterio
1314 3221 1457 3306 Paradyt
1486 3222 1578 3290 modo
1604 3225 1838 3308 compositionis
1863 3225 1956 3292 villas
1984 3224 2155 3308 Sroczauo

613 3327 783 3397 Ζιιιιτιιιο
804 3330 840 3394 et
859 3324 1027 3394 Zaboroveo
1048 3324 1211 3410 recepisse
1233 3342 1297 3408 pro
1313 3324 1360 3391 eis
1380 3342 1454 3391 vero
1476 3324 1665 3393 monasterio
1686 3325 1848 3471 praedicto
1868 3326 1961 3394 villas
1974 3325 2108 3395 Kotowo
2122 3331 2157 3395 et

613 3428 829 3516 Pamirptkowo
848 3426 979 3495 dedisse

717 3535 859 3610 Ριιοωιι.
881 3535 995 3610 orpoirt
1039 3532 1152 3609 Braept
1171 3531 1285 3595 berizo
1305 3530 1432 3616 ὠάρια
1454 3531 1508 3594 bez
1527 3529 1616 3594 ιιιιιιι
1632 3536 1870 3614 munimento
1886 3537 2030 3620 pieczfct

616 3740 720 3804 m
740 3736 787 3800 39
717 3630 855 3700 maeno.
898 3633 1062 3698 aurocen
1082 3631 1249 3714 maesse.
1271 3635 1409 3713 apem
1429 3635 1466 3714 a,
1488 3635 1517 3698 e.
1537 3667 1583 3683 -
1602 3633 1785 3718 erepere,
1808 3639 1880 3704 ceu.
1902 3641 2021 3718 cepoe
2047 3639 2156 3704 rente.

717 3938 756 4007 In
776 3938 902 4007 nomine
919 3938 1045 4007 Domini
1062 3957 1163 4006 amen.
1206 3937 1359 4020 Quoniam
1380 3957 1442 4022 que
1462 3938 1549 4008 iacta
1568 3947 1645 4009 sant
1668 3941 1703 4010 in
1729 3947 1870 4029 tempore
1894 3962 1961 4012 nna
1984 3950 2158 4023 comtem-

615 4042 702 4128 porin
722 4041 878 4110 curriculo
899 4047 1057 4122 corruunt¹
1080 4041 1239 4125 sapienter
1256 4040 1361 4107 sanxit
1379 4041 1552 4109 ancmritas
1572 4044 1784 4129 antiquorum,
1797 4047 1971 4133 privilegia
1991 4047 2157 4116 verborum

615 4143 775 4214 fulcimine
795 4143 889 4210 simul
909 4150 943 4211 et
964 4144 1094 4210 testium
1115 4143 1275 4226 insignire,
1298 4146 1335 4209 ut
1355 4142 1383 4209 si
1405 4161 1463 4226 per
1481 4142 1629 4214 licturam
1649 4148 1816 4218 oblivionis
1837 4150 1977 4237 aliquam
1998 4151 2156 4235 decidunt,

616 4248 796 4316 litteramm
815 4247 1007 4331 inspectione
1028 4265 1138 4313 rursus
1158 4246 1307 4313 memorie
1326 4247 1589 4317 commendentur.
1632 4250 1717 4320 Hinc
1736 4259 1788 4320 est
1813 4254 1897 4338 quod
1926 4272 1984 4338 apo
2004 4254 2158 4322 Imostius

616 4348 700 4418 iilius
721 4347 870 4417 Phalonis
887 4355 997 4416 notum
1017 4366 1086 4416 csse
1106 4348 1177 4415 eolo
1199 4353 1266 4414 tam
1288 4348 1486 4432 presentibus
1514 4369 1609 4434 quem
1635 4352 1750 4423 futuris
1777 4375 1908 4441 presens
1933 4357 2085 4442 scriptum
2110 4357 2158 4423 in·

617 4451 782 4538 aperturis,
806 4450 901 4518 tatem
915 4451 1188 4519 commutationem
1202 4469 1253 4518 me
1267 4451 1377 4518 iecisse
1390 4469 1462 4518 cunr
1477 4452 1603 4524 domino
1616 4455 1753 4525 ilenrico
1768 4457 1884 4526 abbate
1899 4457 2026 4527 Ordinis
2041 4458 2158 4527 Cister-

618 4553 732 4624 ciensis
753 4553 793 4621 de
815 4552 991 4622 Goschihoe
1012 4572 1074 4638 qne
1091 4558 1125 4621 et
1145 4554 1313 4621 Parneliaus
1332 4554 1457 4636 dicitnr,
1479 4556 1573 4624 simul
1587 4563 1705 4628 etcum
1718 4558 1870 4629 trabibus
1883 4561 1996 4628 domne
2009 4561 2158 4630 eiusdem

618 4654 697 4725 Post
706 4655 823 4724 multas
837 4656 989 4741 siquidem
1003 4656 1226 4724 altercaciones
1241 4655 1366 4724 habitas
1377 4656 1523 4725 interme
1537 4664 1570 4727 et
1583 4661 1679 4744 ipses,
1693 4663 1974 4732 intervenientibus
1985 4663 2073 4731 bonis
2083 4663 2159 4731 viris

620 4763 654 4827 et
667 4756 822 4827 internos
836 4759 921 4843 pacis
934 4758 1070 4826 medium
1084 4756 1280 4840 iacientibus,
1295 4757 1399 4843 recepi
1413 4763 1478 4826 tres
1492 4759 1584 4829 villas
1597 4761 1638 4830 ab
1653 4765 1762 4832 eodem
1776 4766 1903 4834 domino
1922 4765 2037 4833 abbate
2048 4771 2083 4834 et
2096 4764 2159 4834 ina·

620 4858 724 4929 tribue
737 4860 819 4929 eius:
835 4859 999 4943 stechedo,
1014 4860 1152 4930 Βιιιιιιο
1167 4868 1200 4930 ιι
1213 4862 1375 4930 Zoborovo
1395 4861 1464 4928 iure
1478 4860 1667 4933 hereditario
1688 4873 1785 4952 atque
1805 4872 1959 4952 perpetuo
1980 4872 2047 4935 tam
2067 4856 2091 4935 a
2108 4887 2160 4938 me

621 4981 717 5049 qnam
734 4981 756 5032 a
769 4962 877 5032 liberis
894 4964 971 5032 meis
986 4971 1020 5032 ct
1039 4982 1146 5032 corum
1160 4966 1294 5051 posteris
1307 4963 1524 5049 possidendam
1546 4965 1614 5036 loco
1628 4987 1761 5054 quorum
1774 4969 1846 5039 dedi
1860 4970 1939 5037 dues
1952 4969 2045 5040 villas
2057 4971 2159 5042 eidem
