4860 6180
681 148 756 228 854

677 350 798 438 bobus
818 337 992 440 minutor.
1036 347 1183 434 rmum
1198 328 1381 434 'mersimus
1407 333 1459 432 ωε
1472 362 1551 432 (ιω
1572 360 1763 433 nemorum
1783 380 1846 447 quo
1871 357 2066 430 moronus
2084 363 2118 426 e
2137 357 2205 427 rer-

677 458 806 542 prinoro
827 471 1052 548 nuncupantur.
1102 469 1208 537 Protin
1228 488 1302 537 vero
1322 468 1355 535 in
1378 467 1548 554 Poeepoicz
1569 467 1667 537 incole
1689 465 1825 536 civitatis
1840 464 1929 532 dicto
1949 462 2045 532 libere
2069 467 2206 532 utentur.

677 558 890 631 liolcndinum
911 566 1024 638 ibidum
1046 570 1171 640 sculteti
1193 572 1345 641 deminuti
1366 579 1529 640 eteorum
1547 570 1715 656 posteritas
1736 568 1915 655 possidebit.
1951 565 2080 635 Moesus
2101 569 2206 634 nutem
2274 640 2277 647 ,
2353 576 2359 655 j

677 661 791 734 ibidem
812 666 952 738 dulimus
973 673 1018 740 cis
1039 678 1234 760 octunginte3
1254 676 1308 746 sed
1330 676 1454 744 moieno
1475 674 1640 743 locucionis
1662 672 1797 762 Iliuorrpi
1818 678 1852 738 ct
1872 669 2026 738 lohannes
2046 673 2207 737 eteorum
2353 706 2361 743 r
2416 717 2419 724 ·

676 770 845 853 posteritus
865 780 986 842 sertum
1008 796 1150 846 mansum
1168 778 1265 848 libero
1285 780 1489 865 possidebunt
1515 782 1549 846 et
1576 776 1695 844 curiam
1723 773 1856 844 seitum.
1899 773 2041 843 Toreium
2060 790 2135 839 roro
2155 771 2208 839 dc·
2352 756 2360 839 Ξ

676 871 799 942 nerium
820 874 917 943 bbere
938 879 1092 947 tenebunt
1106 881 1147 948 de
1168 903 1203 950 re
1224 883 1365 969 quolibet
1383 883 1528 950 iudicato
1573 878 1717 946 Erolutis
1734 883 1841 945 sutem
1861 877 1961 945 tribus
1975 876 2065 944 onnis
2086 894 2108 943 u
2130 871 2209 941 msto
2356 903 2359 909 ·

676 975 778 1044 suncti
799 976 929 1045 Muttini
950 983 1090 1064 proximo
1111 986 1246 1066 venturi,
1274 987 1315 1054 de
1338 985 1478 1072 quolibet
1508 1001 1616 1051 menso
1640 980 1793 1049 fertonem
1813 980 1936 1065 urgenti
1964 979 2055 1047 nobis
2077 977 2207 1044 solvent

677 1076 769 1147 cives
790 1097 864 1147 vcro
884 1083 1006 1168 antiqui
1028 1085 1135 1155 eodem
1152 1086 1299 1158 libertate
1320 1109 1384 1176 quo
1399 1097 1434 1157 et
1454 1086 1526 1156 novi
1547 1084 1754 1172 perimentur.
1783 1084 1937 1152 Volumus
1958 1088 2074 1164 nutem,
2095 1085 2133 1147 ut
2153 1099 2210 1148 nec

676 1180 939 1252 melundenses
960 1186 1117 1270 pelecinos
1137 1210 1195 1262 nee
1214 1193 1329 1278 uliquis
1350 1193 1440 1261 miles
1460 1192 1502 1260 nd
1523 1209 1577 1258 eos
1596 1207 1630 1258 se
1650 1187 1852 1256 intromittet.
1885 1186 1923 1254 ln
1944 1184 2033 1254 cuius
2053 1184 2099 1252 rei
2121 1183 2210 1250 tmui-
2357 1245 2360 1279 3

675 1284 814 1354 monium
834 1295 1008 1370 presentem
1030 1294 1177 1378 peginam
1198 1297 1294 1380 sigilli
1315 1296 1416 1364 nostri
1436 1294 1607 1363 munimine
1626 1291 1854 1361 confirmamus.
1890 1289 2008 1356 Datum
2032 1287 2066 1355 in
2085 1285 2212 1353 Pozoon

674 1387 709 1455 u
726 1385 809 1457 reu
830 1391 931 1461 caneo
948 1392 1035 1463 ros
1056 1415 1113 1482 por
1132 1418 1260 1469 monum
1281 1399 1402 1469 meme
1424 1399 1526 1467 noste
1546 1396 1672 1480 nomm
1691 1413 1774 1465 anno
1786 1393 1893 1480 erede
1910 1392 2038 1460 D⁰mi¹¹i
2050 1388 2212 1456 ΜΚ
2356 1496 2361 1507 ,

673 1490 820 1560 seeundo.

777 1694 889 1784 sum
907 1701 1002 1786 Rei·
1034 1701 1239 1793 mononis,
1260 1706 1456 1794 remmono,
1474 1704 1654 1791 rooepse,
1675 1707 1726 1770 m
1742 1704 1940 1789 mmmm.

1341 2006 1416 2095 Nr.
1446 1999 1546 2092 402,

776 2153 974 2278 Ionmsies
1009 2195 1232 2286 boemensis
1266 2201 1729 2309 moniopiroopm1262
1763 2194 1859 2302 Sept
1892 2194 2034 2294 17,1n
2059 2191 2216 2300 Syrtim
2360 2138 2365 2171 ι’

673 2311 804 2382 huomt
821 2313 975 2399 quaedem
991 2322 1101 2390 vetere
1121 2325 1245 2390 statum
1263 2322 1447 2410 synodalis,
1474 2328 1509 2392 et
1537 2338 1634 2404 nom,
1662 2336 1720 2406 per
1746 2316 1910 2387 ecclcsinm
1938 2314 2087 2386 Polonise
2110 2312 2217 2384 obscr-
2362 2394 2368 2425 Ι

672 2414 785 2501 medo,
806 2415 883 2485 edit

780 2521 978 2604 irminwini
1000 2530 1226 2613 potnierdzonp
1245 2550 1356 2612 prm:
1389 2529 1548 2599 Iuroslsus
1575 2546 1602 2597 s.
1631 2525 1808 2596 Gemens.
1836 2522 1966 2594 moleste
1993 2520 2217 2609 uruiepuoop.
2365 2608 2371 2671 i

2365 2740 2376 2981 i

675 2618 760 2687 ruer
780 2620 854 2691 om
878 2623 930 2709 10,
952 2624 986 2691 n
1005 2625 1107 2697 mm.

775 2729 2217 2819 Beloetsooanmprmnoor.pmorrr,p.soc,-n.moe,mrpem

677 2830 1200 2919 CominionerSvnodolmO.

775 3039 841 3104 1100
859 3047 931 3104 amr
952 3045 1183 3109 massennes
1203 3047 1316 3110 onear
1335 3046 1479 3120 renem,
1500 3046 1650 3125 onom
1669 3043 1891 3124 werrepecopr
1918 3041 2107 3105 oemio

774 3136 813 3207 ln
833 3140 960 3209 nomine
980 3141 1107 3213 Domini
1127 3166 1230 3216 umen.
1273 3147 1341 3216 Nos
1361 3147 1522 3215 lsnussius
1548 3146 1749 3216 miseralione
1769 3144 1876 3212 divine
1900 3141 2095 3212 Gneznensis
2115 3139 2219 3209 urchi·

671 3241 846 3329 episeopus,
868 3263 933 3313 unu
953 3264 1025 3315 eum
1045 3248 1251 3336 suffraganeis
1272 3251 1399 3335 nostris,
1423 3250 1622 3320 (linconiensi
1638 3248 1799 3332 videlicet,
1827 3245 2090 3327 Wrutisloriensi,
2111 3242 2219 3312 Lobu·
2289 3304 2293 3312 .

671 3344 767 3428 densi,
790 3343 979 3432 Guioriensi,
1001 3348 1208 3420 Pozncniensi
1228 3359 1263 3421 et
1283 3353 1474 3422 Muzoriensi
1494 3353 1649 3438 episcopis
1670 3370 1709 3421 sc
1729 3352 1801 3420 ullis
1821 3351 1939 3419 nostris
1961 3357 2122 3419 eteorum
2141 3345 2220 3415 inie-

671 3447 808 3516 rloribus
828 3451 960 3536 prelatis
982 3459 1016 3522 et
1036 3455 1173 3530 subditis
1197 3458 1230 3524 in
1257 3456 1375 3544 Syrodz
1403 3459 1437 3524 in
1464 3456 1589 3542 Synodo
1617 3454 1812 3541 mngregsu,
1845 3454 1887 3523 sd
1920 3452 2070 3521 honorem
2102 3449 2162 3519 Dei
2188 3453 2224 3517 et

670 3549 807 3620 sulutem
824 3555 1001 3624 unimsmm
1022 3576 1061 3627 sc
1081 3558 1258 3644 proiectum
1278 3560 1419 3628 Ecclesie
1439 3565 1627 3628 renovantes
1641 3563 1674 3627 ct
1687 3557 1821 3626 firmiter
1838 3556 1999 3627 observari
2012 3554 2223 3641 precipientes

547 3677 551 3687 ·
670 3653 837 3738 synodales
856 3659 1098 3730 eonstituciones
1120 3661 1374 3749 predecessorum
1395 3669 1589 3746 nostrorum,
1618 3661 1727 3747 ulique
1747 3661 1877 3729 inferius
1897 3658 2064 3741 adnotetu,
2092 3675 2149 3726 seu
2168 3656 2223 3723 de·

671 3755 908 3828 elnrnndu'sire
927 3759 967 3829 de
988 3780 1068 3832 noro
1086 3766 1306 3834 constituendo
1328 3767 1410 3851 (sie),
1432 3764 1563 3850 prefatis
1580 3764 1835 3851 predecessomm
1863 3767 2044 3830 nostrornm
2070 3759 2225 3828 consutu-
2373 3732 2379 3816 ἶ

671 3858 811 3928 uonibns
832 3861 979 3932 duximus
1001 3864 1206 3937 adnectendo
1386 3919 1391 3929 .

776 3960 1024 4052 Constituentes,
1046 3976 1083 4037 ut
1104 3971 1284 4058 quicunque
1305 3972 1519 4040 vendicionem
1537 3972 1729 4040 deeimarum
1750 3970 1892 4052 liberum,
1914 3966 2080 4036 manifeste
2099 3965 2149 4034 rel
2171 3983 2224 4033 oc·

671 4063 766 4149 culte,
788 4085 976 4155 quocunque
997 4072 1232 4143 mechinsdone
1254 4076 1304 4143 vel
1324 4074 1396 4143 dolo
1417 4074 1614 4159 inpedirent,
1636 4094 1693 4143 seu
1713 4074 1850 4142 decimus
1869 4072 2020 4139 iniuriose
2041 4069 2223 4150 detinuerit,

671 4168 842 4253 donnons,
862 4191 921 4258 pro
942 4193 1131 4262 unoquoque
1157 4185 1264 4246 emim
1291 4197 1389 4264 porro
1409 4176 1494 4262 quod
1515 4177 1604 4245 mdlo
1624 4176 1751 4261 dicitur,
1776 4177 1912 4262 lapidem
1931 4195 2012 4258 cere,
2033 4193 2091 4259 pro
2111 4189 2226 4257 magno

531 4346 534 4352 .
671 4277 778 4341 nutem
799 4276 884 4359 quod
905 4278 981 4362 plug
1001 4281 1192 4364 nominetur,
1223 4282 1302 4349 duos
1330 4281 1450 4367 lapides
1482 4300 1552 4348 cere
1575 4281 1748 4365 persolvct3
1775 4288 1809 4348 ct
1830 4280 1952 4348 tamdiu
1979 4276 2226 4346 excommunico·

670 4374 768 4442 rionis
787 4378 949 4445 sentencie
968 4380 1138 4449 innodatus
1160 4388 1317 4468 tenentur,
1339 4386 1367 4452 si
1389 4403 1450 4468 que
1469 4383 1659 4469 preliximus
1688 4384 1723 4450 in
1751 4384 1885 4451 termino
1914 4381 1976 4449 sibi
2001 4382 2161 4466 emuncto
2179 4377 2227 4448 lu·

669 4495 743 4547 ecre
763 4482 996 4565 contempserit,
1018 4483 1119 4551 donee
1139 4486 1247 4554 omnio
1267 4507 1307 4554 ex
1328 4488 1452 4571 integro
1473 4485 1641 4572 persolvet.

772 4579 855 4648 Item
883 4584 1067 4667 statuimus,
1097 4593 1135 4654 ut
1163 4589 1191 4654 si
1218 4590 1290 4674 quis
1320 4591 1353 4657 in
1380 4589 1457 4658 villo
1483 4607 1541 4656 sue
1561 4588 1714 4657 decimum
1744 4588 1950 4673 colligendum
1978 4604 2035 4654 seu
2063 4584 2227 4655 oouoeun

668 4680 766 4751 locuti
788 4681 997 4767 prohibuerit,
1017 4688 1107 4755 cuius
1129 4688 1204 4757 villu
1224 4690 1321 4759 luerit
1340 4693 1460 4760 tamdiu
1482 4693 1768 4761 excommunicetur
1789 4692 1822 4757 in
1841 4710 1900 4758 suu
1913 4688 2086 4776 pmrochiuli
2106 4693 2140 4757 et
2153 4687 2227 4755 ullis

667 4785 779 4854 ricinis
800 4786 951 4871 eeclesiis,
973 4794 1008 4855 et
1036 4790 1106 4875 ipsc
1126 4792 1203 4861 ville
1228 4795 1273 4861 sit
1299 4795 1514 4863 ecclesiastico
1538 4795 1703 4880 supposito
1724 4794 1906 4876 interdicto,
1934 4794 2034 4861 donec
2052 4792 2223 4876 dompnum

667 4887 753 4972 quod
779 4907 817 4955 ex
847 4887 1025 4959 huiusmodi
1054 4895 1272 4979 prohibicione
1300 4897 1445 4967 dominus
1466 4899 1585 4965 decime
1607 4898 1803 4978 sustinuerit,
1825 4898 1925 4982 ipsius
1946 4894 2066 4962 domini
2089 4893 2139 4962 rel
2158 4894 2228 4960 eius

668 4994 884 5076 immicus
906 4995 1084 5102 iuramento
1106 5000 1347 5088 declarandum,
1374 5005 1564 5091 adplenum
1591 5002 1687 5070 fucrit
1712 5003 1741 5069 ei
1772 4999 1813 5069 ud
1837 5019 1932 5087 quem
1949 5000 2071 5068 duocimo
2092 4996 2230 5083 pertinet

666 5093 822 5164 solutum.

2374 3834 2382 3975 ἰ

2378 4102 2385 4177 i
