4860 6180
434 298 508 372 nto

432 497 556 567 imnum
579 515 616 564 ao
638 501 744 564 ratum
773 495 805 562 ln
832 500 1018 579 perpetuum
1050 500 1248 578 permaneat,
1276 492 1370 578 sigilli
1396 493 1497 561 nostri
1523 491 1729 576 impressione
1752 489 1977 572 ooninnsrnns,

430 600 614 684 Quicunque
636 619 710 684 ergo
733 599 793 667 hoc
812 598 929 664 ‹lonom
951 597 1010 664 Dei
1031 615 1112 664 ausu
1133 597 1301 667 temerario
1323 594 1519 662 violareeut
1540 595 1711 664 abeodem
1737 596 1870 665 eeclesia
1891 599 1978 677 beato

430 701 571 786 Virginis
592 707 627 768 et
647 701 747 768 sancti
769 699 911 780 Martini,
934 716 995 783 que
1014 706 1144 766 vocatur
1165 699 1350 781 Paradisus,
1376 698 1516 765 alienam
1544 700 1781 783 presumpserit,
1807 718 1979 775 exeommp.

431 802 585 873 nicaeioui
607 803 771 871 beatorum
792 802 1006 887 apostolorum
1029 801 1115 869 Petri
1138 808 1171 870 ct
1191 802 1282 871 Parrli
1303 808 1337 869 et
1362 802 1480 869 domini
1498 801 1586 886 Pnpe
1611 808 1645 869 et
1665 802 1804 869 omniurn
1830 803 1897 870 Deo
1918 827 1980 877 ser.

431 906 585 974 viencium
607 910 766 974 mereatur
786 906 819 971 in
840 911 1027 989 perpetuum
1053 906 1224 974 subiacere.
1269 904 1371 972 Huius
1397 905 1444 971 rei
1471 910 1571 972 testes
1596 911 1685 972 sunt:
1715 903 1861 973 dominus
1886 907 1980 981 abbas

432 1009 472 1079 de
492 1009 612 1093 Laena,
645 1009 828 1094 llartongus
857 1007 1015 1091 quondam
1037 1007 1134 1075 obbas
1156 1009 1338 1090 bunnensis,
1372 1007 1551 1092 Stephanus
1581 1008 1733 1093 plebanus
1755 1007 1796 1076 do
1824 1007 1980 1098 Vitomisl,

431 1113 570 1182 Micheel
591 1112 736 1181 notarius
757 1111 861 1192 ducis3
883 1110 1074 1179 Dirsicraius
1095 1111 1285 1180 castellanus
1303 1111 1343 1178 ‹le
1363 1110 1503 1192 dulsos,
1525 1110 1712 1178 Treboslaus
1733 1110 1924 1180 castellanus
1944 1117 1981 1186 dc

430 1216 588 1298 Bontsim,
611 1216 791 1285 christinus
813 1215 1004 1284 castellanus
1024 1216 1064 1283 de
1086 1215 1232 1300 Sanctog,
1251 1214 1388 1282 Michael
1410 1213 1601 1281 castellanus
1623 1213 1663 1281 de
1683 1212 1779 1294 Brod,
1801 1213 1928 1298 milites,
1950 1227 1982 1287 ct

431 1318 487 1388 alil
507 1337 603 1404 quam
625 1319 741 1404 piures
785 1319 867 1386 iste
888 1322 964 1385 sunt
984 1319 1042 1386 heo
1062 1336 1146 1385 anno
1164 1318 1396 1386 incarnacionis
1426 1316 1554 1384 Domini
1580 1316 1747 1384 millesimo
1768 1314 1982 1390 duoentssimo

435 1422 704 1509 quinquagesimo,
725 1423 758 1488 in
779 1420 861 1490 iesto
883 1422 1098 1507 apostolomm
1118 1421 1206 1490 Petri
1227 1428 1262 1489 et
1282 1421 1383 1504 Pauli,
1405 1421 1439 1488 in
1457 1419 1595 1489 Poznsn

536 1608 725 1694 Wisronorr,
754 1613 937 1692 Wpszorroro.
973 1609 1095 1679 Dutsoo
1115 1609 1292 1691 deserina,
1320 1614 1371 1674 nie
1391 1612 1591 1689 odpodttt'one.
1628 1604 1807 1690 Paradisus,
1830 1612 1982 1691 Porndpi.

433 1711 554 1796 Lucum
572 1716 685 1779 sebe.
723 1712 882 1794 vitonis,
911 1714 1080 1798 Wytomytl.
1117 1713 1274 1799 Bantzim,
1297 1710 1445 1802 stpept
1480 1710 1633 1798 Sensim,
1657 1713 1781 1776 sonos
1817 1710 1915 1796 Rrod,
1936 1719 1984 1783 πίε

434 1819 633 1900 capsum
655 1821 738 1886 '⁸02⁶
760 1820 872 1901 Mt·
1887 1832 1908 1847 “

1107 2117 1182 2205 Nr.
1213 2108 1315 2205 287.

537 2312 695 2398 Promisi
722 2313 800 2397 dux
826 2311 975 2396 Polonio
1002 2318 1140 2397 1250
1172 2313 1251 2398 iul
1277 2321 1315 2413 1,
1344 2314 1387 2396 ln
1413 2313 1533 2397 tisim
1559 2309 1824 2414 szndnltlltlit
1858 2327 1987 2397 roborat

435 2431 636 2502 donadonem
655 2433 751 2501 sillae
772 2432 898 2518 Wityn,
928 2433 1087 2517 qnondam
1114 2454 1171 2520 por
1191 2435 1337 2503 comitem
1357 2433 1470 2502 dareta
1490 2431 1683 2500 monasterio
1702 2430 1744 2499 de
1764 2430 1851 2499 Obra
1870 2429 1986 2500 focam

435 2539 470 2604 et
488 2540 601 2621 postes
621 2555 679 2621 per
699 2535 826 2602 viduam
848 2535 948 2619 ipsias
966 2535 1183 2621 approbatam
1470 2607 1475 2618 ,

541 2638 816 2722 sanctitatae
840 2642 1053 2707 Stantem
1082 2642 1172 2724 otro,
1193 2642 1261 2708 Lib.
1278 2644 1383 2722 privil.
1401 2659 1477 2722 pop.
1497 2641 1552 2706 11.

539 2807 578 2877 In
598 2809 725 2879 nomine
744 2815 854 2879 sancte
871 2816 906 2880 et
925 2809 1087 2880 individue
1107 2811 1273 2880 lbinitatis
1294 2830 1396 2880 amen
1434 2809 1516 2878 (lum
1535 2827 1575 2877 eo
1596 2827 1659 2893 que
1679 2814 1833 2894 gennem
1853 2810 1888 2876 in
1910 2815 1989 2878 tem·

435 2932 523 3001 poro,
544 2931 586 2982 ne
603 2913 698 2982 simul
718 2933 776 2999 per
796 2913 983 2983 oblivionem
1005 2915 1153 2984 labantur
1174 2933 1246 2983 oum
1261 2920 1411 2999 tempore,
1430 2913 1640 3000 quodcunque
1654 2913 1870 3010 inconvulsum
1881 2912 1989 2980 obser·

434 3016 504 3085 rari
524 3016 703 3085 decernitur
732 3035 858 3086 neeesse
880 3023 930 3086 ost
955 3018 1083 3102 scriptis
1105 3025 1163 3086 cut
1194 3015 1404 3102 probabilium
1435 3017 1574 3084 virorum
1603 3015 1788 3083 tosumonio·
1811 3017 1988 3101 personari,

436 3118 511 3188 lrinc
528 3125 579 3188 αἱ
597 3120 681 3205 qnod
707 3139 766 3188 nos
793 3120 927 3189 Promisi
956 3121 1065 3189 dimna
1091 3120 1217 3190 invente
1244 3120 1352 3205 gracia
1379 3118 1444 3187 dux
1472 3119 1602 3188 Polonie
1635 3124 1746 3186 notum
1769 3116 1901 3187 iacimus
1924 3126 1989 3189 am

295 3237 298 3241 ·
434 3221 635 3309 presentibus
666 3241 761 3308 qrrnm
787 3221 913 3306 intur-is,
945 3222 1031 3308 quod
1060 3242 1164 3293 eomes
1188 3223 1297 3292 Iarota
1319 3224 1354 3290 in
1381 3222 1517 3291 adonio
1545 3222 1659 3291 mortis
1686 3223 1815 3307 propria
1840 3240 1878 3290 sc
1906 3222 1990 3291 bons

434 3325 600 3395 voluntate
622 3343 680 3393 sus
700 3326 831 3395 eccleis
852 3325 944 3396 beate
964 3327 1068 3397 Maris
1088 3328 1122 3396 in
1144 3327 1230 3396 Obra
1250 3333 1285 3396 ct
1312 3325 1464 3395 fretibus
1482 3324 1612 3393 Ordinis
1633 3323 1852 3393 cisterciensis
1873 3325 1989 3394 ibidem

434 3427 469 3496 iu
489 3427 551 3496 Dei
571 3428 703 3497 serddo
724 3429 776 3498 die
796 3435 954 3514 nocuoque
974 3429 1193 3511 existentibus,
1216 3429 1258 3497 ob
1278 3447 1367 3515 spem
1387 3428 1627 3498 mercedisvite
1648 3432 1757 3496 eterne
1777 3433 1813 3496 et
1829 3427 1871 3496 ob
1889 3447 1989 3497 reme-

435 3529 524 3599 dium
544 3530 721 3599 animamm
743 3539 909 3616 parentum
935 3550 973 3600 sc
999 3531 1137 3600 iliorum
1159 3550 1289 3601 suorum
1317 3530 1378 3599 sibi
1398 3530 1527 3614 suisque
1547 3529 1582 3597 in
1603 3536 1790 3614 perpetuum
1811 3530 1989 3615 providens,

435 3632 572 3704 mutuus
592 3632 700 3700 villam
718 3632 843 3701 nomine
864 3632 995 3719 Wityne
1014 3653 1086 3702 cnm
1105 3635 1188 3717 lacu,
1210 3633 1398 3715 molendino,
1420 3632 1522 3718 protis
1542 3650 1581 3700 ac
1600 3632 1690 3699 silvis
1710 3637 1745 3700 et
1759 3634 1874 3701 octenis
1887 3634 1990 3702 omni·

435 3733 495 3804 bus
515 3735 697 3804 monendis
718 3735 910 3805 hereditario
931 3737 1000 3804 iure
1021 3737 1055 3805 in
1077 3743 1263 3823 perpetuum
1282 3734 1402 3820 absquo
1423 3734 1490 3802 ulla
1511 3734 1740 3803 retractacione
1758 3735 1989 3820 possidendam.

436 3836 501 3907 Sed
521 3842 557 3906 et
576 3836 637 3906 hoc
657 3843 724 3905 tam
745 3837 944 3923 presentibus
964 3857 1060 3923 quam
1081 3839 1197 3907 futuris
1217 3844 1364 3907 constare
1384 3836 1538 3919 volumus,
1560 3837 1646 3921 quod
1666 3837 1808 3922 predicto
1824 3839 1938 3906 comite
1951 3857 1991 3906 ex

435 3939 496 4008 ino
516 3939 585 4007 sita
605 3939 771 4024 migrante,
793 3940 905 4008 relicta
926 3941 1025 4025 ipsius
1046 3943 1172 4010 nomine
1193 3940 1361 4009 Siroslarra
1382 3938 1584 4025 postmodum
1602 3938 1818 4023 supradictum
1834 3939 1992 4008 heredite-

437 4047 503 4111 tem
522 4040 673 4127 predictis
694 4039 847 4110 matribus
868 4060 974 4110 eoram
995 4043 1086 4110 nobis
1111 4051 1145 4110 et
1170 4042 1327 4111 nobilibus
1353 4041 1471 4109 nostris
1501 4039 1675 4110 solenniter
1703 4040 1908 4111 confirmavit
1953 4042 1992 4110 ln

436 4143 531 4212 buius
549 4161 624 4229 ergo
644 4143 692 4210 rei
713 4144 938 4228 testimonium,
960 4163 1001 4212 ne
1021 4145 1196 4231 supradicti
1217 4144 1342 4212 comitis
1362 4142 1495 4211 donacio
1517 4161 1555 4211 sc
1575 4143 1718 4230 predicte
1739 4145 1899 4213 comitisse
1917 4166 1991 4215 con·

436 4242 576 4315 flrmsoio
597 4251 727 4331 propter
746 4246 959 4330 ignorandum
972 4248 1206 4333 inexpertorum
1224 4266 1281 4314 seu
1304 4252 1435 4331 propter
1452 4245 1565 4314 frivole
1578 4245 1775 4314 obviantium
1788 4248 1991 4332 proterviam,

438 4340 500 4434 pne
521 4366 605 4416 nuno
621 4348 740 4416 uostris
759 4350 894 4416 maxime
915 4349 1046 4418 inolevit
1067 4351 1270 4435 temporibus,
1291 4350 1325 4416 in
1344 4354 1505 4433 posterum
1526 4349 1633 4416 salem
1653 4349 1855 4432 aliquatenus
1869 4351 1990 4418 irritari

437 4449 488 4518 rel
508 4451 686 4533 nunciati,
706 4457 883 4536 presentem
904 4452 1086 4521 schedulam
1107 4452 1203 4538 sigilli
1224 4453 1326 4520 nostri
1348 4450 1460 4519 robore
1474 4452 1604 4537 dignum
1619 4451 1765 4519 duximus
1780 4454 1991 4522 muniendam.

437 4552 521 4620 dote
541 4557 617 4621 sunt
634 4552 703 4622 beo
730 4572 814 4622 anno
843 4555 945 4639 gratie
971 4554 1136 4623 millesimo
1166 4555 1380 4623 ducentesimo
1408 4555 1667 4640 quinquagesimo
1693 4556 1726 4622 in
1751 4564 1865 4626 octaua
1889 4560 1992 4628 saneti

440 4652 589 4724 lobannis
609 4655 756 4741 Baptiste
777 4657 810 4724 in
831 4665 935 4725 castro
955 4658 1160 4726 Pomaniensi
1181 4678 1287 4727 coram
1309 4657 1400 4726 nobis
1413 4663 1447 4726 et
1461 4659 1619 4727 nobilibus
1638 4659 1765 4742 nostris,
1784 4679 1919 4746 quornm
1934 4662 1993 4730 lreo

438 4763 515 4826 mot
535 4760 680 4827 nomina:
703 4759 858 4844 Bogimilo
886 4760 1036 4844 palatino,
1063 4761 1200 4830 Henrieo
1226 4760 1292 4828 ilio
1320 4760 1482 4842 Hinoonis,
1512 4761 1633 4828 msam
1653 4760 1719 4829 filio
1740 4761 1875 4847 lsnrrssi,
1896 4764 1992 4833 Petro

439 4858 505 4930 tillo
526 4859 650 4930 Nicolai
671 4861 711 4929 de
730 4861 869 4946 loligow,
888 4862 1072 4948 Boguphnlo
1093 4863 1133 4932 de
1154 4863 1262 4945 Sarin,
1289 4862 1450 4947 Stephano
1479 4861 1544 4931 ilio
1567 4861 1734 4947 wisnona,
1760 4864 1916 4936 Michaele
1936 4885 1993 4936 no·

329 5056 345 5064 ..
439 4961 522 5032 tario
543 4962 632 5032 dudo
653 4969 687 5032 et
708 4964 822 5033 ceteris
842 4983 937 5050 quarn
958 4965 1103 5051 plurimis
1126 4965 1280 5034 militibus
1300 4964 1440 5034 Polonie

435 5132 438 5136 ’
545 5131 667 5308 Oba}
682 5136 769 5202 Obra
806 5134 945 5222 Wityne,
974 5141 1182 5207 znierniectco
1218 5141 1338 5206 Witterr.
1375 5135 1515 5223 miros,
1545 5143 1698 5225 lettpooo,
1734 5137 1842 5225 Satin,
1871 5143 1993 5220 Zereia

441 5243 568 5310 enters
666 5259 713 5308 era
