4860 6180
1751 351 1827 430 .·
1906 334 1981 409 ιιι

431 537 550 622 origum
594 537 642 606 Ut
662 543 768 606 auum
787 535 1040 622 supradictorum
1061 534 1200 602 virorum
1222 533 1375 603 nobilium
1396 534 1597 602 racionabilis
1627 535 1830 604 commutatio
1859 540 1984 604 nostra·

432 659 494 726 qne
512 641 700 725 protestatio
722 647 873 726 perpetuo
895 638 1084 706 inviolabilis
1105 645 1294 722 perseveret,
1313 642 1491 722 presentem
1512 639 1659 723 paginam
1681 638 1782 705 nostri
1800 638 1896 723 sigilli
1915 656 1984 705 mu·

432 739 549 811 nimine
569 742 716 811 duximus
738 742 983 811 couhmraudem
1004 740 1204 824 presentibus
1226 741 1288 807 hiis
1311 741 1459 809 testibus:
1488 741 1604 809 comite
1628 742 1784 827 Boguslno
1811 742 1985 810 castellano

432 843 473 912 tie
490 842 584 924 usae.
604 846 718 913 comite
738 844 851 913 Iacobo
873 843 1045 912 castellano
1072 844 1112 910 ue
1143 844 1300 928 Rogozna,
1333 846 1447 912 comite
1472 842 1649 930 Snurlivoyo
1672 843 1903 912 submmcrario
1924 843 1984 911 Po·

432 946 602 1014 ananienm.
632 945 775 1014 Datum
766 967 799 1014 ru
814 945 918 1013 Lubin
939 964 1023 1013 anno
1044 946 1149 1029 gracie
1170 945 1297 1014 Dourini
1320 948 1365 1015 M.
1367 946 1603 1030 CCLXXXII,
1617 945 1821 1014 VKnleudus
1835 943 1983 1102 Augusti,

432 1065 490 1133 pm
509 1066 621 1116 manus
642 1050 783 1117 Thilonis
804 1049 922 1117 notarii
943 1049 1030 1117 curie
1051 1054 1167 1116 nostre.

536 1217 650 1301 Lubin,
672 1220 808 1285 lubin
822 1218 1000 1301 Crohensis,
1027 1223 1066 1285 dc
1086 1221 1208 1284 Erotio.
1255 1217 1381 1300 crinin,
1404 1219 1563 1301 Krzpoin.
1605 1218 1788 1299 Murissero,
1810 1220 1904 1283 orode
1917 1221 1985 1281 mu-

432 1325 499 1404 lcta,
520 1325 705 1403 promuscis
725 1343 745 1386 z
767 1324 855 1409 Irlup.
899 1320 1011 1405 Girlnu
1036 1325 1123 1388 Irlco.
1168 1318 1263 1403 Usco,
1292 1321 1399 1400 (Dicte.
1442 1321 1601 1407 Regem
1624 1321 1774 1404 Ropoino.

1103 1551 1178 1637 Nr.
1210 1550 1311 1636 514.

537 1744 725 1830 Seouuim
751 1745 911 1829 Premirl
936 1745 1016 1830 iux
1041 1746 1346 1830 Polonio1282
1364 1768 1393 1828 a
1412 1746 1460 1845 h,
1485 1746 1528 1828 in
1546 1745 1754 1849 Drahonum
1777 1765 1983 1849 proteratur,

436 1866 582 1935 comitem
606 1864 800 1952 Stephanum
819 1865 1025 1934 castellanum
1045 1866 1085 1934 dc
1106 1866 1236 1948 Krobia,
1267 1867 1474 1936 hereditatem
1500 1884 1591 1934 suum
1611 1867 1804 1952 Muysaeuo
1825 1862 1987 1936 mmrilh
2034 1933 2038 1942 ,

433 1969 615 2038 monasterii
636 1968 676 2038 tie
698 1967 802 2035 Lubin
823 1968 910 2036 dicta
930 1967 1008 2037 Irka
1029 1975 1247 2037 commutasse

536 2077 676 2153 Parvum.
697 2077 816 2152 crupta.
861 2074 991 2136 Dzirtrlci
1010 2077 1053 2138 od
1071 2077 1307 2153 przpnteszenio
1328 2071 1432 2137 enoch
1448 2076 1594 2157 picczcei.

434 2173 674 2344 MPoznoti.
695 2176 863 2240 Bibliotclco
884 2173 1056 2255 Rooemielc.
1079 2178 1217 2256 Diplomu
1235 2178 1272 2251 B,
1295 2176 1414 2241 2s.-
1369 2172 1615 2281 -Roczyrislo',
1642 2177 1712 2240 Cod.
1735 2176 1855 2255 ὤμω.
1873 2174 1983 2237 Maior.

561 2278 613 2341 62.

535 2445 574 2513 In
594 2445 720 2513 nomine
741 2445 868 2514 Domini
890 2464 992 2514 umen.
1036 2446 1120 2513 Dum
1140 2446 1220 2514 ririt
1239 2445 1350 2513 litters
1370 2445 1449 2512 vivit
1470 2451 1504 2513 et
1523 2446 1608 2514 ectio
1630 2445 1747 2528 littere,
1770 2444 1859 2513 cuius
1881 2461 1984 2512 esser·

434 2548 483 2616 cio
504 2547 606 2615 nutrit
625 2548 808 2616 memoriam
829 2556 864 2617 et
884 2547 1035 2617 roborata
1055 2548 1445 2633 seuseipit'incrameutum.
1474 2547 1579 2632 Igitur
1599 2566 1657 2616 uos
1678 2546 1833 2616 secundus
1848 2544 1984 2614 Premizl

432 2649 493 2718 Dei
509 2649 847 2734 merueramus
868 2655 979 2718 notum
1000 2649 1132 2718 unimus
1153 2649 1307 2717 universis
1329 2655 1395 2717 tam
1417 2649 1616 2735 presentibus
1644 2669 1739 2733 quam
1764 2646 1880 2717 iuturis
1912 2667 1985 2734 pre·

433 2758 554 2820 sentem
574 2752 720 2836 pagiuam
741 2751 938 2835 inspecturis,
960 2752 1046 2836 quod
1066 2752 1101 2819 in
1120 2759 1232 2820 nostra
1251 2757 1492 2836 nostrorumque
1512 2751 1666 2820 bmonum
1691 2752 1864 2837 presencia,
1886 2751 1985 2819 hono-

433 2853 541 2921 rabilis
562 2855 611 2920 vir
631 2854 777 2921 dominus
791 2853 949 2922 Martinus
967 2855 1065 2922 abbas
1090 2853 1130 2922 de
1155 2854 1260 2921 hubin
1286 2873 1357 2921 cum
1383 2854 1498 2922 comite
1523 2853 1685 2940 Stephano
1712 2854 1885 2924 castellano
1907 2853 1985 2922 Oro·
2006 2923 2007 2926 ,

432 2954 522 3024 bensi
538 2955 634 3024 tabem
648 2955 723 3024 iecit
738 2958 1017 3024 commutacionem
1032 2957 1252 3040 hereditatum,
1267 2957 1352 3040 quoti
1366 2956 1449 3024 idn
1464 2975 1567 3026 comes
1582 2956 1762 3042 Stephanus
1776 2957 1985 3026 hereditatem

433 3076 522 3126 suurn
539 3057 696 3127 Murisevo
714 3064 929 3143 nuncupatam
950 3060 1077 3127 domiuo
1098 3060 1205 3127 abbati
1225 3061 1372 3144 superius
1392 3061 1555 3128 nominato
1576 3062 1717 3145 porrexit
1738 3079 1795 3145 pro
1809 3059 1913 3130 unia
1926 3061 1986 3128 sub
2026 3117 2031 3127 .

411 3160 493 3229 ‚hac
511 3159 621 3244 iorum,
643 3160 727 3245 quod
748 3162 855 3245 sepius
876 3162 980 3229 dictus
999 3161 1179 3247 Stephanus
1201 3162 1339 3228 ricinum
1360 3161 1510 3231 fluentem
1531 3162 1615 3230 inter
1633 3163 1768 3230 Girkum
1781 3168 1816 3231 et
1827 3162 1986 3232 Marisero

433 3262 629 3348 integraliter
648 3263 831 3347 possidebit.
876 3263 915 3331 In
937 3264 1031 3332 buius
1053 3265 1099 3331 rei
1121 3265 1348 3347 testimonium,
1372 3271 1552 3349 presentem
1573 3265 1713 3331 litteram
1741 3271 1851 3332 nostro
1881 3264 1985 3348 sigilio

433 3370 468 3433 et
484 3365 603 3434 domini
622 3365 748 3434 abbatis
769 3367 809 3434 eie
828 3366 933 3434 Lubin
963 3375 998 3436 et
1030 3374 1202 3434 conventus
1228 3366 1344 3434 ibidem
1369 3366 1549 3434 curavimus
1578 3366 1773 3434 confirmare.
1816 3365 1934 3433 Datum
1953 3365 1987 3434 in

433 3465 602 3552 Gmbonog
623 3486 705 3536 enno
723 3470 825 3553 gratie
848 3469 976 3537 Domini
997 3468 1258 3537 succuum
1282 3469 1483 3553 presentibus
1509 3468 1571 3535 hiis
1600 3468 1750 3536 testibus:
1784 3468 1900 3537 comite
1925 3468 2009 3536 Bo·.

435 3569 544 3654 guno
561 3569 730 3638 mutiano
752 3571 792 3639 de
813 3571 907 3654 Usee,
929 3573 1044 3640 comite
1063 3572 1206 3640 Borislao
1228 3571 1387 3640 castelauo
1409 3571 1450 3639 de
1464 3571 1544 3654 Zun,
1566 3571 1680 3639 comite
1703 3571 1892 3657 Sandivogio
1912 3571 1986 3639 sub
2019 3617 2023 3627 ·

437 3672 607 3740 mmerario
626 3671 842 3758 Poznuniensi,
861 3693 920 3759 per
939 3693 1051 3742 manus
1072 3674 1213 3742 Thilonis
1235 3673 1374 3741 notherii
1395 3674 1506 3742 nostri.

538 3841 651 3925 Lubiu,
674 3846 780 3910 lubin.
825 3842 1003 3928 Crohensis,
1025 3851 1063 3912 dc
1086 3845 1214 3912 Krobio.
1244 3844 1413 3926 Murisevu
1436 3849 1531 3910 orode
1544 3848 1661 3921 mulcta,
1681 3851 1865 3929 proaemio
1880 3869 1900 3911 z
1913 3851 1988 3934 ινιίᾳ

440 3949 526 4013 Irlco.
570 3945 681 4030 Girlrn,
705 3950 791 4014 lrlra.
835 3947 1016 4034 Grabouog,
1044 3951 1211 4029 Grabonoo.
1256 3946 1349 4030 Usus,
1375 3949 1485 4027 lh'e'cic.
1529 3947 1609 4029 Zun,
1632 3937 1705 4014 Zoni.

1105 4246 1179 4332 Νι.
1212 4244 1313 4329 515.

538 4439 737 4545 Philippus
764 4441 961 4524 Firmanus
980 4443 1136 4545 episcop.
1154 4441 1355 4545 apostolico
1373 4438 1478 4521 Sotiis
1496 4439 1645 4542 legatus
1673 4445 1808 4523 1282
1827 4441 1926 4544 hug.
1943 4446 1989 4539 9,

435 4559 534 4662 apud
559 4563 756 4643 monaster.
783 4560 986 4664 Hemibbv3
1017 4581 1186 4647 committit
1213 4578 1313 4645 Priori
1342 4578 1526 4662 provinciali
1556 4577 1646 4646 fratr.
1670 4580 1927 4649 Pmedicntomm
1949 4580 1989 4649 de

436 4678 574 4762 Dolonis,
593 4685 631 4746 ut
661 4680 700 4746 de
724 4680 865 4763 quolibet
887 4688 1042 4748 conventu
1064 4700 1139 4749 suae
1158 4681 1336 4767 provinciae
1364 4699 1462 4747 unum
1491 4681 1621 4747 fratrom
1647 4685 1850 4752 maturiorem
1878 4689 1913 4752 ct
1932 4683 1988 4753 bo-

433 4782 602 4850 nestiorcm
623 4781 730 4865 eligat,
749 4784 804 4866 qui
825 4783 981 4868 quaulnm
1001 4785 1146 4867 graviora
1166 4788 1299 4868 peccata
1321 4784 1393 4850 loco
1414 4782 1553 4867 episcopi
1575 4783 1737 4853 absolvere
1754 4787 1864 4872 possit.

538 4890 591 4951 Fr.
614 4886 809 4951 Hetosir'mii.
854 4891 932 4952 lr'od.
953 4891 1079 4968 upplun.
1105 4891 1300 4968 Metopoost.
1346 4889 1388 4963 (Z
1403 4906 1545 4966 perporo.
1569 4893 1695 4967 crypton,
1716 4891 1758 4953 od
1780 4889 1904 4970 lctbrcpo
1923 4894 1989 4970 pte

434 4986 507 5074 0:56
526 4993 711 5065 odcmoroo).

535 5157 699 5242 Philippus
721 5159 925 5228 miseracione
945 5159 1053 5227 diune
1073 5158 1239 5226 bimanus
1261 5159 1427 5243 episcopus
1449 5160 1622 5242 apostolice
1643 5158 1734 5228 Sotiis
1756 5161 1891 5245 legebus,
1914 5162 1988 5230 reli·

432 5261 521 5345 gioso
541 5261 609 5330 tiro
631 5268 665 5329 et
685 5262 787 5331 emico
809 5264 842 5329 in
865 5263 994 5331 Christo
1014 5261 1175 5331 carissimo
1196 5262 1289 5330 irutri
1302 5312 1333 5329 ..
1377 5260 1480 5328 Priori
1511 5262 1695 5348 procinctui
1725 5263 1860 5332 imnum
1880 5264 1989 5333 naui-

1796 5383 1830 5440 ot
