4860 6180
1147 809 1148 813 Ν
1195 693 1269 777 Nr.
1304 688 1404 777 296.

625 891 783 977 Pramid
810 893 888 974 dux
913 889 1061 974 Polonie
1088 889 1329 972 1251lor.
1355 895 1416 988 11,
1436 889 1484 971 in
1509 886 1708 989 sonoras,
1742 901 1865 970 maren
1893 904 2077 977 iterumne

525 1016 658 1090 wdteto
672 1011 867 1092 facultatem,
891 1011 924 1076 in
948 1010 1108 1094 Kostmyn
1130 1010 1290 1076 ciuitatem
1311 1009 1441 1076 liberam
1462 1008 1532 1074 iure
1549 1008 1743 1075 Thoutonico
1765 1006 1898 1073 locandi.

626 1116 762 1184 mmai.
782 1119 900 1181 Arclcia
928 1117 1103 1179 Conablorii
1125 1117 1407 1194 archiepiscopalis.
1430 1118 1465 1178 A.
1493 1115 1524 1174 θ.
1541 1117 1617 1175 urani
1637 1114 1732 1176 1191.

625 1318 665 1388 Iu
684 1319 811 1387 nomine
829 1318 956 1386 Domini
977 1336 1079 1385 amen.
1125 1314 1214 1396 Quod
1241 1336 1262 1384 a
1288 1315 1406 1383 nostris
1434 1314 1604 1381 maioribus
1631 1315 1814 1382 institutum
1845 1317 2008 1400 euerritur,
2039 1319 2080 1386 ad

526 1425 621 1499 etatis
640 1428 750 1490 nostre
771 1421 920 1489 noticiam
938 1439 1001 1488 non
1020 1420 1156 1487 venisset
1178 1420 1205 1485 si
1226 1420 1439 1486 occultassent
1460 1417 1612 1503 obsequia
1638 1420 1827 1486 litterarum.
1864 1419 1933 1500 Qun
1951 1428 2081 1507 propter

526 1546 583 1600 nos
602 1525 736 1593 Premisl
757 1523 817 1590 Dei
838 1524 946 1608 gracia
966 1522 1031 1589 dux
1052 1521 1181 1589 Polonie
1203 1528 1314 1588 notum
1336 1520 1571 1588 essevolumus
1604 1519 1724 1588 Christi
1750 1521 1895 1588 fidelibus
1926 1526 2080 1592 universis

526 1631 567 1703 ad
586 1644 667 1714 quos
688 1645 819 1712 presens
840 1626 993 1710 scriptum
1015 1625 1190 1705 devenerit,
1217 1624 1294 1707 quia
1317 1624 1358 1690 de
1385 1630 1495 1690 nostra
1521 1640 1590 1690 non.
1606 1624 1683 1691 licta
1701 1625 1867 1716 uoluntate
1889 1628 2079 1695 contulimus

527 1732 650 1820 piarum
682 1734 872 1814 potestatem
900 1727 1083 1795 Hermanno
1115 1727 1252 1793 sculteto
1278 1726 1404 1794 locandi
1429 1727 1590 1793 civitatem
1619 1726 1751 1795 liberam
1777 1730 1811 1795 in
1841 1727 1986 1796 costr-nin
2009 1731 2079 1797 iure

526 1831 731 1913 Tberrtunico,
753 1850 792 1899 eo
814 1830 960 1897 videlicet
981 1848 1044 1913 qno
1066 1819 1206 1913 hospites
1224 1830 1327 1895 nostri
1347 1830 1381 1895 in
1402 1829 1550 1913 Rogosna
1570 1835 1713 1911 utuntur,
1736 1830 1795 1897 sub
1817 1831 1874 1897 tali
1890 1831 2079 1914 condicione,

526 1932 610 2023 qnod
629 1951 738 2001 omnes
759 1938 966 2000 memoratam
989 1933 1150 1999 civitatem
1171 1930 1389 1998 inhabitantes
1411 1931 1512 1997 tribus
1530 1932 1623 1998 annis
1645 1933 1685 1999 ab
1707 1934 1791 2000 omni
1813 1932 1972 2001 solucione
1987 1943 2082 2001 erunt

527 2037 627 2120 liberi,
648 2035 763 2122 quibus
782 2036 897 2120 elapsis
918 2053 976 2101 nos
996 2034 1038 2102 de
1059 2033 1201 2118 quolibet
1220 2051 1330 2100 manso
1351 2033 1506 2101 fertonem
1527 2035 1651 2116 argenti
1671 2037 1867 2120 recipiemus,
1889 2040 1923 2101 ct
1948 2056 2006 2120 pro
2027 2036 2082 2102 de·

529 2141 610 2209 dms
631 2143 698 2206 tres
716 2139 848 2220 modios,
871 2156 969 2204 unum
991 2137 1091 2204 tritici
1113 2136 1210 2203 aliurn
1238 2135 1373 2219 siliginis
1403 2142 1437 2202 et
1462 2135 1594 2202 ternum
1621 2154 1735 2219 avene,
1764 2137 1804 2202 de
1832 2135 1910 2203 locis
1936 2156 2019 2219 vero,
2041 2137 2082 2205 de

526 2240 667 2329 qnalibet
688 2241 777 2308 curia
793 2240 931 2308 medium
951 2244 1074 2306 scotum
1095 2238 1219 2322 argenti
1245 2239 1443 2323 recipiemus
1487 2236 1536 2304 De
1556 2237 1700 2307 omnibns
1721 2245 1828 2306 autem
1853 2237 1978 2306 indiciis
2000 2238 2082 2306 inira

528 2343 717 2412 bodonem
738 2342 817 2409 dicti
838 2341 977 2423 sculteti,
1000 2359 1059 2407 nos
1079 2341 1159 2408 dnos
1179 2341 1325 2408 denarios
1346 2341 1532 2424 recipiemus
1552 2344 1586 2407 et
1605 2342 1760 2409 scultetus
1777 2342 1920 2423 tercium,
1942 2348 1976 2408 et
1996 2349 2083 2410 octa·

527 2464 600 2515 rum
620 2464 775 2514 mansum.
819 2444 969 2512 Preterea
989 2445 1096 2511 omnia
1115 2444 1187 2510 iura
1207 2461 1269 2528 qne
1290 2443 1352 2509 alie
1382 2444 1527 2511 ciuitates
1547 2444 1646 2513 libere
1664 2443 1931 2512 Tbeutuuicorum
1954 2445 2081 2526 babent,

528 2549 589 2635 ipsi
616 2548 716 2616 ωἰαιιι
738 2547 909 2614 habebunt
954 2546 986 2613 A
1011 2544 1217 2613 citacionibus
1234 2564 1320 2612 uero
1343 2544 1489 2612 omnibus
1513 2545 1671 2614 Polonieis
1699 2555 1733 2615 et
1761 2547 1976 2616 exsedonibus
1999 2566 2080 2633 quas
2209 2594 2212 2601 -

528 2650 712 2719 l'bentoniei
732 2649 836 2717 iacere
854 2668 918 2716 non
940 2651 1190 2724 consueverunt,
1215 2648 1342 2714 eosdau
1366 2647 1401 2713 in
1420 2652 1524 2714 toturn
1544 2667 1673 2732 prorsus
1694 2655 1728 2716 et
1750 2651 1957 2716 communiter
1979 2648 2083 2717 absol·

528 2752 638 2820 rinna
666 2750 840 2820 litantem
861 2751 920 2819 bec
942 2750 1141 2835 presentibus
1160 2749 1355 2835 temporibus
1379 2756 1413 2816 et
1433 2749 1550 2818 futuris
1569 2757 1642 2820 rata
1663 2756 1813 2819 maneant
1833 2755 1867 2818 et
1888 2751 2082 2833 inconcussa,

530 2873 657 2940 presens
676 2853 900 2922 documentum
923 2855 1025 2921 nostri
1047 2853 1143 2938 sigilli
1163 2853 1369 2936 impressione
1387 2853 1516 2937 dignum
1536 2853 1683 2922 duximus
1705 2853 1925 2922 roborandum.
1963 2854 2082 2922 Datum

531 2957 564 3025 ln
580 2957 739 3026 Pobsdisk
759 2976 843 3026 anno
862 2957 1095 3025 lncamacionis
1114 2957 1241 3024 Domini
1263 2956 1430 3024 millesimo
1455 2957 1669 3025 ducentesimo
1690 2956 1948 3042 quinquagesimo
1970 2957 2083 3041 primo,

529 3061 563 3129 in
584 3061 636 3130 dis
656 3060 743 3130 beati
764 3061 909 3129 Martini.
1651 3095 1653 3100 ·

633 3298 791 3384 mann,
815 3299 982 3382 roanos
1003 3298 1161 3385 nagan
1184 3300 1334 3380 mano.
1356 3299 1524 3383 mouns,
1549 3301 1754 3366 marana.

1204 3683 1279 3769 Nr.
1311 3677 1412 3766 297.

634 3878 831 3965 boleslaus
859 3879 1108 3965 duxPolonia
1135 3879 1469 3966 ota12511ior.
1498 3883 1568 3977 19,
1599 3879 1798 3986 Parnasia
1832 3905 1935 3968 tenus
1965 3900 2087 3967 Novam

531 3998 706 4069 biarchiam
728 3999 822 4067 etde
844 3998 1029 4085 Stemberg,
1057 4021 1120 4068 una
1147 4022 1218 4070 cnm
1239 3999 1472 4068 marchionibus
1497 3999 1851 4086 andenburgensibus
1878 4010 1912 4069 et
1943 4001 2087 4070 Conrado

531 4104 671 4188 gmerall
691 4103 845 4187 magistro
863 4102 992 4170 Ordinis
1013 4104 1208 4186 llreutonici,
1231 4122 1370 4171 necnon
1391 4102 1542 4170 iratribus
1560 4101 1736 4188 Hospitalis
1757 4122 1784 4171 a
1803 4103 1953 4172 lobannis
1964 4104 2088 4171 Ieroso·

532 4204 680 4289 limitent,
702 4206 799 4274 certis
820 4204 975 4272 limitibus
996 4206 1113 4274 circum
1135 4208 1272 4274 scribere
1293 4203 1379 4271 facit
1399 4204 1482 4289 (sic).

635 4313 749 4385 Riedel,
776 4312 878 4374 coda
899 4313 1048 4388 diplomat.
1065 4302 1322 4386 Brundendtrrffie,
1345 4313 1380 4381 A,
1395 4309 1448 4379 24,
1454 4326 1490 4386 p.
1503 4309 1555 4374 71.
1572 4313 1700 4389 (podlup
1713 4313 1823 4390 kapit.)
1842 4313 1964 4374 wnrnd
1981 4308 2087 4374 Lund-

531 4415 615 4492 oms
627 4433 654 4478 a.
673 4415 788 4477 Hersen
816 4413 923 4475 Wiellti
943 4416 1046 4476 mirtrz
1066 4411 1259 4493 Krzosaton,
1282 4413 1403 4494 maza
1424 4411 1574 4474 latorem
1591 4416 1632 4475 od
1650 4433 1678 4477 r.
1699 4412 1927 4488 reso-1241,
1950 4418 2019 4475 arie
2040 4417 2088 4475 tet

532 4534 560 4577 u
572 4517 689 4594 okdtcy
698 4533 738 4581 m.
753 4517 965 4597 Misdzyrzecz
981 4518 1090 4600 nance,
1106 4534 1127 4578 a
1137 4513 1348 4594 poniidjjulro
1361 4512 1511 4578 maome
1523 4515 1648 4579 mama
1660 4515 1713 4581 irs.
1728 4519 1813 4579 lana
1827 4518 2087 4594 lerosolimstiego

529 4621 662 4697 paduae,
679 4620 821 4697 nautam
841 4616 986 4680 ndnczm
1006 4620 1044 4681 do
1060 4619 1184 4680 worm
1204 4613 1470 4694 rempnryuszdo,
1489 4635 1511 4679 n
1525 4620 1648 4697 dapiero
1659 4638 1703 4698 po
1718 4623 1884 4686 murdris«
1898 4623 1996 4698 tegat,
2019 4626 2039 4681 t.
2056 4620 2086 4695 j.

532 4737 576 4784 aa
595 4723 748 4806 mantin
769 4721 825 4783 XI
829 4721 858 4780 V
873 4739 910 4785 n.
927 4724 1074 4799 przeazty
1094 4737 1137 4782 nc
1156 4716 1309 4782 ntmnodc'
1330 4716 1515 4783 annlerdu
1533 4720 1582 4784 dn.
1604 4724 1698 4787 larun.
1739 4723 1851 4787 Museo
1887 4724 1993 4785 Watcz
2013 4739 2090 4784 mre·

532 4825 625 4897 amia,
650 4819 738 4886 latire
757 4840 785 4883 n
803 4830 864 4900 tyni
886 4823 1080 4884 dolnrmencie
1108 4823 1172 4900 pod
1187 4823 1377 4883 mulslim
1399 4823 1502 4886 Krono
1523 4827 1702 4910 'inmites
1724 4827 1842 4888 sarlato
1865 4827 1989 4903 deplere
2009 4827 2087 4886 roim

533 4923 622 4988 1303
646 4944 665 4988 z
691 4927 747 4986 nri
782 4924 892 4987 Waltz
915 4942 958 4986 aa
987 4929 1094 4986 minato
1120 4928 1292 4986 Amucroa
1315 4926 1519 5002 mineruae
1558 4928 1590 4992 Ι.
1630 4928 1700 4992 Otr.
1733 4929 1907 4990 Beckmr
1939 4947 1966 4988 w
1999 4925 2089 5004 andj:

533 5027 758 5105 Μινώην
778 5028 835 5089 der
855 5029 1013 5091 ritteriicb
1032 5029 1214 5089 lobanniter
1240 5027 1370 5099 Ordens,
1390 5030 1528 5112 podnjqc
1547 5034 1661 5092 ostani
1679 5038 1769 5115 urtfp
1787 5033 1973 5110 portuum
1993 5032 2086 5093 dolat·

532 5136 643 5206 mter,
666 5130 735 5206 nj.
758 5129 998 5207 warmunt
1019 5127 1183 5193 Nomwici
1209 5132 1222 5190 i
1246 5130 1422 5207 renum,
1450 5134 1598 5208 pouiadc,
1626 5135 1662 5196 ie
1683 5134 1842 5195 manerat
1863 5137 2089 5214 poniisrppo·

532 5231 625 5294 uuae
643 5249 673 5295 r.
696 5230 792 5307 1251,
814 5247 835 5292 u
856 5232 955 5294 mint
973 5233 1229 5310 polmtadzorrym
1250 5249 1277 5295 r.
1301 5231 1401 5304 1311,
1431 5232 1485 5295 bez
1502 5235 1641 5312 podwin
1660 5235 1798 5298 undis
1818 5233 1939 5314 irddla,
1960 5256 2003 5302 nn
2022 5235 2089 5303 ltd-

1879 5355 1915 5411 bb
