4860 6180
2137 164 2209 240 ³11

665 372 730 446 nint
750 361 857 434 amnia
877 360 961 431 bona
981 364 1015 431 el
1036 381 1145 433 omnes
1164 363 1323 431 utilitates
1343 363 1483 449 ipserum
1504 367 1656 451 perhenni
1678 367 1785 453 quiete
1805 365 1938 435 feliciter
1959 366 2093 438 mutata
2121 368 2218 438 Deui-

667 495 737 566 qne,
758 490 800 539 nc
821 470 1092 539 homines-eorum
1114 468 1169 553 qui
1190 467 1224 534 iu
1245 467 1473 536 hereditatibus
1496 471 1560 537 hm
1587 470 1664 539 dieti
1692 469 1874 538 maumeth
1903 478 2097 556 manserunt,
2123 471 2219 542 urbes

665 584 722 651 ent
741 574 886 666 civitatee
906 573 1053 643 edificare
1082 579 1116 641 et
1140 591 1289 656 reparare
1317 578 1477 656 eoguntur,
1503 574 1566 641 nisi
1598 574 1640 642 ob
1665 573 1876 643 defensionem
1897 573 2033 642 ducatus
2052 576 2155 644 nostri
2176 575 2218 644 ub

666 679 856 761 {mentibus
885 679 1020 747 inimicis
1049 684 1119 746 tota
1147 683 1235 744 tenu
1263 676 1438 744 comuniter
1465 677 1562 744 fucrit
1595 683 1774 746 convocata
1819 674 1938 756 Quibus
1971 677 2068 746 etiam
2096 680 2217 767 largam

667 785 864 862 concedimus
885 784 1056 864 licentiam,
1079 787 1116 848 ut
1138 800 1209 848 cum
1231 780 1297 848 suis
1315 779 1525 848 mercimoniis
1547 781 1738 848 omniafere
1752 779 1963 865 frequentent,
1986 799 2049 847 nan
2071 782 2219 854 obstante

666 889 791 964 omnino
812 886 946 954 alicuius
966 884 1164 954 contumacia
1178 882 1320 951 nocendi.
1343 881 1399 950 Set
1419 902 1459 950 ne
1480 882 1619 952 iudicum
1639 887 1808 972 quisquam
1826 885 1873 952 eis
1886 883 2063 951 molestiam
2077 886 2217 972 aliquam

666 993 781 1067 audeat
801 988 917 1058 inferre
943 989 977 1055 iu
1005 988 1094 1054 nulle
1120 986 1247 1054 ommno
1276 985 1391 1053 iudicio
1414 991 1447 1052 et
1466 988 1607 1071 negotia
1632 989 1710 1072 quin
1731 988 1830 1056 eciam
1855 1006 1914 1056 uec
1934 1005 1989 1055 cos
2009 987 2126 1056 audeat
2146 991 2219 1074 quis

666 1113 837 1188 provocare
857 1098 933 1163 aute
953 1091 1118 1178 quodlibet
1135 1095 1274 1159 castnum
1301 1094 1359 1157 aut
1387 1089 1591 1158 castellamm
1619 1111 1675 1159 seu
1696 1091 1868 1177 quemlibet
1887 1090 2033 1173 iudicem,
2057 1092 2121 1159 nisi
2143 1100 2219 1163 aute

666 1219 733 1284 nes,
755 1204 790 1266 et
809 1196 870 1264 hoc
890 1215 955 1263 nen
975 1196 1044 1263 siue
1064 1193 1168 1280 sigillo
1196 1197 1315 1261 nostro.
1360 1192 1431 1261 Sint
1460 1192 1560 1261 mum
1591 1193 1633 1262 ab
1664 1197 1751 1263 omni
1775 1194 1926 1264 secularis
1952 1193 2045 1277 iuris,
2072 1194 2220 1265 videlicet

666 1299 840 1381 dicacis,
862 1298 1072 1367 budelliemm
1086 1303 1277 1379 nostrorum,
1293 1295 1433 1362 comunis
1448 1294 1567 1380 placiti,
1582 1298 1802 1383 expeditionis,
1823 1297 1936 1366 urbani
1950 1298 2055 1382 operis
2068 1306 2103 1367 et
2115 1318 2137 1367 a
2148 1299 2219 1370 iure
2322 1290 2326 1298 ’

665 1402 750 1491 quod
770 1400 934 1469 Herschilt
954 1400 1080 1482 dicitur,
1103 1400 1152 1467 vel
1171 1399 1317 1485 qualibus
1332 1397 1471 1466 serviciis
1484 1399 1619 1467 aliorum
1634 1400 1707 1468 ville
1720 1401 1884 1470 subiacent
1903 1401 1959 1487 qui
1975 1401 2109 1471 similem
2123 1402 2218 1472 luber·

469 1514 475 1575 2
599 1591 603 1598 Ι
667 1511 765 1576 tatem
786 1523 848 1572 uon
870 1502 1025 1587 obtinent
1046 1503 1105 1570 hoc
1126 1508 1177 1570 est
1197 1521 1219 1569 a
1237 1500 1364 1587 proved,
1382 1508 1530 1585 astrosa,
1545 1504 1767 1588 apodvorove
1782 1525 1803 1572 a
1817 1524 1933 1591 penes,
1949 1508 2218 1591 anamneslsd,

666 1610 707 1681 ab
727 1607 883 1678 assisiam
904 1607 1028 1691 cupitis,
1052 1627 1073 1674 a
1094 1612 1191 1691 ponte
1212 1604 1384 1673 edificando
1405 1623 1460 1672 seu
1481 1606 1667 1691 reparando,
1694 1614 1728 1675 ct
1748 1608 1790 1676 ab
1808 1609 1893 1677 omni
1911 1627 2041 1694 prorsus
2062 1609 2219 1680 seluhoue

667 1720 733 1783 hm
759 1716 870 1778 nostra
895 1728 991 1794 quam
1018 1725 1232 1776 succesorem
1258 1714 1437 1777 uasuonam
1465 1710 1691 1793 perpetualiter
1720 1712 1868 1797 exempti
1911 1713 2061 1780 Preterea
2092 1713 2219 1782 seltetis

666 1816 812 1884 villarum
833 1831 912 1898 quas
933 1812 1049 1880 iratres
1069 1811 1244 1897 supradicti
1266 1811 1386 1880 cenobii
1413 1811 1482 1879 iure
1510 1812 1705 1882 Teutonicali
1734 1815 1916 1899 locaverint,
1944 1814 2032 1882 fures
2058 1822 2093 1883 et
2121 1815 2219 1884 mule·

666 1919 801 1988 hetam
820 1916 970 2002 puuieudi
991 1921 1026 1984 et
1046 1916 1168 1984 maiora
1189 1914 1305 1982 iudicia
1320 1932 1392 1982 cum
1407 1914 1578 1983 minoribus
1591 1917 1757 1984 exercendi
1771 1924 1961 2002 potestatem
1976 1923 2130 2002 perpetuo
2145 1937 2219 1986 ean·

666 2022 804 2092 ferimus.
830 2020 961 2088 Fratres
982 2019 1080 2105 igitur
1100 2019 1164 2086 mm
1185 2019 1338 2086 nummati
1360 2018 1552 2102 monaterii,
1576 2023 1609 2086 et
1628 2037 1678 2086 res
1694 2024 1728 2086 et
1742 2038 1852 2086 curram
1866 2025 1901 2087 et
1914 2019 2056 2088 homines
2077 2021 2219 2105 ipsorum

666 2125 721 2213 qui
742 2123 931 2192 iuuaveriut
951 2123 992 2190 ud
1013 2121 1219 2207 possidendus
1240 2120 1433 2189 hereditates
1454 2140 1571 2203 eorum,
1592 2120 1626 2188 iu
1639 2122 1726 2189 omni
1739 2122 1878 2191 dominio
1896 2130 2006 2191 nosue
2027 2123 2220 2194 aseluticue

667 2226 804 2298 thelonei
826 2232 987 2311 exemptas
1007 2244 1077 2294 esse
1097 2232 1251 2310 perpetuo
1272 2223 1479 2292 concedimus.
1522 2223 1591 2292 Nec
1610 2225 1669 2292 ulli
1698 2226 1825 2293 omniuo
1850 2226 1945 2294 liceat
1966 2227 2049 2295 hauc
2071 2229 2218 2312 papinum

666 2331 794 2401 violare
838 2329 1023 2414 Quicumuc
1042 2329 1142 2415 igitur
1163 2329 1330 2397 temerarie
1358 2327 1418 2394 hoc
1443 2325 1612 2412 iufringere
1637 2327 1689 2396 vel
1718 2328 1769 2395 his
1796 2329 1952 2398 eauuaire
1981 2331 2218 2416 presumpserit,

666 2436 725 2505 Dei
750 2432 977 2520 omnipotentis
1005 2439 1040 2501 et
1067 2436 1177 2500 nostro
1206 2430 1301 2498 simul
1326 2429 1441 2498 iudicio
1467 2447 1501 2497 se
1522 2436 1691 2514 cognoscat
1711 2432 1745 2498 iu
1765 2432 1934 2500 navhdmo
1955 2433 2008 2501 die
2028 2452 2127 2501 reum.
2170 2432 2220 2502 Ut

666 2537 764 2623 igitur
781 2535 841 2604 hec
860 2535 967 2603 emula
987 2539 1061 2602 ratu
1088 2540 1122 2601 et
1149 2532 1333 2601 inconvulsa
1359 2537 1510 2617 perpetua
1531 2539 1746 2617 permenam,
1775 2534 1871 2621 sigilli
1899 2535 2002 2603 nesui
2027 2536 2219 2620 appensione

666 2643 846 2727 presentem
866 2638 1014 2724 pagiuam
1035 2635 1230 2706 roboramus.
1273 2640 1358 2705 Acta
1383 2640 1458 2703 sunt
1485 2635 1544 2703 hec
1568 2655 1653 2704 auno
1680 2637 1785 2722 gracie
1805 2635 2020 2705 licem
2041 2637 2075 2705 iu
2096 2637 2218 2721 Madet,

666 2747 813 2829 presente
833 2740 961 2810 domiue
981 2739 1120 2808 ilenrico
1141 2739 1280 2808 eiusdem
1306 2737 1427 2807 eeuebii
1454 2737 1578 2822 abbata,
1607 2757 1712 2807 coram
1741 2738 1832 2807 uobis
1860 2744 1895 2808 et
1921 2739 2079 2808 nebildvus
2100 2740 2219 2809 amuis

666 2862 800 2931 quorum
820 2843 881 2912 hec
905 2849 982 2911 suut
1009 2843 1152 2912 uomina:
1179 2859 1284 2910 comes
1308 2840 1462 2909 Iurostiau
1481 2838 1566 2908 filius
1586 2840 1714 2910 Falouis
1740 2859 1812 2910 cum
1832 2841 1932 2910 fratre
1950 2860 2008 2910 suo
2030 2840 2218 2928 Saudivopo,

666 2946 811 3015 deminus
841 2944 997 3015 Iohannes
1027 2944 1267 3015 archiehucauus
1297 2943 1520 3012 Pozusuiensis
1551 2949 1586 3012 et
1617 2943 1824 3012 concedamus
1852 2950 1971 3028 noster,
2001 2945 2219 3032 Mistiguesvus

667 3046 750 3118 hllus
769 3048 912 3133 Mathia,
924 3047 1112 3117 Vincentius
1132 3045 1217 3115 tilius
1234 3045 1382 3130 Nemere,
1402 3045 1533 3114 Iacobus
1553 3046 1687 3116 clericus
1703 3044 1789 3114 tilius
1810 3046 1944 3116 Albert‘a

669 3253 949 3424 'mmmm
965 3257 1117 3338 Poeedps
1138 3251 1591 3336 Pameutkovo‚ccuduzai1rtu
1602 3275 1631 3318 w
1644 3257 1760 3336 ctcbcy
1772 3258 1882 3320 mtuttc
1898 3254 2074 3337 &aima
2095 3251 2218 3338 uode,
2331 3196 2336 3206 Β

1346 3652 1421 3740 Nc.
1452 3648 1551 3740 351.

769 3849 926 3936 Prsulsl
952 3849 1029 3933 dux
1055 3847 1203 3933 Palania
1230 3853 1364 3931 1257
1389 3870 1420 3933 a
1441 3849 1490 3951 d,
1520 3847 1564 3932 in
1588 3848 1729 3953 bladon
1756 3867 1915 3952 cedma
1936 3886 1972 3938 se
1992 3868 2218 3938 manutentum

666 3970 805 4058 Parsdpt
839 3970 880 4039 ab
914 3970 1191 4039 cummutationem
1235 3968 1439 4038 haereditatis
1478 3968 1694 4056 Paulatltovo
1733 3970 1950 4054 defensurum,
1999 3972 2082 4039 bona
2121 3971 2218 4039 etism

668 4074 775 4142 omnia
806 4079 841 4142 et
870 4072 1083 4141 humeditutas
1113 4073 1213 4158 ipsius
1240 4073 1310 4140 iure
1340 4073 1532 4141 Theutoniea
1559 4072 1658 4141 locari
1687 4074 1843 4159 coneedit,
1874 4092 1992 4160 easque
2016 4072 2220 4159 amplissimis

666 4175 838 4263 pasena
858 4175 971 4243 nunc

436 4220 445 4335 :⁵
573 4282 661 4354 ’.
769 4279 1717 4361 κῳαιῡιωωικαιῶψήυειφωωωιισηω.

770 4482 809 4553 In
829 4484 955 4552 mmine
980 4489 1090 4552 sancte
1117 4488 1152 4551 et
1177 4483 1337 4551 individue
1361 4483 1526 4552 Trinitatis
1554 4502 1656 4553 umen.
1700 4485 1828 4556 Variani
1849 4488 1954 4556 solent
1975 4504 2080 4554 rerum
2102 4483 2219 4553 noticia

667 4603 816 4672 prccmu
837 4587 1002 4673 temperis,
1023 4586 1085 4653 uisi
1106 4585 1217 4672 scripti
1237 4586 1412 4654 authentici
1437 4591 1470 4652 st
1490 4585 1661 4670 proborum
1682 4589 1821 4658 virorum
1847 4591 2028 4659 testimonio
2046 4606 2219 4673 perennen-

668 4693 731 4757 bur.
753 4688 936 4758 huntescct
952 4707 1027 4774 erpo
1049 4694 1117 4756 mm
1135 4688 1333 4773 presentibus
1354 4708 1449 4773 quam
1469 4687 1595 4773 futuris,
1616 4691 1701 4777 quod
1723 4712 1781 4761 uos
1798 4693 1932 4762 Premisi
1953 4692 2014 4760 Dei
2034 4691 2142 4777 gracia
2154 4690 2219 4758 dux

660 4787 798 4860 eatena
817 4790 950 4860 dilectos
971 4794 1004 4860 in
1026 4789 1155 4860 Christe
1176 4790 1291 4860 fratres
1312 4790 1495 4859 monasterii
1515 4791 1555 4860 de
1577 4792 1787 4880 Gescichave‚
1806 4795 1892 4881 qued
1909 4794 2080 4864 Parudisus
2099 4811 2220 4862 nuncu·

667 4898 772 4980 putum
794 4892 922 4962 Ordinis
945 4892 1188 4979 certesiensis,
1217 4893 1337 4962 iutuitu
1357 4893 1462 4962 divine
1481 4895 1746 4965 remuneracionis
1764 4903 1798 4966 et
1815 4916 1873 4983 pre
1895 4897 2143 4966 mmmutacinne
2163 4895 2218 4965 he·

658 4994 814 5066 ¹reditatis
835 5015 897 5081 que
918 4996 1092 5082 vulgariter
1112 4997 1325 5066 aneutkova
1345 5004 1543 5082 nuncupatur
1563 5000 1749 5084 propensius
1777 4998 1944 5069 defendere
1968 5019 2008 5069 ac
2028 5000 2112 5068 tueri
2132 5004 2219 5069 sata·

549 5148 553 5155 -
668 5097 772 5184 muas
792 5104 828 5170 et
854 5099 1010 5187 presentis
1038 5099 1149 5186 scripti
1178 5099 1340 5186 privilegio
1366 5099 1633 5170 communivimus.
1677 5101 1716 5169 lu
1736 5102 1846 5188 primis
1867 5101 2063 5173 metuentes
2087 5108 2122 5172 et
2142 5101 2219 5174 hde-
