4860 6180
436 205 512 281 448

435 376 543 476 auum
563 359 845 475 domtromnaer
857 404 1119 489 concessionibus,
1141 404 1255 490 legatis
1276 402 1326 470 vel
1348 402 1477 486 relictis,
1498 401 1724 489 archiepiscopi
1745 370 1778 467 in
1797 402 1863 470 suls
1884 402 1985 486 Syne-
2113 473 2115 480 ,

435 509 485 586 dis
506 510 624 578 clerum
646 511 690 579 ibi
713 510 889 579 innomine
911 508 969 576 bor
992 515 1215 594 wnmcpntum
1237 509 1397 574 instruent
1410 512 1445 573 ct
1458 505 1638 589 informent,
1660 504 1743 589 quod
1765 503 1805 569 ad
1821 505 1985 591 ternplum
2114 530 2115 535 ¹

436 631 564 712 murum
584 614 700 698 singuli
721 615 755 682 in
775 633 834 681 sua
845 611 993 698 parochia
1009 611 1147 678 fidolium
1168 611 1307 678 excitent
1327 609 1521 689 voluntates
1543 613 1577 676 et
1591 608 1675 692 quod
1688 627 1710 675 u
1723 605 1875 691 plebanis,
1898 623 1986 692 pres·

434 714 564 800 byteris,
592 717 767 786 rectoribus
797 715 1024 802 parochialium
1051 715 1253 783 molosiacum
1281 711 1515 797 inquisitionem
1541 710 1661 778 iaciard
1681 710 1873 794 diligentem,
1895 709 1983 776 utin

436 817 538 886 luceru
556 821 664 888 veniat
684 827 718 888 ct
738 821 867 898 sciatur,
895 836 1000 900 aquo
1021 818 1070 885 ool
1088 816 1219 901 quibua,
1246 834 1308 899 que
1332 820 1367 880 et
1392 820 1514 898 quantu
1541 814 1575 880 in
1603 812 1735 896 singulis
1763 813 1919 897 parochiis
1947 829 1986 878 cx

436 920 606 991 donatione
627 921 764 989 fidelium
786 921 828 988 nd
849 919 944 986 Terre
966 918 1081 987 Sancte
1100 918 1274 986 subsidium
1296 916 1499 984 obvenerunt
1543 917 1633 996 Quod
1655 917 1683 983 si
1703 916 1785 984 iorte
1804 923 1987 984 executores
2102 917 2106 925 '

434 1023 617 1092 ultimarum
636 1025 844 1105 voluntatum,
863 1027 920 1090 aut
939 1020 1070 1089 heredes
1090 1023 1139 1089 vel
1161 1020 1441 1088 fideicommissarii
1469 1038 1577 1086 eorum
1604 1020 1661 1103 qui
1683 1018 1860 1085 huiusmodi
1890 1018 1986 1085 ‹lona-

437 1127 549 1209 tioncs,
571 1129 794 1208 concessiones,
817 1127 922 1209 leqnta
942 1125 1008 1192 sivo
1030 1125 1141 1192 relicta
1159 1142 1216 1190 seu
1237 1121 1477 1188 fideicommissa
1497 1121 1654 1203 iecissent,
1677 1122 1762 1188 iussa
1782 1125 1987 1189 testamento·

435 1247 507 1296 rura
524 1228 559 1295 in
580 1228 630 1295 bis
652 1247 714 1296 nou
736 1233 883 1296 curarent
903 1227 953 1293 vel
968 1226 1189 1311 protraherent
1211 1224 1391 1308 adimplere,
1413 1224 1639 1308 archicpiscopi
1657 1223 1706 1291 vel
1727 1223 1865 1307 episcopi
1883 1223 1987 1291 dioce-

433 1330 512 1412 sani,
534 1328 575 1398 ad
597 1349 730 1414 quonum
751 1330 887 1397 alliciam
909 1330 1048 1414 pertinet
1068 1330 1136 1413 pias
1164 1328 1344 1396 voluntates
1374 1327 1487 1410 exequi
1508 1327 1743 1408 defunctorum,
1766 1327 1807 1392 ad
1829 1341 1984 1411 exequen-

435 1431 511 1501 dum
531 1438 566 1501 et
586 1431 777 1517 implendum
800 1434 942 1517 predicta
963 1450 1195 1516 percensuram
1211 1430 1456 1498 ecclesiasticam
1469 1429 1660 1514 compellant
1674 1428 1808 1496 eosdem.
1838 1429 1986 1512 Quisquis

435 1540 543 1604 autern
564 1553 604 1603 ex
625 1535 803 1603 huiusmodi
824 1534 1063 1604 obventionibus
1077 1532 1198 1617 aliquid
1213 1533 1355 1617 rapuerit
1367 1532 1417 1600 vel
1435 1532 1614 1615 abstrderit,
1629 1532 1690 1598 uisi
1704 1531 1796 1615 plene
1809 1533 1987 1600 restituerit

434 1637 528 1707 adle
548 1640 722 1724 perpetrati
741 1640 867 1707 sceleris
889 1637 969 1705 inira
995 1644 1060 1703 tres
1081 1655 1213 1719 menses,
1246 1635 1294 1702 vel
1317 1635 1373 1720 qui
1394 1636 1428 1702 in
1447 1636 1494 1703 eis
1515 1635 1658 1703 frnudern
1676 1633 1795 1718 iecerit,
1824 1634 1886 1702 nisi
1904 1633 1987 1702 inira

435 1743 573 1827 spatium
592 1740 726 1824 predicti
747 1743 897 1828 temporis
918 1739 1131 1807 emendaverit
1151 1739 1193 1805 ad
1214 1739 1353 1824 plenum,
1375 1757 1410 1808 se
1430 1739 1555 1806 noverit
1572 1739 1642 1822 ipso
1669 1737 1753 1806 iacto
1776 1738 1987 1806 excommuni-

434 1844 568 1912 catlonis
589 1844 747 1911 sententia
765 1844 967 1925 innodatum
994 1862 1016 1910 u
1041 1861 1106 1927 qua
1130 1841 1255 1910 nonnisi
1285 1831 1439 1926 premissa
1467 1841 1670 1909 restitutione
1696 1841 1837 1926 plenaria
1861 1848 1896 1909 et
1917 1849 1986 1908 tan·

436 1945 566 2015 taudem
586 1945 627 2014 de
648 1963 706 2013 suo
727 1946 768 2013 ad
795 1946 968 2014 utilitatem
994 1945 1090 2013 Terre
1119 1945 1235 2014 Sancte
1263 1945 1392 2028 insuper
1419 1950 1560 2028 erogata,
1589 1962 1628 2010 ac
1656 1943 1791 2027 prestita
1818 1943 1986 2011 sufficienti

436 2049 592 2131 cantione,
614 2048 697 2133 quod
719 2048 853 2116 ulterius
874 2067 938 2116 non
959 2049 1099 2132 excedat,
1117 2067 1175 2133 per
1195 2049 1379 2116 diocesanos
1400 2046 1563 2133 episcopos
1584 2045 1757 2114 secuudum
1777 2044 1911 2114 iarmam
1926 2047 1986 2115 Ec·

437 2150 532 2219 elesle
551 2150 741 2219 absolvatur.

540 2256 586 2318 lle
607 2263 720 2334 reptem
742 2256 957 2320 Sacrmaentia
1002 2253 1039 2320 ln
1061 2253 1123 2321 tide
1143 2253 1320 2337 Trinitatis,
1341 2251 1571 2320 iucarnationis
1592 2256 1627 2319 et
1652 2257 1774 2336 septem
1803 2251 1987 2320 Sacramen-

437 2360 552 2438 torum,
574 2360 608 2423 et
629 2355 662 2422 lu
683 2361 805 2440 septem
826 2356 925 2423 Bonis
946 2355 1093 2441 operibus
1114 2375 1176 2441 que
1197 2362 1319 2441 septem
1342 2353 1540 2439 Capitalibus
1554 2353 1641 2420 vitiis
1655 2360 1865 2439 opponuntur,
1888 2374 1987 2440 popu·

435 2457 502 2526 lum
524 2463 590 2526 trun
611 2458 761 2526 maiorem
782 2478 876 2544 quem
898 2460 1049 2527 minorem
1071 2459 1250 2526 sacerdotes
1272 2458 1423 2526 studeant
1443 2458 1601 2524 iustruere
1628 2456 1805 2541 diligenter.
1848 2457 1897 2526 De
1918 2457 1987 2524 Tri·

434 2561 539 2630 nitate
559 2565 666 2628 autem
687 2561 729 2627 ad
750 2562 854 2629 minus
872 2561 984 2630 docere
1005 2566 1154 2628 tenentur
1173 2578 1334 2645 expresse:
1366 2559 1451 2645 quod
1480 2559 1576 2627 Pater
1601 2563 1636 2626 et
1664 2559 1765 2627 Filius
1789 2565 1823 2627 et
1849 2559 1986 2645 Spiritus

435 2669 574 2747 metas,
603 2667 669 2731 tres
690 2670 766 2731 sunt
795 2664 932 2732 Persone
959 2659 1104 2750 anusque
1129 2664 1216 2732 Deus
1246 2669 1281 2732 et
1311 2682 1376 2730 una
1396 2663 1535 2731 Persona
1554 2681 1619 2730 non
1640 2663 1780 2730 ostelia
1823 2663 1868 2730 Et
1889 2683 1986 2749 quum

434 2763 513 2834 tides
534 2784 598 2834 non
619 2765 781 2835 subiaceat
802 2768 928 2849 rationi,
952 2785 1014 2834 non
1035 2773 1086 2834 est
1107 2767 1301 2850 querendum
1328 2785 1386 2834 nec
1407 2784 1465 2850 per
1493 2766 1591 2834 laicos
1620 2765 1846 2850 disputandum
1874 2767 1914 2835 de
1937 2767 1986 2833 his

435 2886 498 2953 que
518 2867 559 2936 ud
576 2866 670 2935 iidem
691 2869 861 2953 pertinent,
883 2872 1039 2953 quomodo
1060 2871 1110 2938 vel
1132 2889 1244 2957 quare:
1274 2870 1331 2938 sed
1358 2869 1545 2955 sinpliciter
1569 2868 1698 2937 credere
1716 2868 1876 2952 debemus,
1898 2874 1932 2937 et
1952 2870 1986 2935 in

435 2968 542 3039 intnro
563 2970 657 3055 plene
677 2971 898 3056 intelligemus.
1678 2961 1701 3029 '-

539 3076 585 3138 lle
605 3076 831 3140 lncmrrmioae.
877 3073 970 3143 cira
987 3074 1079 3142 tidem
1101 3073 1332 3143 incarnationis
1353 3074 1466 3144 docere
1486 3073 1619 3143 debent:
1639 3073 1757 3141 Filium
1777 3073 1838 3142 Dei
1858 3093 1916 3158 pra
1937 3092 1986 3141 re·

435 3174 616 3260 demptione
635 3177 759 3260 generis
781 3176 910 3244 bomani
931 3196 1057 3245 carnem
1083 3179 1289 3262 assumpsisse
1315 3178 1349 3244 in
1377 3177 1472 3245 beata
1493 3177 1634 3261 Virgine,
1660 3176 1701 3244 de
1731 3194 1825 3245 carne
1846 3175 1985 3244 eiusdem

434 3277 577 3363 Virginis
598 3296 662 3345 non
682 3277 821 3346 humera
840 3279 897 3347 sed
917 3279 1041 3363 Spiritu
1062 3279 1279 3362 obumbrante,
1302 3282 1409 3365 etqui
1430 3281 1518 3363 prius
1540 3280 1626 3346 Deus
1652 3284 1732 3361 erat,
1759 3285 1827 3346 tum
1852 3277 1986 3347 eundem

435 3381 475 3448 de
492 3379 623 3465 virgine
644 3386 756 3447 natum
777 3399 855 3462 esse,
876 3381 1008 3466 Virgine
1029 3390 1176 3451 manente
1197 3384 1331 3468 integra,
1352 3390 1387 3453 et
1406 3384 1441 3451 in
1460 3384 1665 3467 conceptione
1686 3390 1720 3451 et
1747 3384 1781 3449 iu
1808 3383 1985 3451 nativitate.

435 3482 529 3551 Unde
549 3481 717 3568 prophete:
740 3482 910 3550 Descendit
931 3485 1014 3552 sicut
1032 3485 1139 3569 pluvia
1158 3484 1190 3552 in
1211 3485 1326 3566 vellus;
1356 3486 1465 3571 pluvie
1490 3487 1576 3554 eninr
1604 3487 1637 3552 in
1666 3485 1767 3554 vellus
1785 3485 1986 3570 descendeus,

435 3584 485 3653 vel
506 3590 649 3653 extructa
670 3604 691 3652 a
712 3584 836 3668 vellere,
857 3584 937 3652 illud
958 3605 1022 3654 non
1043 3588 1217 3671 corrumpit
1237 3587 1293 3655 sed
1315 3588 1463 3656 mundius
1483 3588 1570 3657 iacit.

502 3718 507 3728 ·
538 3691 585 3754 Bc
600 3693 754 3769 paccione
797 3687 919 3756 Docere
940 3688 1069 3757 debent:
1092 3689 1235 3757 Eundem
1255 3696 1453 3775 consputum,
1474 3691 1576 3775 nlapis
1599 3710 1704 3759 cesum
1720 3694 1755 3758 et
1769 3690 1987 3776 multipliciter

434 3789 572 3872 irrisum
594 3789 627 3856 iu
650 3807 742 3857 cruce
763 3796 897 3858 mortem
919 3790 1102 3858 vilissimum
1121 3792 1318 3876 sustinuisse,
1340 3798 1375 3861 et
1396 3793 1530 3861 eundem
1552 3795 1585 3860 in
1606 3794 1714 3860 anima
1734 3792 1931 3861 descendisse
1945 3793 1986 3860 ad

434 3890 552 3959 interm
570 3896 608 3959 ut
628 3892 749 3960 unimus
770 3899 949 3963 sauctorum
973 3893 1017 3959 ibi
1039 3894 1185 3962 detentas
1212 3894 1371 3979 educeret,
1397 3914 1528 3980 corpore
1553 3894 1680 3980 quidem
1707 3895 1741 3961 in
1770 3896 1913 3980 sepulcro
1941 3896 1987 3964 ia·

434 3993 551 4075 coisse3
573 3998 607 4061 et
627 3994 771 4062 Eundem
794 3996 826 4063 in
848 3995 957 4064 eedem
978 4014 1073 4064 cume
1094 3996 1279 4081 glorificata,
1304 3998 1401 4065 tertie
1420 3998 1473 4066 die
1493 4017 1515 4065 u
1535 3998 1668 4065 mortuis
1685 3999 1906 4080 resurrexisse
1929 4019 1987 4084 por

433 4114 528 4181 quem
549 4100 583 4164 et
602 4114 659 4164 nes
681 4114 788 4164 omues
807 4098 840 4164 in
862 4116 956 4166 curre
973 4117 1069 4182 quam
1089 4100 1226 4183 gerimus
1249 4117 1461 4185 resmqemus3
1488 4099 1544 4167 sed
1565 4118 1628 4167 non
1647 4117 1756 4167 omnes
1777 4100 1987 4168 imitabuntur

433 4217 519 4268 eum:
541 4198 616 4268 boui
637 4200 671 4266 in
690 4217 786 4267 earne
806 4199 991 4284 glorificata,
1012 4202 1089 4270 mali
1108 4222 1182 4271 vero
1200 4203 1234 4270 in
1256 4223 1352 4272 carne
1371 4209 1531 4289 corrupte
1562 4203 1655 4272 Unde
1669 4203 1846 4289 apostolus:
1869 4203 1987 4272 Omnes

433 4301 559 4386 quidem
581 4319 787 4386 resurgemus.

536 4408 583 4471 De
604 4409 784 4470 marasmon
804 4414 833 4470 el
857 4409 991 4484 spir-ina
1011 4412 1111 4471 rarrcb'
1124 4412 1269 4473 menime.
1312 4408 1357 4475 Et
1375 4409 1487 4476 docere
1501 4407 1632 4476 debent:
1653 4407 1797 4475 Eundem
1811 4409 1986 4496 quadruge·

432 4506 513 4574 sima
531 4505 584 4572 die
605 4505 646 4573 nd
667 4506 751 4573 celos
765 4506 950 4588 escendisse,
973 4512 1007 4574 et
1021 4508 1054 4573 in
1069 4510 1330 4594 quinquagesima
1344 4511 1395 4578 die
1410 4511 1563 4595 Spiritum
1578 4517 1722 4578 sanctum
1737 4511 1821 4578 sicut
1834 4514 1986 4597 promise·

432 4612 486 4676 rut
506 4607 642 4674 misisse:
666 4607 807 4675 Eundem
831 4615 998 4676 venturam
1020 4610 1061 4675 ad
1083 4611 1232 4678 iudicium
1254 4619 1288 4679 et
1311 4613 1506 4680 redditurum
1522 4613 1690 4696 uuicuique
1704 4613 1874 4681 secundum
1889 4634 1986 4700 opera

432 4729 504 4778 sua:
519 4709 609 4778 bonis
624 4710 721 4777 vitam
736 4718 886 4792 eternam,
902 4713 994 4779 malis
1017 4713 1120 4797 ignem
1135 4721 1288 4796 curuum,
1309 4715 1364 4798 qui
1378 4720 1510 4799 paratus
1524 4721 1575 4782 est
1588 4714 1713 4783 diabolo
1727 4722 1762 4785 et
1774 4717 1893 4802 angelis
1907 4718 1985 4786 cius

542 4816 579 4878 Ut
600 4832 659 4876 non
682 4823 849 4892 precer-atur
867 4821 947 4878 ratio
968 4819 1007 4880 de
1028 4822 1166 4880 melodis
1191 4822 1273 4894 fidet.
1319 4817 1452 4886 Dicatur
1474 4837 1549 4903 sepe
1576 4819 1675 4901 lalcis,
1698 4824 1737 4886 ut
1761 4839 1824 4888 non
1848 4828 1986 4905 querant

432 4914 588 5015 rationem
609 4912 649 4979 de
670 4914 813 4980 articvdis
836 4915 907 4981 tidci
927 4916 988 4982 uisi
1009 4916 1049 4983 do
1071 4917 1295 5002 Sacramentis3
1314 4921 1389 5005 quia
1409 4927 1499 4988 tanta
1521 4926 1573 4989 cst
1591 4920 1769 4988 sublimitas
1795 4923 1877 5006 tidci,
1900 4925 1984 5008 quod

432 5035 472 5084 ea
492 5035 554 5100 quc
576 5015 710 5082 subsunt
729 5016 811 5099 tidci,
834 5037 896 5084 non
919 5026 1052 5102 possunt
1074 5022 1236 5090 intellectu
1257 5023 1488 5108 comprehendi.
1534 5023 1628 5094 Unde
1646 5030 1679 5092 ct
1700 5024 1779 5092 udos
1806 5044 1869 5093 non
1888 5025 1985 5095 hnbct

432 5122 591 5209 meritum,
610 5122 659 5203 cui
682 5122 819 5191 bunraua
840 5125 922 5192 ratio
939 5125 1050 5214 prrebct
1068 5126 1254 5212 esonrplunr.
1352 5206 1354 5211 Ι
