4860 6180
484 414 560 490 508

588 612 625 680 in
647 611 737 681 euius
758 613 804 680 rei
827 610 1040 681 testimouium
1068 613 1232 694 presentes
1257 608 1382 676 litterus
1408 607 1512 692 sigillo
1538 611 1649 681 nostro
1678 604 1808 674 fecimus
1838 601 2053 686 communiri„

484 715 578 784 nno
600 713 727 784 Domini
748 712 1046 796 mccnxxxiv,
1069 713 1103 778 in
1125 711 1176 780 die
1197 709 1283 780 beuti
1303 711 1419 781 Brieeii
1441 712 1580 798 episcopi
1601 715 1635 780 et
1655 707 1851 779 confessoris.

589 952 794 1044 bubuceusis,
816 961 855 1025 dc
874 957 1002 1041 dudan,
1024 976 1043 1021 z
1065 956 1231 1024 semema
1250 954 1356 1024 hebrea

1155 1357 1231 1444 Nr.
1262 1353 1364 1444 549.

591 1588 779 1675 deoundm
805 1588 962 1673 Promisi
987 1589 1065 1672 dux
1090 1587 1242 1673 Polonlu
1276 1593 1409 1673 1284
1434 1587 1525 1671 dior.
1542 1589 1629 1683 28,
1645 1583 1689 1666 in
1705 1582 1871 1686 Poenum
1896 1597 2041 1669 eenoenit

488 1710 596 1781 comiti
617 1710 777 1797 Stephano
799 1710 970 1780 castellano
990 1709 1031 1779 de
1049 1709 1178 1791 limbis,
1200 1714 1238 1778 ut
1258 1709 1349 1778 villus
1370 1709 1471 1795 ipsius
1491 1706 1598 1775 iuius
1625 1704 1855 1772 'theutonicum
1880 1702 1987 1772 locare
2007 1706 2042 1770 et

488 1813 595 1884 villum
616 1813 724 1899 anin
742 1814 775 1881 in
796 1812 946 1898 oppidum
967 1813 1087 1897 erigere
1108 1810 1218 1896 possit
1371 1900 1374 1904 Ι

591 1916 728 1984 Pomm.
770 1920 891 1998 Romal.
914 1919 1020 1983 &aare
1040 1918 1133 1982 Arch
1175 1917 1261 1982 mort
1282 1924 1418 1984 resurr.
1446 1918 1576 1981 certes
1596 1932 1627 1980 u.
1650 1911 1921 1996 1555,s01.971.

592 2157 630 2227 ln
650 2157 777 2228 nenne
794 2157 923 2227 Domini
950 2175 1051 2225 amen.
1095 2156 1180 2225 Duru
1208 2156 1286 2224 vivit
1310 2155 1422 2224 littera
1446 2155 1525 2223 vivit
1553 2159 1588 2224 et
1614 2154 1699 2223 aetio
1728 2153 1895 2223 commissu
1922 2151 2041 2238 littere,

489 2261 579 2332 cuius
599 2260 734 2330 assertio
755 2261 859 2329 nutrit
876 2260 1058 2329 marronam
1089 2264 1123 2327 et
1150 2258 1301 2328 roborate
1327 2259 1461 2345 suscipit
1483 2259 1721 2327 incrementum
1765 2256 1850 2326 ilinc
1877 2262 1930 2326 est
1955 2256 2043 2342 quod
2074 2304 2077 2309 -

488 2381 548 2433 nos
568 2363 724 2432 secundus
745 2363 878 2432 Pmmisl
898 2363 959 2433 Dei
979 2362 1084 2449 pena
1105 2362 1169 2430 dur
1191 2362 1319 2432 Polouie
1339 2368 1452 2431 nutum
1472 2379 1542 2430 esse
1563 2362 1707 2447 cupimus
1728 2360 1887 2429 modernis
1908 2365 1943 2429 et
1955 2359 2042 2428 hitu-

488 2465 534 2535 ris
554 2470 735 2554 presentem
755 2466 896 2535 litterum
916 2465 1123 2549 intuentihus,
1142 2465 1228 2550 quod
1254 2484 1313 2534 uos
1342 2466 1569 2552 conspicientes
1595 2465 1688 2535 lidele
1716 2469 1750 2533 et
1776 2469 1924 2533 euristeus
1944 2465 2043 2532 servi·

489 2569 573 2640 dnm
591 2569 694 2639 nostri
714 2570 825 2639 militis
846 2570 970 2640 comitis
990 2569 1144 2656 supteri
1164 2568 1329 2638 castelluui
1348 2569 1389 2638 de
1409 2568 1528 2652 Kroba,
1550 2567 1609 2636 liiii
1637 2567 1761 2638 comitis
1790 2566 1938 2651 Scedrid,
1969 2585 2043 2636 cun·

490 2672 622 2742 tulirnus
642 2672 704 2742 sibi
721 2677 756 2742 et
777 2692 833 2742 sne
854 2673 1035 2758 posteritati
1056 2673 1090 2741 in
1104 2672 1188 2741 uillis
1203 2672 1269 2740 suis
1282 2672 1333 2740 ius
1347 2671 1577 2740 lheutonieum
1591 2672 1748 2750 collocari.
1772 2670 1943 2740 mcundum
1957 2671 2044 2756 quod

488 2779 524 2844 et
543 2774 607 2845 nlla
625 2775 771 2846 ciuitates
788 2781 822 2845 et
841 2776 917 2844 ville
934 2776 968 2844 in
988 2781 1098 2844 nostru
1118 2776 1257 2845 dominio
1279 2781 1355 2844 sunt
1374 2775 1487 2860 locate,
1516 2795 1579 2861 que
1600 2777 1773 2862 vulgariter
1797 2777 1843 2843 sic
1872 2780 2042 2845 voeauum

489 2875 628 2965 Dupino,
649 2876 705 2949 ubi
725 2878 830 2948 dietm
851 2878 1030 2964 Stephanus
1051 2898 1108 2948 seu
1129 2897 1324 2948 successores
1345 2879 1395 2947 sui
1417 2879 1577 2948 citimum
1598 2898 1656 2965 pm
1685 2897 1742 2946 suo
1771 2879 1889 2965 placito
1910 2877 2044 2947 colleca-

489 2979 580 3065 bont,
599 2980 745 3051 Siescovo
759 3000 831 3049 cum
845 2987 932 3051 sorte
947 3001 1008 3067 que
1022 2981 1222 3051 Ronhuhouu
1236 2987 1366 3051 vocabu
1380 2987 1415 3051 et
1435 3000 1531 3067 quam
1545 2989 1664 3050 sortem
1687 2983 1764 3050 emit
1783 2982 1823 3050 ab
1844 2981 1977 3050 hiberto
1991 2999 2044 3050 co·

490 3102 560 3154 ram
581 3081 671 3154 nobis
686 3089 720 3154 et
740 3084 859 3153 nostris
880 3085 1058 3168 baronibus,
1074 3084 1135 3152 sibi
1149 3091 1184 3154 et
1195 3085 1261 3152 suis
1276 3085 1411 3170 posteris
1427 3083 1616 3152 hereditarie
1631 3085 1665 3151 iu
1678 3089 1867 3169 perpetuum
1880 3078 2044 3170 possiden·

491 3184 584 3268 dern3
607 3185 697 3270 Osee,
719 3185 920 3273 Domashvy,
939 3206 1035 3272 quum
1054 3187 1163 3255 villum
1184 3186 1248 3254 iam
1269 3186 1387 3254 dictam
1409 3185 1469 3254 Do.
1491 3186 1591 3254 eciam
1617 3186 1700 3270 idem
1731 3186 1911 3272 Stephanus
1937 3205 2044 3256 msam

490 3287 581 3358 nobis
602 3289 681 3358 emit
701 3307 723 3357 s
743 3290 859 3358 comite
879 3289 1054 3374 Nepolouio
1076 3294 1111 3357 et
1131 3289 1283 3357 iratribus
1305 3289 1381 3372 suis,
1405 3289 1467 3357 sibi
1487 3293 1522 3357 et
1542 3289 1775 3358 suecessoribus
1795 3291 1865 3357 iure
1885 3289 2045 3358 heredita·

490 3390 539 3460 rio
559 3390 788 3478 perpetualiter
808 3391 1043 3477 possidendam
1065 3391 1231 3474 Podreeze‚
1253 3391 1365 3460 Gurka
1386 3396 1421 3460 et
1442 3390 1535 3478 Sowy
1556 3411 1619 3478 que
1639 3399 1692 3485 est
1711 3392 1839 3478 quidum
1864 3392 1967 3478 nestri
1991 3411 2046 3460 ve·

490 3494 622 3578 natoue,
643 3492 698 3563 ubi
719 3494 824 3564 dicun
842 3494 876 3563 S.
897 3500 931 3564 et
952 3494 1002 3563 sui
1020 3499 1235 3564 antecessores
1261 3489 1462 3563 venudonem
1491 3485 1672 3563 hubueurnt
1698 3483 1964 3580 malens
1988 3512 2046 3563 no·

491 3602 630 3668 atrorum
661 3599 912 3685 progenitorum:
944 3599 1055 3666 damus
1089 3598 1231 3684 predicto
1258 3595 1290 3665 S.
1317 3616 1376 3683 pro
1400 3598 1519 3683 placito
1544 3598 1653 3666 venari
1681 3592 1738 3665 seri
1767 3596 1866 3664 locari
1889 3597 1960 3665 iure
1980 3597 2046 3666 hm

493 3699 646 3787 predicto,
669 3699 852 3785 excipiendo
866 3699 1006 3786 prelatas
1019 3700 1211 3770 hereditates
1225 3697 1266 3767 ab
1280 3697 1331 3766 his
1353 3697 1563 3767 solutionibus
1577 3705 1612 3769 et
1631 3698 1867 3785 gruvsminibus
1886 3699 1965 3766 iuris
1983 3698 2046 3767 Po·

493 3800 599 3886 umet
613 3801 697 3870 sieut
712 3820 733 3870 a
747 3807 863 3886 strues,
877 3821 899 3871 s
912 3822 1018 3887 nuez,
1033 3823 1054 3873 a
1067 3804 1273 3888 pudueroue,
1290 3801 1487 3888 sporadlue,
1501 3820 1523 3870 s
1536 3820 1655 3886 pomos,
1669 3820 1691 3870 s
1704 3801 1815 3886 peuod
1826 3801 1909 3887 (sic),
1922 3820 1943 3870 a
1955 3801 2045 3885 beve,

490 3920 637 3987 amena,
658 3921 680 3971 s
699 3900 830 3986 fulcone,
854 3902 894 3972 ab
914 3905 1006 3989 opole
1023 3924 1095 3973 eum
1116 3924 1154 3974 eo
1175 3906 1210 3973 in
1228 3903 1315 3973 nullo
1332 3904 1458 3989 penitus
1479 3911 1575 3988 stare,
1597 3924 1618 3972 a
1639 3908 1773 3988 castore,
1788 3924 1810 3972 a
1823 3904 1974 3973 umbone
1992 3923 2046 3972 ee·

490 4003 551 4074 stri
571 4010 606 4075 at
623 4004 792 4075 cuiuslibet
809 4005 983 4091 diguitatis
1026 4006 1176 4077 Preterea
1199 4008 1233 4076 in
1251 4026 1348 4092 supra
1368 4006 1464 4074 dictis
1484 4006 1568 4075 villis
1594 4007 1660 4075 sive
1687 4006 1916 4075 hereditatibus
1943 4006 2046 4074 eidem

451 4179 456 4187 ,
491 4105 652 4194 Stephano
674 4126 792 4192 sueque
813 4109 995 4194 posteritati
1016 4111 1128 4182 damus
1153 4114 1187 4180 et
1208 4109 1407 4179 concedimus
1433 4109 1541 4178 omnia
1568 4109 1751 4194 gruvuminu
1778 4109 1857 4176 iuris
1885 4107 2048 4178 Theutho·

490 4208 564 4294 met,
586 4209 708 4279 scilicet
721 4209 899 4294 homicidia,
921 4211 1145 4296 desolationes,
1167 4211 1397 4297 suspensiones,
1419 4211 1638 4280 mutilationes
1653 4211 1875 4294 membrorum,
1894 4211 2045 4295 dochum,

491 4309 542 4380 ius
561 4311 804 4397 equestrem,
832 4318 957 4398 etque
983 4314 1077 4399 plura
1106 4315 1139 4382 iu
1170 4316 1240 4382 iure
1265 4313 1481 4382 Theuthouico
1510 4315 1651 4397 poterint
1671 4315 1798 4382 exoriri.
1841 4315 1921 4383 Item
1943 4315 2047 4382 omnis

492 4413 646 4483 scultetum
668 4419 702 4484 et
722 4415 772 4482 sui
793 4416 923 4500 posteri,
946 4422 1040 4501 pmut
1061 4418 1131 4485 iure
1152 4417 1215 4484 hm
1238 4416 1323 4485 dicto
1344 4417 1544 4500 contingerit,
1567 4416 1752 4484 iudicabunt
1773 4436 1880 4484 omues
1904 4424 2046 4502 quesne,

492 4520 526 4585 et
546 4523 717 4602 proventus
739 4517 851 4586 exinde
873 4518 1033 4587 venientes
1054 4519 1215 4604 prulictus
1236 4517 1269 4587 S.
1291 4519 1402 4603 suque
1423 4520 1544 4602 posteri
1565 4539 1629 4586 uua
1649 4539 1721 4588 cum
1742 4521 1809 4587 suis
1823 4520 1977 4588 indicibus
1991 4521 2048 4589 he·

494 4618 644 4687 redituris
666 4619 805 4704 recipere
825 4619 970 4704 debeant,
992 4622 1080 4689 nullo
1101 4641 1260 4691 assessore
1281 4625 1382 4691 nostri
1396 4623 1528 4690 dominii
1542 4624 1608 4691 sive
1622 4612 1790 4692 cuiuslibet
1804 4624 1968 4708 digniutis
1982 4643 2047 4693 me·

496 4720 604 4790 diante
625 4722 674 4790 vel
697 4723 940 4791 contradicente.
984 4725 1074 4808 Item,
1098 4727 1126 4793 si
1147 4726 1210 4794 duo
1240 4726 1382 4794 hommes
1405 4725 1577 4794 earundem
1603 4726 1748 4794 villarum
1777 4726 1910 4794 invicem
1928 4726 2048 4795 fuerim

493 4824 588 4893 occisi
616 4823 795 4909 ubieunque
829 4825 978 4909 locorum,
1006 4833 1071 4896 tam
1098 4829 1131 4895 in
1154 4829 1290 4914 propriis
1311 4848 1406 4913 quum
1436 4829 1469 4895 in
1495 4829 1609 4913 alienu
1635 4830 1701 4896 sive
1729 4848 1811 4896 unus
1835 4848 1907 4898 eum
1932 4831 2047 4915 alieno,

493 4926 693 5011 supradictus
721 4946 824 4996 comcs
842 4927 874 4995 S.
896 4935 931 4996 et
948 4931 997 4996 sui
1020 4931 1168 5014 lepitnmi
1188 4951 1383 5000 successores
1400 4951 1515 5017 penam
1535 4935 1601 5001 siue
1621 4933 1746 5018 culpem
1766 4933 1835 5001 iure
1856 4933 2048 5003 hereditario

492 5028 527 5095 in
548 5036 734 5113 perpetuum
755 5031 894 5114 recipere
916 5032 1163 5115 congaudebunt
1207 5034 1255 5102 Ut
1275 5041 1382 5102 autem
1403 5034 1462 5103 hee
1484 5034 1615 5103 donacio
1638 5035 1730 5104 lirruu
1751 5040 1786 5103 et
1807 5040 1879 5105 ratu
1899 5037 1933 5105 in
1954 5056 2047 5106 evum

494 5137 681 5216 perseveret,
703 5151 831 5217 presens
849 5133 1001 5217 scriptum
1023 5137 1125 5202 nostri
1144 5135 1240 5220 sigilli
1261 5137 1434 5206 munimine
1454 5138 1601 5206 duximus
1622 5137 1835 5207 roborandum
1849 5140 2048 5225 presentibus

494 5230 571 5300 hiis:
594 5232 708 5302 comite
729 5234 858 5302 Prusluo
880 5235 1052 5304 eostelluuo
1074 5238 1263 5322 Gnezneusi,
1286 5242 1400 5309 eoudte
1414 5241 1538 5308 hlatluiu
1557 5241 1730 5310 eustelluuo
1744 5242 1925 5327 Kalisiensi,
1947 5248 1982 5312 et
1995 5262 2048 5312 oo-

494 5335 572 5404 mitc
601 5334 760 5405 Stuscuue
811 5339 928 5406 lictum
960 5357 1044 5407 auno
1073 5339 1200 5408 Domini
1232 5342 1399 5411 millesimo
1431 5344 1646 5412 ducentesimo
1676 5345 1889 5430 uetuugesimo
1922 5352 2047 5430 qnnrto,
