4860 6180
1436 482 1511 572 Nn.
1543 458 1645 570 349.

872 679 1082 787 iiapitulum
1109 682 1255 766 aeclesia
1283 680 1484 766 inomaus.
1511 685 1645 763 1257
1670 677 1778 761 Mart
1795 681 1877 774 24,
1893 676 1936 759 ln
1954 675 2142 778 incudum
2161 679 2327 779 proneam

767 808 831 885 tur,
852 802 1045 871 sedecimas
1066 822 1140 870 suas
1161 803 1298 871 devilia
1320 802 1507 888 Wyszakow
1529 801 1653 868 dedisse
1681 798 1873 867 monasterio
1901 796 1941 864 dc
1970 795 2075 864 Lubin
2103 814 2163 882 pro
2191 795 2320 866 decimis

769 906 840 975 elus
860 904 901 973 (le
921 905 997 973 villa
1018 904 1204 990 Opatowlro.
1705 941 1708 947 ·

873 1008 1014 1088 Perperna.
1036 1012 1156 1087 crypta.
1182 1011 1311 1072 uzarae·
1332 1010 1374 1072 od
1390 1011 1627 1088 monimenta
1649 1003 1751 1071 amech
1768 1008 1915 1090 pieczfei.

872 1108 1009 1178 Potasti.
1033 1111 1198 1174 Biblioleka
1219 1110 1390 1192 Itaczyriale
1420 1114 1560 1190 Biploma
1586 1113 1622 1176 Β.
1644 1111 1674 1173 9.
1696 1143 1739 1156 -
1761 1105 1943 1188 Raezyrirlo’,
1970 1106 2041 1171 Coa.
2064 1106 2186 1184 diplom
2208 1106 2320 1173 Maior.

771 1216 876 1280 Polam
897 1215 979 1290 (Fae
989 1215 1108 1289 simila)

870 1413 909 1482 ln
930 1413 1056 1482 nomine
1077 1413 1204 1482 Domini
1218 1416 1320 1483 nostri
1333 1415 1429 1485 ihesu
1449 1415 1570 1484 christi
1591 1433 1693 1484 amen.
1726 1413 1880 1495 Quoniam
1900 1412 2004 1480 saneti
2025 1416 2143 1497 patres,
2167 1411 2322 1497 plurimas

767 1517 802 1586 in
822 1516 965 1586 Ecclesia
986 1516 1045 1584 Dei
1067 1536 1125 1602 pro
1146 1518 1284 1586 eiusdem
1307 1520 1436 1588 mmodo
1450 1526 1484 1587 et
1503 1521 1609 1604 quiete
1623 1522 1799 1586 statuentes
1813 1515 2001 1597 sanctiones,
2016 1515 2101 1582 inter
2116 1521 2238 1582 catems
2251 1533 2324 1599 per·

767 1621 959 1689 mutationes
977 1619 1076 1687 eciam
1098 1621 1235 1688 decimas
1257 1622 1385 1690 ecclesie
1407 1642 1479 1690 cum
1496 1624 1596 1690 eciam
1616 1622 1755 1689 locorum
1769 1625 1804 1687 et
1818 1624 1996 1703 temporum
2017 1617 2173 1702 qualitate
2185 1616 2323 1700 qualita-

769 1729 802 1791 te
815 1723 888 1808 (sic)
901 1723 1100 1792 cousidemta
1114 1725 1287 1809 permutari
1301 1731 1531 1807 conoessemnt,
1546 1743 1604 1792 nos
1618 1724 1811 1809 Gumnensis
1823 1721 1955 1789 ecclesie
1973 1720 2156 1804 Capitulum
2170 1719 2323 1786 decimam

769 1824 809 1894 de
830 1826 907 1895 nilla
927 1826 1084 1894 Visaehov
1112 1833 1220 1895 nostro
1251 1825 1399 1910 capitulo
1427 1827 1639 1911 pertinentem
1667 1844 1726 1911 pro
1753 1824 1876 1892 decima
1904 1822 1945 1890 de
1970 1822 2095 1907 Opotov
2116 1840 2189 1890 eum
2210 1821 2324 1890 Iacobo

658 1971 664 1983 ·
769 1927 885 1998 abbate
905 1948 943 1998 ac
963 1931 1032 1997 eius
1053 1927 1218 1997 conventu
1235 1927 1276 1996 (la
1297 1928 1401 1996 Lubiu
1422 1929 1684 2013 permutavimus,
1711 1927 1764 2012 pio
1785 1926 1826 1993 ad
1846 1926 1907 1995 hoc
1927 1924 2034 1993 favore
2054 1942 2093 1992 ac
2114 1923 2249 2009 benigrm
2270 1943 2323 1991 as·

768 2049 864 2100 seusu
876 2031 994 2100 domini
1008 2033 1108 2100 nostri
1121 2031 1268 2099 Fulmnis
1281 2030 1508 2115 archiepiscopi
1520 2030 1697 2113 aecedenoe,
1718 2036 1753 2098 at
1772 2029 1833 2096 hoc
1850 2035 1917 2095 tam
1931 2034 2040 2095 nostro
2055 2045 2151 2113 quam
2165 2027 2323 2113 predicto·

768 2153 841 2202 rum
858 2134 982 2202 abbatis
1000 2140 1035 2203 et
1056 2133 1236 2203 Conventus
1255 2134 1295 2201 de
1316 2133 1420 2201 Lubin
1441 2135 1570 2202 mmodo
1584 2138 1752 2217 prenotato
1770 2131 1856 2219 (sic).
1884 2130 1924 2199 Iu
1938 2131 2028 2199 euius
2046 2131 2093 2197 rei
2106 2130 2323 2197 testimonium

771 2242 950 2321 presentem
968 2237 1115 2323 pagiuam
1137 2235 1256 2304 domini
1277 2236 1379 2304 nostri
1401 2236 1437 2304 F.
1460 2235 1689 2320 archiepiscopi
1710 2240 1744 2303 at
1764 2234 1867 2303 nostri
1885 2232 2026 2319 capituli
2047 2232 2326 2318 9819919999

771 2337 989 2406 roborandam.
1033 2339 1152 2407 Datum
1181 2339 1215 2406 in
1245 2338 1397 2408 Gneadna
1427 2357 1510 2407 anno
1541 2336 1655 2406 1100.
1682 2337 1942 2423 8998989190
1970 2338 2121 2422 septimo,
2151 2335 2327 2404 Indictione

770 2437 841 2524 XV,
863 2457 947 2509 nono
968 2439 1129 2508 Kalendas
1149 2441 1278 2526 Aprilis.

875 2643 1044 2730 visseins,
1073 2645 1256 2728 Wyszaata·
1288 2645 1423 2731 opelos,
1449 2646 1618 2729 Opotoolco⁸
1651 2644 1765 2728 Lubin,
1786 2649 1888 2713 Latia

1445 2944 1520 3031 Nr.
1552 2941 1653 3030 350.

877 3135 1036 3223 Promul
1062 3139 1139 3222 dux
1162 3137 1313 3222 Polonia
1345 3144 1478 3222 1257
1511 3162 1540 3225 s
1568 3141 1614 3243 (1,
1640 3142 1684 3224 in
1708 3139 1846 3244 Iouam
1869 3157 2020 3241 aaaron
2042 3176 2079 3227 se
2100 3159 2328 3227 memorium

673 3344 676 3349 q
774 3257 927 3345 Paraclyt,
956 3257 1041 3344 quod
1069 3258 1270 3343 amplissimis
1296 3261 1400 3327 munit
1431 3261 1612 3346 privilegiis,
1644 3260 1686 3329 ob
1722 3262 1999 3331 commutationem
2026 3261 2233 3331 immtatis
2268 3261 2330 3330 Pa·

774 3363 945 3450 miatkouo
967 3361 1178 3431 defensurum.
1552 3451 1553 3455 Ἴ

879 3471 1022 3546 Pernam.
1045 3473 1162 3547 oronim
1204 3469 1331 3531 uzarae·
1359 3471 1401 3533 od
1424 3473 1662 3550 przpwleezeaa‘a
1685 3473 1823 3556 pa'eczfea'
1842 3471 1957 3557 ksifcia
1979 3472 2212 3551 meana,
2238 3468 2330 3535 latera

775 3570 884 3634 oaotm
903 3572 1106 3645 mahometum·
1134 3579 1278 3647 prleczpc
1296 3579 1378 3644 XV.)

854 3671 1014 3768 'Pomona
1048 3673 1212 3737 Bitiiolclcu
1235 3672 1404 3753 Raczyrial’.
1435 3676 1572 3753 nuptam
1600 3676 1636 3740 B.
1655 3674 1706 3739 10.
1720 3708 1765 3722 -
1778 3673 1962 3756 Raczpislcr’,
1989 3677 2060 3742 Coa.
2079 3677 2199 3756 cepam
2217 3678 2329 3742 Maior.

777 3776 881 3841 eona
904 3775 957 3840 42.
1978 3791 1983 3802 ·

879 3960 917 4028 ln
938 3962 1065 4030 nomine
1086 3967 1196 4031 sancte
1217 3967 1251 4028 et
1276 3960 1436 4029 individue
1460 3962 1628 4030 Trinitatis
1654 3982 1755 4032 amen.
1799 3963 1925 4032 Variani
1954 3966 2059 4034 solent
2084 3985 2191 4034 renum
2211 3967 2328 4034 noueic

775 4079 926 4150 processu
946 4065 1112 4149 temporis,
1139 4063 1200 4129 uisi
1225 4063 1336 4148 scripti
1360 4065 1512 4132 autentici
1538 4072 1573 4133 et
1597 4065 1806 4150 probabilium
1830 4069 1969 4136 virorum
1995 4069 2176 4136 testimonio
2196 4070 2330 4154 perham

775 4172 901 4235 nentur.
935 4166 1118 4234 innotescat
1138 4167 1236 4250 igitur
1257 4173 1323 4234 tam
1345 4168 1543 4251 presentibus
1562 4187 1657 4252 quam
1678 4166 1803 4253 futuris,
1824 4170 1909 4254 qnod
1924 4190 1982 4239 nos
1995 4170 2129 4239 Premisl
2143 4171 2205 4239 Dei
2224 4173 2332 4256 gracia

776 4268 842 4337 dux
861 4270 990 4338 Polouie
1008 4271 1140 4337 dilectos
1163 4271 1196 4336 in
1218 4269 1347 4338 Christo
1368 4269 1483 4338 iratres
1497 4272 1679 4340 monasterii
1693 4271 1734 4338 ‹le
1749 4272 1940 4357 Gosticlrou‚
1962 4276 2046 4360 quod
2066 4275 2237 4343 Paradisus
2251 4295 2330 4341 nun·

776 4381 921 4459 carpatur,
944 4373 1072 4440 ominis
1095 4372 1331 4458 cysterciensis,
1357 4375 1475 4441 intuitu
1497 4375 1601 4441 divim
1622 4376 1882 4443 remunerationis
1908 4383 1942 4444 et
1962 4396 2020 4461 pro
2042 4378 2257 4445 mmutatione
2276 4377 2332 4445 he·

775 4475 922 4543 radicata
943 4495 1005 4560 qua
1025 4475 1197 4559 wlgariter
1221 4476 1437 4544 Pamcntkovo
1459 4484 1660 4561 nuncupatur
1683 4479 1870 4561 propensius
1896 4478 2064 4546 delendem
2085 4498 2123 4548 aa
2143 4480 2227 4548 tueri
2246 4487 2333 4548 sata·

776 4577 890 4663 murus,
912 4584 945 4644 et
966 4578 1122 4661 presentis
1142 4577 1251 4661 scripti
1273 4579 1437 4663 privilagio
1462 4580 1668 4647 comunimus.
1711 4578 1749 4646 In
1775 4581 1885 4663 primis
1913 4580 2110 4650 conferentes
2138 4590 2173 4651 et
2196 4583 2334 4651 iioleliter
2382 4649 2386 4658 ,

777 4678 824 4749 cis
846 4679 1067 4747 continuantes
1088 4681 1298 4748 omnimodam
1320 4681 1500 4750 libertatem
1520 4684 1553 4750 in
1572 4682 1717 4750 omnibus
1732 4683 1959 4751 hamditatibus
1978 4685 2134 4769 ipsorum,
2155 4704 2236 4771 quas
2249 4703 2334 4753 nunc

777 4783 941 4868 pmsident
961 4790 1018 4852 ant
1039 4785 1072 4850 in
1095 4783 1235 4851 futurum
1262 4791 1339 4851 sunt
1363 4787 1522 4869 posessuri
1552 4793 1585 4854 et
1610 4787 1699 4853 nous
1720 4786 1898 4853 nominibus
1919 4787 2130 4870 appellaturi3
2151 4788 2243 4855 uillas
2265 4789 2334 4856 lure

777 4883 974 4955 Teutonicali
996 4886 1143 4954 locandos
1158 4888 1283 4972 planam
1298 4886 1436 4956 habeant
1452 4888 1635 4957 laenitatem
1650 4890 1781 4955 inomni
1796 4889 1933 4956 dominio
1946 4895 2067 4957 nostro.
2101 4889 2169 4960 llac
2181 4909 2333 4975 umquam

779 4985 894 5071 91899
916 4989 1086 5056 temeraria
1105 4991 1340 5075 presumptione
1362 4991 1503 5059 inbonis
1525 5012 1644 5074 eorum,
1664 4992 1786 5060 scilicet
1805 4993 1900 5074 agris,
1923 4993 2035 5076 pmtis‚
2050 4995 2152 5077 aquis
2173 4994 2262 5061 silvis
2277 5013 2333 5062 sou

778 5092 958 5160 nemoribus
980 5092 1029 5160 rel
1051 5092 1165 5160 ceteris
1188 5093 1380 5164 utilitatibus
1399 5113 1511 5164 nocem
1532 5103 1590 5165 aut
1611 5094 1758 5162 invalere
1785 5101 1946 5180 prasumat
1970 5095 2081 5164 frivolo
2100 5096 2266 5183 obtunsio,
2285 5104 2335 5165 set
