<?xml version="1.0" encoding="UTF-8"?>
<!DOCTYPE html PUBLIC "-//W3C//DTD XHTML 1.0 Transitional//EN"
    "http://www.w3.org/TR/xhtml1/DTD/xhtml1-transitional.dtd">
<html xmlns="http://www.w3.org/1999/xhtml" xml:lang="en" lang="en">
 <head>
  <title>
</title>
<meta http-equiv="Content-Type" content="text/html;charset=utf-8" />
  <meta name='ocr-system' content='tesseract 3.04.00' />
  <meta name='ocr-capabilities' content='ocr_page ocr_carea ocr_par ocr_line ocrx_word'/>
</head>
<body>
  <div class='ocr_page' id='page_1' title='image "./codexdiplomatic03zakrgoog_0318.png"; bbox 0 0 4860 6180; ppageno 0'>
   <div class='ocr_carea' id='block_1_1' title="bbox 1101 497 1309 589">
    <p class='ocr_par' dir='ltr' id='par_1_1' title="bbox 1101 497 1309 589">
     <span class='ocr_line' id='line_1_1' title="bbox 1101 497 1309 589; baseline 0.005 -2"><span class='ocrx_word' id='word_1_1' title='bbox 1101 501 1176 589; x_wconf 65' lang='grc' dir='ltr'>Νη</span> <span class='ocrx_word' id='word_1_2' title='bbox 1208 497 1309 588; x_wconf 84' lang='grc'><strong>424.</strong></span> 
     </span>
    </p>
   </div>
   <div class='ocr_carea' id='block_1_2' title="bbox 434 708 2124 1130">
    <p class='ocr_par' dir='ltr' id='par_1_2' title="bbox 434 708 2124 1028">
     <span class='ocr_line' id='line_1_2' title="bbox 538 708 2124 810; baseline -0.008 -8"><span class='ocrx_word' id='word_1_3' title='bbox 538 717 734 803; x_wconf 85' lang='lat' dir='ltr'>Boloslaas</span> <span class='ocrx_word' id='word_1_4' title='bbox 759 717 865 802; x_wconf 82' lang='lat' dir='ltr'>filius</span> <span class='ocrx_word' id='word_1_5' title='bbox 883 718 1073 802; x_wconf 71' lang='lat' dir='ltr'>vladislai</span> <span class='ocrx_word' id='word_1_6' title='bbox 1100 719 1178 801; x_wconf 81' lang='lat' dir='ltr'>dax</span> <span class='ocrx_word' id='word_1_7' title='bbox 1194 717 1345 802; x_wconf 89' lang='lat' dir='ltr'>Polonio</span> <span class='ocrx_word' id='word_1_8' title='bbox 1372 708 1986 810; x_wconf 76' lang='lat' dir='ltr'>1267lebr.16,inllanlrow;</span> <span class='ocrx_word' id='word_1_9' title='bbox 2029 743 2033 751; x_wconf 95' lang='lat'><em>·</em></span> <span class='ocrx_word' id='word_1_10' title='bbox 2118 759 2124 779; x_wconf 89' lang='lat'>.-</span> 
     </span>
     <span class='ocr_line' id='line_1_3' title="bbox 434 830 1986 925; baseline -0.008 -15"><span class='ocrx_word' id='word_1_11' title='bbox 434 847 610 911; x_wconf 85' lang='lat' dir='ltr'>commutat</span> <span class='ocrx_word' id='word_1_12' title='bbox 631 860 689 925; x_wconf 93' lang='lat' dir='ltr'>pro</span> <span class='ocrx_word' id='word_1_13' title='bbox 711 841 787 909; x_wconf 85' lang='lat' dir='ltr'>villa</span> <span class='ocrx_word' id='word_1_14' title='bbox 807 841 956 909; x_wconf 86' lang='lat' dir='ltr'>ecclcsiae</span> <span class='ocrx_word' id='word_1_15' title='bbox 969 842 1009 909; x_wconf 91' lang='lat' dir='ltr'>do</span> <span class='ocrx_word' id='word_1_16' title='bbox 1031 841 1188 908; x_wconf 82' lang='lat' dir='ltr'>Wroclau</span> <span class='ocrx_word' id='word_1_17' title='bbox 1209 840 1298 907; x_wconf 86' lang='lat' dir='ltr'>dicta</span> <span class='ocrx_word' id='word_1_18' title='bbox 1317 838 1480 921; x_wconf 75' lang='lat' dir='ltr'>libraria,</span> <span class='ocrx_word' id='word_1_19' title='bbox 1502 837 1594 904; x_wconf 81' lang='lat' dir='ltr'>villas</span> <span class='ocrx_word' id='word_1_20' title='bbox 1608 852 1683 900; x_wconf 84' lang='lat' dir='ltr'>suas</span> <span class='ocrx_word' id='word_1_21' title='bbox 1704 831 1815 917; x_wconf 81' lang='lat' dir='ltr'>Zdnay</span> <span class='ocrx_word' id='word_1_22' title='bbox 1829 837 1864 899; x_wconf 87' lang='lat' dir='ltr'>et</span> <span class='ocrx_word' id='word_1_23' title='bbox 1877 830 1986 900; x_wconf 77' lang='lat' dir='ltr'>nano</span> 
     </span>
     <span class='ocr_line' id='line_1_4' title="bbox 435 934 1657 1028; baseline -0.006 -16"><span class='ocrx_word' id='word_1_24' title='bbox 435 943 516 1028; x_wconf 75' lang='lat' dir='ltr'>icor,</span> <span class='ocrx_word' id='word_1_25' title='bbox 538 951 573 1013; x_wconf 89' lang='lat' dir='ltr'>et</span> <span class='ocrx_word' id='word_1_26' title='bbox 594 945 628 1012; x_wconf 88' lang='lat' dir='ltr'>in</span> <span class='ocrx_word' id='word_1_27' title='bbox 649 944 696 1011; x_wconf 88' lang='lat' dir='ltr'>cis</span> <span class='ocrx_word' id='word_1_28' title='bbox 717 934 877 1012; x_wconf 67' lang='lat' dir='ltr'>conen</span> <span class='ocrx_word' id='word_1_29' title='bbox 895 951 930 1012; x_wconf 89' lang='lat' dir='ltr'>et</span> <span class='ocrx_word' id='word_1_30' title='bbox 950 943 1052 1012; x_wconf 80' lang='lat' dir='ltr'>ionum</span> <span class='ocrx_word' id='word_1_31' title='bbox 1073 943 1144 1012; x_wconf 89' lang='lat' dir='ltr'>iare</span> <span class='ocrx_word' id='word_1_32' title='bbox 1164 942 1357 1011; x_wconf 85' lang='lat' dir='ltr'>Tbcutonico</span> <span class='ocrx_word' id='word_1_33' title='bbox 1378 943 1482 1012; x_wconf 85' lang='lat' dir='ltr'>locare</span> <span class='ocrx_word' id='word_1_34' title='bbox 1504 938 1657 1010; x_wconf 85' lang='lat' dir='ltr'>concedit</span> 
     </span>
    </p>

    <p class='ocr_par' dir='ltr' id='par_1_3' title="bbox 539 1050 1139 1130">
     <span class='ocr_line' id='line_1_5' title="bbox 539 1050 1139 1130; baseline 0 -16"><span class='ocrx_word' id='word_1_35' title='bbox 539 1051 655 1130; x_wconf 61' lang='lat' dir='ltr'>Dorici,</span> <span class='ocrx_word' id='word_1_36' title='bbox 683 1050 784 1113; x_wconf 70' lang='lat' dir='ltr'>coda</span> <span class='ocrx_word' id='word_1_37' title='bbox 804 1052 987 1129; x_wconf 62' lang='lat' dir='ltr'>deponsata.</span> <span class='ocrx_word' id='word_1_38' title='bbox 1012 1052 1041 1125; x_wconf 87' lang='lat' dir='ltr'>I,</span> <span class='ocrx_word' id='word_1_39' title='bbox 1063 1050 1139 1114; x_wconf 76' lang='lat'><strong><em>53⁷.</em></strong></span> 
     </span>
    </p>
   </div>
   <div class='ocr_carea' id='block_1_3' title="bbox 539 1247 2119 1334">
    <p class='ocr_par' dir='ltr' id='par_1_4' title="bbox 539 1247 2119 1334">
     <span class='ocr_line' id='line_1_6' title="bbox 539 1247 2119 1334; baseline -0.004 -15"><span class='ocrx_word' id='word_1_40' title='bbox 539 1252 578 1319; x_wconf 88' lang='lat' dir='ltr'>ln</span> <span class='ocrx_word' id='word_1_41' title='bbox 598 1252 725 1320; x_wconf 89' lang='lat' dir='ltr'>nomine</span> <span class='ocrx_word' id='word_1_42' title='bbox 743 1251 871 1319; x_wconf 84' lang='lat' dir='ltr'>Domini</span> <span class='ocrx_word' id='word_1_43' title='bbox 892 1272 993 1322; x_wconf 86' lang='lat' dir='ltr'>amen.</span> <span class='ocrx_word' id='word_1_44' title='bbox 1038 1253 1191 1334; x_wconf 85' lang='lat' dir='ltr'>Quoniam</span> <span class='ocrx_word' id='word_1_45' title='bbox 1212 1253 1255 1321; x_wconf 91' lang='lat' dir='ltr'>ab</span> <span class='ocrx_word' id='word_1_46' title='bbox 1276 1252 1415 1320; x_wconf 84' lang='lat' dir='ltr'>bumana</span> <span class='ocrx_word' id='word_1_47' title='bbox 1432 1249 1554 1318; x_wconf 78' lang='lat' dir='ltr'>taedias</span> <span class='ocrx_word' id='word_1_48' title='bbox 1576 1248 1746 1317; x_wconf 86' lang='lat' dir='ltr'>elabantur</span> <span class='ocrx_word' id='word_1_49' title='bbox 1759 1247 1987 1330; x_wconf 85' lang='lat' dir='ltr'>memoriaque</span> <span class='ocrx_word' id='word_1_50' title='bbox 2117 1298 2119 1301; x_wconf 89' lang='lat'>.</span> 
     </span>
    </p>
   </div>
   <div class='ocr_carea' id='block_1_4' title="bbox 279 1349 2124 1441">
    <p class='ocr_par' dir='ltr' id='par_1_5' title="bbox 279 1349 2124 1441">
     <span class='ocr_line' id='line_1_7' title="bbox 279 1349 2124 1441; baseline -0.005 -16"><span class='ocrx_word' id='word_1_51' title='bbox 279 1424 284 1435; x_wconf 79' lang='grc'><em>,</em></span> <span class='ocrx_word' id='word_1_52' title='bbox 434 1374 494 1425; x_wconf 87' lang='lat' dir='ltr'>nec</span> <span class='ocrx_word' id='word_1_53' title='bbox 514 1354 634 1439; x_wconf 86' lang='lat' dir='ltr'>scripto</span> <span class='ocrx_word' id='word_1_54' title='bbox 655 1372 714 1422; x_wconf 89' lang='lat' dir='ltr'>nec</span> <span class='ocrx_word' id='word_1_55' title='bbox 735 1373 810 1423; x_wconf 84' lang='lat' dir='ltr'>voco</span> <span class='ocrx_word' id='word_1_56' title='bbox 835 1357 963 1425; x_wconf 84' lang='lat' dir='ltr'>testium</span> <span class='ocrx_word' id='word_1_57' title='bbox 991 1358 1124 1425; x_wconf 87' lang='lat' dir='ltr'>tirmiter</span> <span class='ocrx_word' id='word_1_58' title='bbox 1151 1363 1375 1441; x_wconf 73' lang='lat' dir='ltr'>perducantur,</span> <span class='ocrx_word' id='word_1_59' title='bbox 1407 1354 1542 1438; x_wconf 79' lang='lat' dir='ltr'>ideoque</span> <span class='ocrx_word' id='word_1_60' title='bbox 1572 1370 1624 1419; x_wconf 83' lang='lat' dir='ltr'>ras</span> <span class='ocrx_word' id='word_1_61' title='bbox 1653 1352 1751 1436; x_wconf 77' lang='lat' dir='ltr'>digna</span> <span class='ocrx_word' id='word_1_62' title='bbox 1777 1349 1928 1418; x_wconf 84' lang='lat' dir='ltr'><strong>memorie</strong></span> <span class='ocrx_word' id='word_1_63' title='bbox 1953 1349 1987 1415; x_wconf 92' lang='lat' dir='ltr'>in</span> <span class='ocrx_word' id='word_1_64' title='bbox 2119 1358 2124 1373; x_wconf 78' lang='grc'>·’</span> 
     </span>
    </p>
   </div>
   <div class='ocr_carea' id='block_1_5' title="bbox 434 1453 2042 1647">
    <p class='ocr_par' dir='ltr' id='par_1_6' title="bbox 434 1453 2042 1647">
     <span class='ocr_line' id='line_1_8' title="bbox 434 1453 2042 1544; baseline -0.005 -17"><span class='ocrx_word' id='word_1_65' title='bbox 434 1459 589 1543; x_wconf 80' lang='lat' dir='ltr'>scriptum</span> <span class='ocrx_word' id='word_1_66' title='bbox 610 1457 735 1542; x_wconf 76' lang='lat' dir='ltr'>redigit,</span> <span class='ocrx_word' id='word_1_67' title='bbox 757 1477 798 1526; x_wconf 91' lang='lat' dir='ltr'>ae</span> <span class='ocrx_word' id='word_1_68' title='bbox 817 1458 901 1544; x_wconf 87' lang='lat' dir='ltr'>quod</span> <span class='ocrx_word' id='word_1_69' title='bbox 923 1478 1089 1528; x_wconf 72' lang='lat' dir='ltr'>canescens</span> <span class='ocrx_word' id='word_1_70' title='bbox 1110 1459 1270 1527; x_wconf 81' lang='lat' dir='ltr'>conuaxit</span> <span class='ocrx_word' id='word_1_71' title='bbox 1291 1457 1475 1542; x_wconf 74' lang='lat' dir='ltr'><strong>antiquitas,</strong></span> <span class='ocrx_word' id='word_1_72' title='bbox 1496 1456 1537 1522; x_wconf 88' lang='lat' dir='ltr'>de</span> <span class='ocrx_word' id='word_1_73' title='bbox 1558 1453 1644 1524; x_wconf 79' lang='lat' dir='ltr'>facili</span> <span class='ocrx_word' id='word_1_74' title='bbox 1664 1454 1770 1522; x_wconf 71' lang='lat' dir='ltr'>ralmt</span> <span class='ocrx_word' id='word_1_75' title='bbox 1790 1473 1848 1539; x_wconf 91' lang='lat' dir='ltr'>per</span> <span class='ocrx_word' id='word_1_76' title='bbox 1868 1459 1987 1521; x_wconf 84' lang='lat' dir='ltr'>etatem</span> <span class='ocrx_word' id='word_1_77' title='bbox 2038 1502 2042 1510; x_wconf 90' lang='lat'>.</span> 
     </span>
     <span class='ocr_line' id='line_1_9' title="bbox 434 1557 1987 1647; baseline -0.004 -18"><span class='ocrx_word' id='word_1_78' title='bbox 434 1567 595 1647; x_wconf 84' lang='lat' dir='ltr'>posteram</span> <span class='ocrx_word' id='word_1_79' title='bbox 615 1559 779 1628; x_wconf 86' lang='lat' dir='ltr'>infirmari.</span> <span class='ocrx_word' id='word_1_80' title='bbox 823 1561 891 1629; x_wconf 86' lang='lat' dir='ltr'>Nos</span> <span class='ocrx_word' id='word_1_81' title='bbox 912 1562 1011 1646; x_wconf 77' lang='lat' dir='ltr'>igitur</span> <span class='ocrx_word' id='word_1_82' title='bbox 1030 1562 1193 1629; x_wconf 85' lang='lat' dir='ltr'>Boleslaus</span> <span class='ocrx_word' id='word_1_83' title='bbox 1215 1560 1300 1628; x_wconf 87' lang='lat' dir='ltr'>filias</span> <span class='ocrx_word' id='word_1_84' title='bbox 1322 1559 1478 1628; x_wconf 79' lang='lat' dir='ltr'>vladistci</span> <span class='ocrx_word' id='word_1_85' title='bbox 1499 1558 1558 1626; x_wconf 87' lang='lat' dir='ltr'>Dei</span> <span class='ocrx_word' id='word_1_86' title='bbox 1577 1558 1684 1643; x_wconf 80' lang='lat' dir='ltr'>gratia</span> <span class='ocrx_word' id='word_1_87' title='bbox 1702 1557 1767 1625; x_wconf 84' lang='lat' dir='ltr'>dux</span> <span class='ocrx_word' id='word_1_88' title='bbox 1780 1557 1910 1626; x_wconf 84' lang='lat' dir='ltr'>Poloaie</span> <span class='ocrx_word' id='word_1_89' title='bbox 1930 1573 1987 1622; x_wconf 92' lang='lat' dir='ltr'>no-</span> 
     </span>
    </p>
   </div>
   <div class='ocr_carea' id='block_1_6' title="bbox 434 1662 2175 2264">
    <p class='ocr_par' dir='ltr' id='par_1_7' title="bbox 434 1662 2175 2264">
     <span class='ocr_line' id='line_1_10' title="bbox 435 1662 2125 1750; baseline -0.003 -18"><span class='ocrx_word' id='word_1_90' title='bbox 435 1670 504 1732; x_wconf 91' lang='lat' dir='ltr'>tam</span> <span class='ocrx_word' id='word_1_91' title='bbox 525 1662 658 1732; x_wconf 84' lang='lat' dir='ltr'>iacimus</span> <span class='ocrx_word' id='word_1_92' title='bbox 680 1664 835 1731; x_wconf 81' lang='lat' dir='ltr'>universis</span> <span class='ocrx_word' id='word_1_93' title='bbox 856 1663 1055 1747; x_wconf 79' lang='lat' dir='ltr'>presentibus</span> <span class='ocrx_word' id='word_1_94' title='bbox 1077 1671 1111 1732; x_wconf 88' lang='lat' dir='ltr'>ct</span> <span class='ocrx_word' id='word_1_95' title='bbox 1130 1664 1276 1749; x_wconf 86' lang='lat' dir='ltr'>posteris,</span> <span class='ocrx_word' id='word_1_96' title='bbox 1299 1663 1384 1750; x_wconf 88' lang='lat' dir='ltr'>qnod</span> <span class='ocrx_word' id='word_1_97' title='bbox 1405 1668 1610 1732; x_wconf 87' lang='lat' dir='ltr'>concurrente</span> <span class='ocrx_word' id='word_1_98' title='bbox 1639 1681 1793 1730; x_wconf 86' lang='lat' dir='ltr'>consensu</span> <span class='ocrx_word' id='word_1_99' title='bbox 1821 1666 1932 1729; x_wconf 90' lang='lat' dir='ltr'>nostro</span> <span class='ocrx_word' id='word_1_100' title='bbox 1953 1665 1988 1727; x_wconf 90' lang='lat' dir='ltr'>et</span> <span class='ocrx_word' id='word_1_101' title='bbox 2118 1682 2125 1708; x_wconf 90' lang='lat'>··</span> 
     </span>
     <span class='ocr_line' id='line_1_11' title="bbox 434 1763 2122 1852; baseline -0.003 -15"><span class='ocrx_word' id='word_1_102' title='bbox 434 1767 589 1837; x_wconf 89' lang='lat' dir='ltr'>baronum</span> <span class='ocrx_word' id='word_1_103' title='bbox 610 1774 792 1836; x_wconf 91' lang='lat' dir='ltr'>nostrornm</span> <span class='ocrx_word' id='word_1_104' title='bbox 813 1787 853 1835; x_wconf 83' lang='lat' dir='ltr'>ex</span> <span class='ocrx_word' id='word_1_105' title='bbox 873 1786 937 1835; x_wconf 92' lang='lat' dir='ltr'>aaa</span> <span class='ocrx_word' id='word_1_106' title='bbox 957 1774 1059 1852; x_wconf 76' lang='lat' dir='ltr'>parte,</span> <span class='ocrx_word' id='word_1_107' title='bbox 1081 1787 1140 1836; x_wconf 90' lang='lat' dir='ltr'>nec</span> <span class='ocrx_word' id='word_1_108' title='bbox 1160 1787 1224 1836; x_wconf 91' lang='lat' dir='ltr'>noa</span> <span class='ocrx_word' id='word_1_109' title='bbox 1241 1767 1429 1836; x_wconf 78' lang='lat' dir='ltr'>venerabilis</span> <span class='ocrx_word' id='word_1_110' title='bbox 1450 1765 1551 1852; x_wconf 80' lang='lat' dir='ltr'>patris</span> <span class='ocrx_word' id='word_1_111' title='bbox 1572 1765 1692 1833; x_wconf 91' lang='lat' dir='ltr'>domini</span> <span class='ocrx_word' id='word_1_112' title='bbox 1705 1765 1826 1833; x_wconf 83' lang='lat' dir='ltr'>Tbome</span> <span class='ocrx_word' id='word_1_113' title='bbox 1839 1763 1900 1831; x_wconf 89' lang='lat' dir='ltr'>Dei</span> <span class='ocrx_word' id='word_1_114' title='bbox 1914 1781 1987 1847; x_wconf 77' lang='lat' dir='ltr'>gra·</span> <span class='ocrx_word' id='word_1_115' title='bbox 2118 1768 2122 1832; x_wconf 81' lang='grc' dir='ltr'>ζ·</span> 
     </span>
     <span class='ocr_line' id='line_1_12' title="bbox 437 1868 2122 1957; baseline -0.001 -16"><span class='ocrx_word' id='word_1_116' title='bbox 437 1872 484 1941; x_wconf 82' lang='lat' dir='ltr'>tic</span> <span class='ocrx_word' id='word_1_117' title='bbox 503 1870 762 1940; x_wconf 82' lang='lat' dir='ltr'>Vratislariensis</span> <span class='ocrx_word' id='word_1_118' title='bbox 785 1871 923 1957; x_wconf 85' lang='lat' dir='ltr'>episcopi</span> <span class='ocrx_word' id='word_1_119' title='bbox 944 1877 979 1939; x_wconf 92' lang='lat' dir='ltr'>et</span> <span class='ocrx_word' id='word_1_120' title='bbox 999 1870 1049 1937; x_wconf 88' lang='lat' dir='ltr'>sui</span> <span class='ocrx_word' id='word_1_121' title='bbox 1071 1869 1211 1957; x_wconf 82' lang='lat' dir='ltr'>Capituli</span> <span class='ocrx_word' id='word_1_122' title='bbox 1231 1890 1270 1938; x_wconf 85' lang='lat' dir='ltr'>cx</span> <span class='ocrx_word' id='word_1_123' title='bbox 1287 1871 1399 1952; x_wconf 75' lang='lat' dir='ltr'>altera,</span> <span class='ocrx_word' id='word_1_124' title='bbox 1420 1871 1586 1954; x_wconf 85' lang='lat' dir='ltr'>placuerat</span> <span class='ocrx_word' id='word_1_125' title='bbox 1604 1868 1695 1936; x_wconf 91' lang='lat' dir='ltr'>nobis</span> <span class='ocrx_word' id='word_1_126' title='bbox 1723 1887 1783 1954; x_wconf 88' lang='lat' dir='ltr'>pro</span> <span class='ocrx_word' id='word_1_127' title='bbox 1811 1873 1986 1937; x_wconf 83' lang='lat' dir='ltr'>commata·</span> <span class='ocrx_word' id='word_1_128' title='bbox 2117 1898 2122 1939; x_wconf 81' lang='lat' dir='ltr'>l</span> 
     </span>
     <span class='ocr_line' id='line_1_13' title="bbox 435 1966 2122 2067; baseline -0.002 -25"><span class='ocrx_word' id='word_1_129' title='bbox 435 1975 522 2043; x_wconf 90' lang='lat' dir='ltr'>tlone</span> <span class='ocrx_word' id='word_1_130' title='bbox 539 1973 615 2041; x_wconf 81' lang='lat' dir='ltr'>ville</span> <span class='ocrx_word' id='word_1_131' title='bbox 634 1973 721 2042; x_wconf 83' lang='lat' dir='ltr'>beati</span> <span class='ocrx_word' id='word_1_132' title='bbox 742 1972 891 2042; x_wconf 89' lang='lat' dir='ltr'>lobannis</span> <span class='ocrx_word' id='word_1_133' title='bbox 912 1979 947 2041; x_wconf 88' lang='lat' dir='ltr'>et</span> <span class='ocrx_word' id='word_1_134' title='bbox 964 1972 1095 2041; x_wconf 75' lang='lat' dir='ltr'>ecclesie</span> <span class='ocrx_word' id='word_1_135' title='bbox 1115 1972 1373 2042; x_wconf 77' lang='lat' dir='ltr'>vratislariensis</span> <span class='ocrx_word' id='word_1_136' title='bbox 1393 1973 1551 2055; x_wconf 82' lang='lat' dir='ltr'>Marmor,</span> <span class='ocrx_word' id='word_1_137' title='bbox 1576 1991 1673 2058; x_wconf 84' lang='lat' dir='ltr'>quarn</span> <span class='ocrx_word' id='word_1_138' title='bbox 1701 1991 1742 2041; x_wconf 81' lang='lat' dir='ltr'>ex</span> <span class='ocrx_word' id='word_1_139' title='bbox 1766 1971 1878 2040; x_wconf 86' lang='lat' dir='ltr'>eadem</span> <span class='ocrx_word' id='word_1_140' title='bbox 1902 1990 1988 2041; x_wconf 89' lang='lat' dir='ltr'>eom·</span> <span class='ocrx_word' id='word_1_141' title='bbox 2083 2064 2084 2067; x_wconf 8' lang='grc' dir='ltr'><strong>Ἴ</strong></span> <span class='ocrx_word' id='word_1_142' title='bbox 2118 1966 2122 1989; x_wconf 81' lang='lat'><strong>²</strong></span> 
     </span>
     <span class='ocr_line' id='line_1_14' title="bbox 434 2075 2175 2163; baseline 0.002 -18"><span class='ocrx_word' id='word_1_143' title='bbox 434 2077 612 2145; x_wconf 81' lang='lat' dir='ltr'>mutatione</span> <span class='ocrx_word' id='word_1_144' title='bbox 632 2077 666 2142; x_wconf 90' lang='lat' dir='ltr'>in</span> <span class='ocrx_word' id='word_1_145' title='bbox 686 2081 829 2144; x_wconf 89' lang='lat' dir='ltr'>nostram</span> <span class='ocrx_word' id='word_1_146' title='bbox 850 2077 1076 2161; x_wconf 84' lang='lat' dir='ltr'>proprietatem</span> <span class='ocrx_word' id='word_1_147' title='bbox 1097 2078 1273 2162; x_wconf 86' lang='lat' dir='ltr'>recepimus</span> <span class='ocrx_word' id='word_1_148' title='bbox 1294 2084 1328 2145; x_wconf 88' lang='lat' dir='ltr'>et</span> <span class='ocrx_word' id='word_1_149' title='bbox 1344 2077 1585 2163; x_wconf 61' lang='lat' dir='ltr'>possessorem,</span> <span class='ocrx_word' id='word_1_150' title='bbox 1607 2075 1750 2146; x_wconf 84' lang='lat' dir='ltr'>conferre</span> <span class='ocrx_word' id='word_1_151' title='bbox 1770 2083 1805 2144; x_wconf 90' lang='lat' dir='ltr'>et</span> <span class='ocrx_word' id='word_1_152' title='bbox 1824 2077 1988 2161; x_wconf 80' lang='lat' dir='ltr'>assignare</span> <span class='ocrx_word' id='word_1_153' title='bbox 2118 2086 2122 2149; x_wconf 82' lang='grc' dir='ltr'>ἱ</span> <span class='ocrx_word' id='word_1_154' title='bbox 2173 2129 2175 2134; x_wconf 86' lang='lat'><em>-</em></span> 
     </span>
     <span class='ocr_line' id='line_1_15' title="bbox 434 2177 2121 2264; baseline 0.001 -18"><span class='ocrx_word' id='word_1_155' title='bbox 434 2178 469 2246; x_wconf 89' lang='lat' dir='ltr'>in</span> <span class='ocrx_word' id='word_1_156' title='bbox 490 2183 678 2264; x_wconf 90' lang='lat' dir='ltr'>perpetuum</span> <span class='ocrx_word' id='word_1_157' title='bbox 704 2177 827 2264; x_wconf 84' lang='lat' dir='ltr'>prefato</span> <span class='ocrx_word' id='word_1_158' title='bbox 855 2179 1002 2264; x_wconf 87' lang='lat' dir='ltr'>episcopo</span> <span class='ocrx_word' id='word_1_159' title='bbox 1027 2185 1062 2246; x_wconf 90' lang='lat' dir='ltr'>et</span> <span class='ocrx_word' id='word_1_160' title='bbox 1087 2179 1217 2249; x_wconf 76' lang='lat' dir='ltr'>ecclesie</span> <span class='ocrx_word' id='word_1_161' title='bbox 1238 2179 1479 2249; x_wconf 83' lang='lat' dir='ltr'>Vratislarieasi</span> <span class='ocrx_word' id='word_1_162' title='bbox 1507 2179 1599 2248; x_wconf 83' lang='lat' dir='ltr'>villas</span> <span class='ocrx_word' id='word_1_163' title='bbox 1622 2180 1756 2248; x_wconf 75' lang='lat' dir='ltr'>ducatus</span> <span class='ocrx_word' id='word_1_164' title='bbox 1777 2179 1880 2248; x_wconf 91' lang='lat' dir='ltr'>nostri</span> <span class='ocrx_word' id='word_1_165' title='bbox 1909 2179 1988 2247; x_wconf 83' lang='lat' dir='ltr'>sitas</span> <span class='ocrx_word' id='word_1_166' title='bbox 2119 2224 2121 2229; x_wconf 91' lang='lat'><em>-</em></span> 
     </span>
    </p>
   </div>
   <div class='ocr_carea' id='block_1_7' title="bbox 435 2280 1988 2366">
    <p class='ocr_par' dir='ltr' id='par_1_8' title="bbox 435 2280 1988 2366">
     <span class='ocr_line' id='line_1_16' title="bbox 435 2280 1988 2366; baseline 0 -16"><span class='ocrx_word' id='word_1_167' title='bbox 435 2281 520 2350; x_wconf 89' lang='lat' dir='ltr'>circa</span> <span class='ocrx_word' id='word_1_168' title='bbox 540 2280 661 2364; x_wconf 81' lang='lat' dir='ltr'>Milicb,</span> <span class='ocrx_word' id='word_1_169' title='bbox 684 2300 820 2366; x_wconf 88' lang='lat' dir='ltr'>quaram</span> <span class='ocrx_word' id='word_1_170' title='bbox 841 2301 904 2349; x_wconf 89' lang='lat' dir='ltr'>una</span> <span class='ocrx_word' id='word_1_171' title='bbox 924 2288 1057 2350; x_wconf 82' lang='lat' dir='ltr'>vocatur</span> <span class='ocrx_word' id='word_1_172' title='bbox 1078 2281 1204 2350; x_wconf 85' lang='lat' dir='ltr'>Zdanlri</span> <span class='ocrx_word' id='word_1_173' title='bbox 1225 2289 1260 2351; x_wconf 88' lang='lat' dir='ltr'>et</span> <span class='ocrx_word' id='word_1_174' title='bbox 1280 2283 1346 2352; x_wconf 90' lang='lat' dir='ltr'>alia</span> <span class='ocrx_word' id='word_1_175' title='bbox 1367 2282 1551 2365; x_wconf 82' lang='lat' dir='ltr'>Zdatlrorro‚</span> <span class='ocrx_word' id='word_1_176' title='bbox 1571 2288 1606 2350; x_wconf 87' lang='lat' dir='ltr'>et</span> <span class='ocrx_word' id='word_1_177' title='bbox 1625 2282 1769 2352; x_wconf 85' lang='lat' dir='ltr'>dedimus</span> <span class='ocrx_word' id='word_1_178' title='bbox 1782 2283 1813 2351; x_wconf 89' lang='lat' dir='ltr'>ei</span> <span class='ocrx_word' id='word_1_179' title='bbox 1825 2283 1988 2351; x_wconf 84' lang='lat' dir='ltr'>licentiam</span> 
     </span>
    </p>
   </div>
   <div class='ocr_carea' id='block_1_8' title="bbox 430 2372 2123 2986">
    <p class='ocr_par' dir='ltr' id='par_1_9' title="bbox 430 2372 2123 2986">
     <span class='ocr_line' id='line_1_17' title="bbox 430 2372 2122 2470; baseline 0 -16"><span class='ocrx_word' id='word_1_180' title='bbox 430 2372 526 2453; x_wconf 73' lang='lat' dir='ltr'>&#39;runs</span> <span class='ocrx_word' id='word_1_181' title='bbox 547 2384 674 2454; x_wconf 86' lang='lat' dir='ltr'>casdem</span> <span class='ocrx_word' id='word_1_182' title='bbox 699 2383 824 2452; x_wconf 92' lang='lat' dir='ltr'>locandi</span> <span class='ocrx_word' id='word_1_183' title='bbox 849 2385 918 2452; x_wconf 89' lang='lat' dir='ltr'>iure</span> <span class='ocrx_word' id='word_1_184' title='bbox 943 2384 1146 2466; x_wconf 75' lang='lat' dir='ltr'>Thermaico,</span> <span class='ocrx_word' id='word_1_185' title='bbox 1177 2403 1249 2452; x_wconf 90' lang='lat' dir='ltr'>cam</span> <span class='ocrx_word' id='word_1_186' title='bbox 1275 2385 1423 2454; x_wconf 82' lang='lat' dir='ltr'>libertate</span> <span class='ocrx_word' id='word_1_187' title='bbox 1452 2404 1514 2470; x_wconf 89' lang='lat' dir='ltr'>que</span> <span class='ocrx_word' id='word_1_188' title='bbox 1543 2385 1604 2453; x_wconf 88' lang='lat' dir='ltr'>arbi</span> <span class='ocrx_word' id='word_1_189' title='bbox 1627 2386 1697 2453; x_wconf 84' lang='lat' dir='ltr'>risa</span> <span class='ocrx_word' id='word_1_190' title='bbox 1721 2391 1773 2454; x_wconf 92' lang='lat' dir='ltr'>est</span> <span class='ocrx_word' id='word_1_191' title='bbox 1799 2392 1987 2470; x_wconf 84' lang='lat' dir='ltr'>competere.</span> <span class='ocrx_word' id='word_1_192' title='bbox 2116 2373 2122 2461; x_wconf 60' lang='grc' dir='ltr'><em>ζ</em></span> 
     </span>
     <span class='ocr_line' id='line_1_18' title="bbox 434 2487 2121 2574; baseline 0 -18"><span class='ocrx_word' id='word_1_193' title='bbox 434 2487 651 2557; x_wconf 78' lang='lat' dir='ltr'>Novissimea</span> <span class='ocrx_word' id='word_1_194' title='bbox 671 2487 767 2556; x_wconf 88' lang='lat' dir='ltr'>beato</span> <span class='ocrx_word' id='word_1_195' title='bbox 788 2487 928 2555; x_wconf 86' lang='lat' dir='ltr'>Iohanne</span> <span class='ocrx_word' id='word_1_196' title='bbox 948 2490 1097 2556; x_wconf 86' lang='lat' dir='ltr'>meritum</span> <span class='ocrx_word' id='word_1_197' title='bbox 1118 2493 1152 2556; x_wconf 88' lang='lat' dir='ltr'>ct</span> <span class='ocrx_word' id='word_1_198' title='bbox 1172 2489 1309 2572; x_wconf 78' lang='lat' dir='ltr'>gratiam</span> <span class='ocrx_word' id='word_1_199' title='bbox 1330 2493 1504 2574; x_wconf 82' lang='lat' dir='ltr'>sperantes,</span> <span class='ocrx_word' id='word_1_200' title='bbox 1532 2507 1572 2557; x_wconf 86' lang='lat' dir='ltr'>ex</span> <span class='ocrx_word' id='word_1_201' title='bbox 1597 2489 1692 2574; x_wconf 87' lang='lat' dir='ltr'>plena</span> <span class='ocrx_word' id='word_1_202' title='bbox 1718 2493 1830 2557; x_wconf 90' lang='lat' dir='ltr'>nostra</span> <span class='ocrx_word' id='word_1_203' title='bbox 1851 2488 1989 2556; x_wconf 88' lang='lat' dir='ltr'>liberali·</span> <span class='ocrx_word' id='word_1_204' title='bbox 2115 2490 2121 2543; x_wconf 71' lang='lat'>‘³</span> 
     </span>
     <span class='ocr_line' id='line_1_19' title="bbox 434 2589 2121 2689; baseline -0.001 -29"><span class='ocrx_word' id='word_1_205' title='bbox 434 2595 503 2660; x_wconf 87' lang='lat' dir='ltr'>tate</span> <span class='ocrx_word' id='word_1_206' title='bbox 522 2610 619 2677; x_wconf 88' lang='lat' dir='ltr'>qaam</span> <span class='ocrx_word' id='word_1_207' title='bbox 641 2590 684 2657; x_wconf 92' lang='lat' dir='ltr'>ad</span> <span class='ocrx_word' id='word_1_208' title='bbox 705 2589 863 2675; x_wconf 82' lang='lat' dir='ltr'>prefatam</span> <span class='ocrx_word' id='word_1_209' title='bbox 884 2589 1043 2659; x_wconf 89' lang='lat' dir='ltr'>dominum</span> <span class='ocrx_word' id='word_1_210' title='bbox 1065 2592 1244 2674; x_wconf 87' lang='lat' dir='ltr'>episcopum</span> <span class='ocrx_word' id='word_1_211' title='bbox 1266 2590 1427 2674; x_wconf 81' lang='lat' dir='ltr'>babemus,</span> <span class='ocrx_word' id='word_1_212' title='bbox 1456 2591 1513 2677; x_wconf 88' lang='lat' dir='ltr'>qui</span> <span class='ocrx_word' id='word_1_213' title='bbox 1534 2610 1614 2676; x_wconf 87' lang='lat' dir='ltr'>puro</span> <span class='ocrx_word' id='word_1_214' title='bbox 1642 2591 1758 2660; x_wconf 82' lang='lat' dir='ltr'>affectu</span> <span class='ocrx_word' id='word_1_215' title='bbox 1775 2609 1834 2659; x_wconf 92' lang='lat' dir='ltr'>nos</span> <span class='ocrx_word' id='word_1_216' title='bbox 1855 2591 1989 2677; x_wconf 77' lang='lat' dir='ltr'>diligens</span> <span class='ocrx_word' id='word_1_217' title='bbox 2099 2605 2121 2689; x_wconf 40' lang='grc' dir='ltr'>ἰ</span> 
     </span>
     <span class='ocr_line' id='line_1_20' title="bbox 436 2691 2122 2779; baseline 0.002 -15"><span class='ocrx_word' id='word_1_218' title='bbox 436 2701 547 2764; x_wconf 87' lang='lat' dir='ltr'>nostra</span> <span class='ocrx_word' id='word_1_219' title='bbox 567 2713 694 2779; x_wconf 84' lang='lat' dir='ltr'>semper</span> <span class='ocrx_word' id='word_1_220' title='bbox 713 2693 841 2778; x_wconf 64' lang='lat' dir='ltr'>regom</span> <span class='ocrx_word' id='word_1_221' title='bbox 860 2691 996 2761; x_wconf 82' lang='lat' dir='ltr'>fideliter</span> <span class='ocrx_word' id='word_1_222' title='bbox 1016 2694 1205 2779; x_wconf 73' lang='lat' dir='ltr'>procurarit</span> <span class='ocrx_word' id='word_1_223' title='bbox 1230 2694 1421 2762; x_wconf 84' lang='lat' dir='ltr'>contulimus</span> <span class='ocrx_word' id='word_1_224' title='bbox 1449 2695 1480 2762; x_wconf 91' lang='lat' dir='ltr'>ei</span> <span class='ocrx_word' id='word_1_225' title='bbox 1508 2693 1692 2763; x_wconf 73' lang='lat' dir='ltr'>mcmtatem</span> <span class='ocrx_word' id='word_1_226' title='bbox 1720 2694 1933 2763; x_wconf 88' lang='lat' dir='ltr'>omnimodam</span> <span class='ocrx_word' id='word_1_227' title='bbox 1955 2695 1988 2761; x_wconf 90' lang='lat' dir='ltr'>in</span> <span class='ocrx_word' id='word_1_228' title='bbox 2117 2694 2122 2767; x_wconf 81' lang='grc' dir='ltr'>ἶ</span> 
     </span>
     <span class='ocr_line' id='line_1_21' title="bbox 435 2794 2123 2879; baseline 0 -13"><span class='ocrx_word' id='word_1_229' title='bbox 435 2797 554 2866; x_wconf 81' lang='lat' dir='ltr'>eisdem</span> <span class='ocrx_word' id='word_1_230' title='bbox 575 2797 659 2865; x_wconf 84' lang='lat' dir='ltr'>villis</span> <span class='ocrx_word' id='word_1_231' title='bbox 680 2796 804 2866; x_wconf 89' lang='lat' dir='ltr'>locandi</span> <span class='ocrx_word' id='word_1_232' title='bbox 832 2795 935 2864; x_wconf 81' lang='lat' dir='ltr'>foram</span> <span class='ocrx_word' id='word_1_233' title='bbox 963 2803 997 2863; x_wconf 90' lang='lat' dir='ltr'>et</span> <span class='ocrx_word' id='word_1_234' title='bbox 1026 2797 1187 2864; x_wconf 83' lang='lat' dir='ltr'>ciuitatem</span> <span class='ocrx_word' id='word_1_235' title='bbox 1215 2794 1347 2864; x_wconf 88' lang='lat' dir='ltr'>liberam</span> <span class='ocrx_word' id='word_1_236' title='bbox 1372 2815 1443 2866; x_wconf 86' lang='lat' dir='ltr'>cnm</span> <span class='ocrx_word' id='word_1_237' title='bbox 1470 2797 1612 2865; x_wconf 72' lang='lat' dir='ltr'>mbernis</span> <span class='ocrx_word' id='word_1_238' title='bbox 1637 2803 1671 2864; x_wconf 90' lang='lat' dir='ltr'>et</span> <span class='ocrx_word' id='word_1_239' title='bbox 1699 2797 1839 2865; x_wconf 87' lang='lat' dir='ltr'>macellis</span> <span class='ocrx_word' id='word_1_240' title='bbox 1868 2796 1987 2879; x_wconf 82' lang='lat' dir='ltr'>liberis,</span> <span class='ocrx_word' id='word_1_241' title='bbox 2116 2796 2123 2866; x_wconf 86' lang='lat' dir='ltr'>i</span> 
     </span>
     <span class='ocr_line' id='line_1_22' title="bbox 435 2878 2123 2986; baseline -0.001 -19"><span class='ocrx_word' id='word_1_242' title='bbox 435 2905 470 2967; x_wconf 92' lang='lat' dir='ltr'>et</span> <span class='ocrx_word' id='word_1_243' title='bbox 490 2918 561 2969; x_wconf 90' lang='lat' dir='ltr'>cam</span> <span class='ocrx_word' id='word_1_244' title='bbox 584 2900 679 2985; x_wconf 87' lang='lat' dir='ltr'>pleno</span> <span class='ocrx_word' id='word_1_245' title='bbox 701 2899 770 2967; x_wconf 89' lang='lat' dir='ltr'>inre</span> <span class='ocrx_word' id='word_1_246' title='bbox 790 2898 918 2983; x_wconf 87' lang='lat' dir='ltr'>penitas</span> <span class='ocrx_word' id='word_1_247' title='bbox 939 2904 974 2965; x_wconf 91' lang='lat' dir='ltr'>et</span> <span class='ocrx_word' id='word_1_248' title='bbox 993 2899 1143 2967; x_wconf 71' lang='lat' dir='ltr'>libertate</span> <span class='ocrx_word' id='word_1_249' title='bbox 1164 2896 1224 2966; x_wconf 81' lang='lat' dir='ltr'>tori</span> <span class='ocrx_word' id='word_1_250' title='bbox 1246 2904 1280 2967; x_wconf 90' lang='lat' dir='ltr'>ct</span> <span class='ocrx_word' id='word_1_251' title='bbox 1300 2898 1448 2967; x_wconf 69' lang='lat' dir='ltr'>cisimus.</span> <span class='ocrx_word' id='word_1_252' title='bbox 1492 2899 1696 2986; x_wconf 81' lang='lat' dir='ltr'>Excipientes</span> <span class='ocrx_word' id='word_1_253' title='bbox 1716 2901 1860 2969; x_wconf 87' lang='lat' dir='ltr'>homines</span> <span class='ocrx_word' id='word_1_254' title='bbox 1878 2901 1988 2967; x_wconf 88' lang='lat' dir='ltr'>cirita·</span> <span class='ocrx_word' id='word_1_255' title='bbox 2116 2878 2123 2903; x_wconf 86' lang='grc'>’</span> 
     </span>
    </p>
   </div>
   <div class='ocr_carea' id='block_1_9' title="bbox 434 3001 1988 3089">
    <p class='ocr_par' dir='ltr' id='par_1_10' title="bbox 434 3001 1988 3089">
     <span class='ocr_line' id='line_1_23' title="bbox 434 3001 1988 3089; baseline 0.001 -18"><span class='ocrx_word' id='word_1_256' title='bbox 434 3001 478 3071; x_wconf 85' lang='lat' dir='ltr'>tis</span> <span class='ocrx_word' id='word_1_257' title='bbox 499 3007 535 3070; x_wconf 88' lang='lat' dir='ltr'>et</span> <span class='ocrx_word' id='word_1_258' title='bbox 555 3001 704 3071; x_wconf 81' lang='lat' dir='ltr'>villamur</span> <span class='ocrx_word' id='word_1_259' title='bbox 725 3002 895 3070; x_wconf 88' lang='lat' dir='ltr'>earundem</span> <span class='ocrx_word' id='word_1_260' title='bbox 915 3021 937 3069; x_wconf 91' lang='lat' dir='ltr'>a</span> <span class='ocrx_word' id='word_1_261' title='bbox 957 3001 1105 3086; x_wconf 85' lang='lat' dir='ltr'>preuodi,</span> <span class='ocrx_word' id='word_1_262' title='bbox 1127 3018 1235 3085; x_wconf 84' lang='lat' dir='ltr'>pouoa</span> <span class='ocrx_word' id='word_1_263' title='bbox 1252 3008 1287 3069; x_wconf 88' lang='lat' dir='ltr'>et</span> <span class='ocrx_word' id='word_1_264' title='bbox 1307 3007 1439 3084; x_wconf 69' lang='lat' dir='ltr'>suasca,</span> <span class='ocrx_word' id='word_1_265' title='bbox 1461 3020 1521 3070; x_wconf 90' lang='lat' dir='ltr'>aec</span> <span class='ocrx_word' id='word_1_266' title='bbox 1541 3021 1606 3071; x_wconf 93' lang='lat' dir='ltr'>non</span> <span class='ocrx_word' id='word_1_267' title='bbox 1626 3023 1647 3071; x_wconf 90' lang='lat' dir='ltr'>a</span> <span class='ocrx_word' id='word_1_268' title='bbox 1667 3008 1827 3089; x_wconf 71' lang='lat' dir='ltr'>potestate</span> <span class='ocrx_word' id='word_1_269' title='bbox 1840 3003 1988 3071; x_wconf 88' lang='lat' dir='ltr'>castella·</span> 
     </span>
    </p>
   </div>
   <div class='ocr_carea' id='block_1_10' title="bbox 432 3097 2124 3396">
    <p class='ocr_par' dir='ltr' id='par_1_11' title="bbox 432 3078 2124 3396">
     <span class='ocr_line' id='line_1_24' title="bbox 433 3097 2124 3189; baseline 0 -17"><span class='ocrx_word' id='word_1_270' title='bbox 433 3124 547 3173; x_wconf 91' lang='lat' dir='ltr'>noram</span> <span class='ocrx_word' id='word_1_271' title='bbox 568 3111 602 3174; x_wconf 89' lang='lat' dir='ltr'>et</span> <span class='ocrx_word' id='word_1_272' title='bbox 624 3106 868 3174; x_wconf 73' lang='lat' dir='ltr'>camerariorum</span> <span class='ocrx_word' id='word_1_273' title='bbox 889 3110 924 3171; x_wconf 89' lang='lat' dir='ltr'>et</span> <span class='ocrx_word' id='word_1_274' title='bbox 943 3122 965 3170; x_wconf 91' lang='lat' dir='ltr'>a</span> <span class='ocrx_word' id='word_1_275' title='bbox 985 3103 1109 3171; x_wconf 91' lang='lat' dir='ltr'>indiciis</span> <span class='ocrx_word' id='word_1_276' title='bbox 1130 3102 1309 3188; x_wconf 85' lang='lat' dir='ltr'>eorundem,</span> <span class='ocrx_word' id='word_1_277' title='bbox 1336 3109 1371 3172; x_wconf 92' lang='lat' dir='ltr'>et</span> <span class='ocrx_word' id='word_1_278' title='bbox 1397 3104 1439 3172; x_wconf 90' lang='lat' dir='ltr'>ab</span> <span class='ocrx_word' id='word_1_279' title='bbox 1466 3105 1612 3173; x_wconf 88' lang='lat' dir='ltr'>omnibns</span> <span class='ocrx_word' id='word_1_280' title='bbox 1639 3097 1846 3174; x_wconf 85' lang='lat' dir='ltr'>servitutibus</span> <span class='ocrx_word' id='word_1_281' title='bbox 1871 3123 1934 3189; x_wconf 88' lang='lat' dir='ltr'>que</span> <span class='ocrx_word' id='word_1_282' title='bbox 1954 3106 1988 3173; x_wconf 90' lang='lat' dir='ltr'>in</span> <span class='ocrx_word' id='word_1_283' title='bbox 2116 3110 2124 3164; x_wconf 75' lang='lat' dir='ltr'>t</span> 
     </span>
     <span class='ocr_line' id='line_1_25' title="bbox 432 3205 2122 3293; baseline -0.001 -16"><span class='ocrx_word' id='word_1_284' title='bbox 432 3208 503 3277; x_wconf 86' lang='lat' dir='ltr'>inre</span> <span class='ocrx_word' id='word_1_285' title='bbox 523 3207 671 3278; x_wconf 82' lang='lat' dir='ltr'>Polonico</span> <span class='ocrx_word' id='word_1_286' title='bbox 689 3208 758 3277; x_wconf 86' lang='lat' dir='ltr'>lieri</span> <span class='ocrx_word' id='word_1_287' title='bbox 780 3212 1016 3289; x_wconf 75' lang='lat' dir='ltr'>consueverant,</span> <span class='ocrx_word' id='word_1_288' title='bbox 1038 3225 1095 3274; x_wconf 89' lang='lat' dir='ltr'>seu</span> <span class='ocrx_word' id='word_1_289' title='bbox 1116 3225 1178 3291; x_wconf 88' lang='lat' dir='ltr'>qne</span> <span class='ocrx_word' id='word_1_290' title='bbox 1198 3205 1268 3275; x_wconf 83' lang='lat' dir='ltr'>foro</span> <span class='ocrx_word' id='word_1_291' title='bbox 1287 3212 1323 3276; x_wconf 92' lang='lat' dir='ltr'>et</span> <span class='ocrx_word' id='word_1_292' title='bbox 1341 3206 1405 3274; x_wconf 90' lang='lat' dir='ltr'>iuri</span> <span class='ocrx_word' id='word_1_293' title='bbox 1431 3207 1569 3275; x_wconf 68' lang='lat' dir='ltr'>cirlmtis</span> <span class='ocrx_word' id='word_1_294' title='bbox 1598 3214 1728 3293; x_wconf 87' lang='lat' dir='ltr'>possent</span> <span class='ocrx_word' id='word_1_295' title='bbox 1756 3208 1915 3276; x_wconf 66' lang='lat' dir='ltr'>condano</span> <span class='ocrx_word' id='word_1_296' title='bbox 1943 3209 1989 3275; x_wconf 84' lang='lat' dir='ltr'>vi·</span> <span class='ocrx_word' id='word_1_297' title='bbox 2119 3261 2122 3266; x_wconf 94' lang='lat'>.</span> 
     </span>
     <span class='ocr_line' id='line_1_26' title="bbox 432 3309 2121 3396; baseline 0.001 -18"><span class='ocrx_word' id='word_1_298' title='bbox 432 3310 515 3393; x_wconf 84' lang='lat' dir='ltr'>derl3</span> <span class='ocrx_word' id='word_1_299' title='bbox 538 3311 636 3380; x_wconf 86' lang='lat' dir='ltr'>nichil</span> <span class='ocrx_word' id='word_1_300' title='bbox 657 3311 749 3379; x_wconf 90' lang='lat' dir='ltr'>nobis</span> <span class='ocrx_word' id='word_1_301' title='bbox 770 3311 898 3379; x_wconf 92' lang='lat' dir='ltr'>omnino</span> <span class='ocrx_word' id='word_1_302' title='bbox 919 3309 953 3377; x_wconf 92' lang='lat' dir='ltr'>ia</span> <span class='ocrx_word' id='word_1_303' title='bbox 974 3309 1020 3376; x_wconf 86' lang='lat' dir='ltr'>cis</span> <span class='ocrx_word' id='word_1_304' title='bbox 1041 3309 1263 3393; x_wconf 85' lang='lat' dir='ltr'>relinquentes,</span> <span class='ocrx_word' id='word_1_305' title='bbox 1285 3316 1419 3394; x_wconf 86' lang='lat' dir='ltr'>excepta</span> <span class='ocrx_word' id='word_1_306' title='bbox 1438 3314 1575 3392; x_wconf 75' lang='lat' dir='ltr'>moneta,</span> <span class='ocrx_word' id='word_1_307' title='bbox 1598 3311 1632 3377; x_wconf 92' lang='lat' dir='ltr'>in</span> <span class='ocrx_word' id='word_1_308' title='bbox 1654 3330 1719 3396; x_wconf 89' lang='lat' dir='ltr'>qua</span> <span class='ocrx_word' id='word_1_309' title='bbox 1739 3310 1836 3380; x_wconf 87' lang='lat' dir='ltr'>nichil</span> <span class='ocrx_word' id='word_1_310' title='bbox 1859 3310 1990 3379; x_wconf 88' lang='lat' dir='ltr'>babebit</span> <span class='ocrx_word' id='word_1_311' title='bbox 2119 3318 2121 3365; x_wconf 83' lang='grc' dir='ltr'>ἰ</span> 
     </span>
    </p>
   </div>
   <div class='ocr_carea' id='block_1_11' title="bbox 433 3410 1988 3501">
    <p class='ocr_par' dir='ltr' id='par_1_12' title="bbox 433 3410 1988 3501">
     <span class='ocr_line' id='line_1_27' title="bbox 433 3410 1988 3501; baseline 0.001 -21"><span class='ocrx_word' id='word_1_312' title='bbox 433 3412 580 3481; x_wconf 90' lang='lat' dir='ltr'>dominus</span> <span class='ocrx_word' id='word_1_313' title='bbox 603 3415 767 3501; x_wconf 85' lang='lat' dir='ltr'>episcopas</span> <span class='ocrx_word' id='word_1_314' title='bbox 788 3412 902 3494; x_wconf 83' lang='lat' dir='ltr'>dictus,</span> <span class='ocrx_word' id='word_1_315' title='bbox 925 3417 959 3478; x_wconf 88' lang='lat' dir='ltr'>et</span> <span class='ocrx_word' id='word_1_316' title='bbox 979 3429 1017 3478; x_wconf 88' lang='lat' dir='ltr'>eo</span> <span class='ocrx_word' id='word_1_317' title='bbox 1038 3410 1135 3492; x_wconf 88' lang='lat' dir='ltr'>salvo,</span> <span class='ocrx_word' id='word_1_318' title='bbox 1158 3410 1242 3494; x_wconf 91' lang='lat' dir='ltr'>quod</span> <span class='ocrx_word' id='word_1_319' title='bbox 1261 3410 1316 3477; x_wconf 91' lang='lat' dir='ltr'>abi</span> <span class='ocrx_word' id='word_1_320' title='bbox 1337 3416 1451 3496; x_wconf 80' lang='lat' dir='ltr'>agetur</span> <span class='ocrx_word' id='word_1_321' title='bbox 1470 3412 1512 3480; x_wconf 92' lang='lat' dir='ltr'>de</span> <span class='ocrx_word' id='word_1_322' title='bbox 1533 3414 1637 3481; x_wconf 86' lang='lat' dir='ltr'>causis</span> <span class='ocrx_word' id='word_1_323' title='bbox 1652 3413 1821 3498; x_wconf 75' lang='lat' dir='ltr'>sangoinis,</span> <span class='ocrx_word' id='word_1_324' title='bbox 1840 3413 1988 3482; x_wconf 83' lang='lat' dir='ltr'>videlicet</span> 
     </span>
    </p>
   </div>
   <div class='ocr_carea' id='block_1_12' title="bbox 432 3512 2210 3912">
    <p class='ocr_par' dir='ltr' id='par_1_13' title="bbox 432 3512 2210 3912">
     <span class='ocr_line' id='line_1_28' title="bbox 432 3512 2122 3601; baseline 0.001 -18"><span class='ocrx_word' id='word_1_325' title='bbox 432 3515 676 3601; x_wconf 83' lang='lat' dir='ltr'>decapitationis</span> <span class='ocrx_word' id='word_1_326' title='bbox 697 3516 748 3583; x_wconf 86' lang='lat' dir='ltr'>rel</span> <span class='ocrx_word' id='word_1_327' title='bbox 768 3514 901 3584; x_wconf 86' lang='lat' dir='ltr'>membri</span> <span class='ocrx_word' id='word_1_328' title='bbox 922 3512 1110 3595; x_wconf 86' lang='lat' dir='ltr'>amissionis,</span> <span class='ocrx_word' id='word_1_329' title='bbox 1132 3513 1166 3579; x_wconf 93' lang='lat' dir='ltr'>in</span> <span class='ocrx_word' id='word_1_330' title='bbox 1188 3513 1306 3581; x_wconf 88' lang='lat' dir='ltr'>talibas</span> <span class='ocrx_word' id='word_1_331' title='bbox 1327 3512 1483 3582; x_wconf 80' lang='lat' dir='ltr'>duntaxat</span> <span class='ocrx_word' id='word_1_332' title='bbox 1503 3516 1606 3584; x_wconf 90' lang='lat' dir='ltr'>causis</span> <span class='ocrx_word' id='word_1_333' title='bbox 1632 3533 1690 3601; x_wconf 90' lang='lat' dir='ltr'>per</span> <span class='ocrx_word' id='word_1_334' title='bbox 1714 3514 1850 3584; x_wconf 90' lang='lat' dir='ltr'>iudicem</span> <span class='ocrx_word' id='word_1_335' title='bbox 1870 3515 1989 3585; x_wconf 90' lang='lat' dir='ltr'>domini</span> <span class='ocrx_word' id='word_1_336' title='bbox 2119 3583 2122 3591; x_wconf 88' lang='grc'><strong>,</strong></span> 
     </span>
     <span class='ocr_line' id='line_1_29' title="bbox 433 3613 2124 3704; baseline 0.004 -18"><span class='ocrx_word' id='word_1_337' title='bbox 433 3619 574 3704; x_wconf 88' lang='lat' dir='ltr'>episcopi</span> <span class='ocrx_word' id='word_1_338' title='bbox 595 3618 854 3686; x_wconf 85' lang='lat' dir='ltr'>Vratislariensis</span> <span class='ocrx_word' id='word_1_339' title='bbox 875 3615 966 3684; x_wconf 87' lang='lat' dir='ltr'>nobis</span> <span class='ocrx_word' id='word_1_340' title='bbox 987 3615 1110 3682; x_wconf 90' lang='lat' dir='ltr'>ratione</span> <span class='ocrx_word' id='word_1_341' title='bbox 1132 3613 1262 3682; x_wconf 89' lang='lat' dir='ltr'>dominii</span> <span class='ocrx_word' id='word_1_342' title='bbox 1282 3633 1358 3700; x_wconf 88' lang='lat' dir='ltr'>pars</span> <span class='ocrx_word' id='word_1_343' title='bbox 1384 3618 1483 3685; x_wconf 84' lang='lat' dir='ltr'>tertia</span> <span class='ocrx_word' id='word_1_344' title='bbox 1511 3617 1725 3703; x_wconf 90' lang='lat' dir='ltr'>placationum</span> <span class='ocrx_word' id='word_1_345' title='bbox 1753 3616 1891 3687; x_wconf 83' lang='lat' dir='ltr'>fideliter</span> <span class='ocrx_word' id='word_1_346' title='bbox 1918 3637 1989 3703; x_wconf 89' lang='lat' dir='ltr'>prs·</span> <span class='ocrx_word' id='word_1_347' title='bbox 2118 3636 2124 3693; x_wconf 73' lang='lat' dir='ltr'>l</span> 
     </span>
     <span class='ocr_line' id='line_1_30' title="bbox 432 3708 2210 3807; baseline -0.001 -19"><span class='ocrx_word' id='word_1_348' title='bbox 432 3719 622 3803; x_wconf 84' lang='lat' dir='ltr'>sectabitur,</span> <span class='ocrx_word' id='word_1_349' title='bbox 645 3720 768 3806; x_wconf 89' lang='lat' dir='ltr'>relique</span> <span class='ocrx_word' id='word_1_350' title='bbox 789 3738 863 3788; x_wconf 84' lang='lat' dir='ltr'>uero</span> <span class='ocrx_word' id='word_1_351' title='bbox 881 3718 943 3785; x_wconf 90' lang='lat' dir='ltr'>dae</span> <span class='ocrx_word' id='word_1_352' title='bbox 964 3723 1072 3801; x_wconf 86' lang='lat' dir='ltr'>partes</span> <span class='ocrx_word' id='word_1_353' title='bbox 1092 3716 1262 3785; x_wconf 89' lang='lat' dir='ltr'>secundum</span> <span class='ocrx_word' id='word_1_354' title='bbox 1283 3717 1451 3786; x_wconf 88' lang='lat' dir='ltr'>arbitrium</span> <span class='ocrx_word' id='word_1_355' title='bbox 1472 3718 1591 3787; x_wconf 90' lang='lat' dir='ltr'>domini</span> <span class='ocrx_word' id='word_1_356' title='bbox 1609 3722 1748 3807; x_wconf 90' lang='lat' dir='ltr'>episcopi</span> <span class='ocrx_word' id='word_1_357' title='bbox 1768 3720 1988 3790; x_wconf 85' lang='lat' dir='ltr'>remanebant</span> <span class='ocrx_word' id='word_1_358' title='bbox 2118 3708 2124 3733; x_wconf 81' lang='lat'>&#39;</span> <span class='ocrx_word' id='word_1_359' title='bbox 2206 3717 2210 3724; x_wconf 83' lang='lat'>&#39;</span> 
     </span>
     <span class='ocr_line' id='line_1_31' title="bbox 433 3818 2125 3912; baseline -0.001 -20"><span class='ocrx_word' id='word_1_360' title='bbox 433 3822 481 3892; x_wconf 87' lang='lat' dir='ltr'>Ut</span> <span class='ocrx_word' id='word_1_361' title='bbox 501 3829 610 3891; x_wconf 89' lang='lat' dir='ltr'>autem</span> <span class='ocrx_word' id='word_1_362' title='bbox 631 3823 717 3891; x_wconf 89' lang='lat' dir='ltr'>dicte</span> <span class='ocrx_word' id='word_1_363' title='bbox 738 3822 877 3892; x_wconf 76' lang='lat' dir='ltr'>civimtis</span> <span class='ocrx_word' id='word_1_364' title='bbox 895 3827 929 3888; x_wconf 89' lang='lat' dir='ltr'>et</span> <span class='ocrx_word' id='word_1_365' title='bbox 953 3818 1014 3887; x_wconf 81' lang='lat' dir='ltr'>lori</span> <span class='ocrx_word' id='word_1_366' title='bbox 1038 3820 1202 3888; x_wconf 72' lang='lat' dir='ltr'>libertates</span> <span class='ocrx_word' id='word_1_367' title='bbox 1227 3821 1262 3887; x_wconf 93' lang='lat' dir='ltr'>in</span> <span class='ocrx_word' id='word_1_368' title='bbox 1285 3826 1472 3904; x_wconf 86' lang='lat' dir='ltr'>perpetuum</span> <span class='ocrx_word' id='word_1_369' title='bbox 1500 3823 1622 3892; x_wconf 83' lang='lat' dir='ltr'>illibate</span> <span class='ocrx_word' id='word_1_370' title='bbox 1648 3830 1855 3909; x_wconf 73' lang='lat' dir='ltr'>permaneant</span> <span class='ocrx_word' id='word_1_371' title='bbox 1878 3830 1913 3893; x_wconf 88' lang='lat' dir='ltr'>et</span> <span class='ocrx_word' id='word_1_372' title='bbox 1940 3824 1989 3891; x_wconf 93' lang='lat' dir='ltr'>in·</span> <span class='ocrx_word' id='word_1_373' title='bbox 2118 3818 2125 3912; x_wconf 67' lang='lat' dir='ltr'><strong>j</strong></span> 
     </span>
    </p>
   </div>
   <div class='ocr_carea' id='block_1_13' title="bbox 432 3921 2126 4217">
    <p class='ocr_par' dir='ltr' id='par_1_14' title="bbox 432 3921 2127 4217">
     <span class='ocr_line' id='line_1_32' title="bbox 435 3921 2124 4012; baseline 0.001 -19"><span class='ocrx_word' id='word_1_374' title='bbox 435 3942 597 4009; x_wconf 81' lang='lat' dir='ltr'>concusso,</span> <span class='ocrx_word' id='word_1_375' title='bbox 619 3932 798 4012; x_wconf 90' lang='lat' dir='ltr'>presentem</span> <span class='ocrx_word' id='word_1_376' title='bbox 817 3924 960 3992; x_wconf 89' lang='lat' dir='ltr'>chartam</span> <span class='ocrx_word' id='word_1_377' title='bbox 977 3921 1082 4006; x_wconf 76' lang='lat' dir='ltr'>sigilli·</span> <span class='ocrx_word' id='word_1_378' title='bbox 1096 3922 1197 3990; x_wconf 89' lang='lat' dir='ltr'>nostri</span> <span class='ocrx_word' id='word_1_379' title='bbox 1226 3921 1399 3991; x_wconf 84' lang='lat' dir='ltr'>munimine</span> <span class='ocrx_word' id='word_1_380' title='bbox 1426 3924 1656 3995; x_wconf 88' lang='lat' dir='ltr'>confirmamus.</span> <span class='ocrx_word' id='word_1_381' title='bbox 1700 3927 1820 3995; x_wconf 89' lang='lat' dir='ltr'>Datum</span> <span class='ocrx_word' id='word_1_382' title='bbox 1844 3927 1878 3994; x_wconf 90' lang='lat' dir='ltr'>in</span> <span class='ocrx_word' id='word_1_383' title='bbox 1903 3927 1989 3994; x_wconf 88' lang='lat' dir='ltr'>Dan·</span> <span class='ocrx_word' id='word_1_384' title='bbox 2120 3952 2124 3979; x_wconf 68' lang='grc' dir='ltr'><em>τ</em></span> 
     </span>
     <span class='ocr_line' id='line_1_33' title="bbox 433 4024 1989 4116; baseline 0 -21"><span class='ocrx_word' id='word_1_385' title='bbox 433 4026 505 4095; x_wconf 85' lang='lat' dir='ltr'>lrorr</span> <span class='ocrx_word' id='word_1_386' title='bbox 526 4047 612 4096; x_wconf 91' lang='lat' dir='ltr'>auno</span> <span class='ocrx_word' id='word_1_387' title='bbox 632 4029 736 4114; x_wconf 79' lang='lat' dir='ltr'>gratie</span> <span class='ocrx_word' id='word_1_388' title='bbox 757 4024 999 4108; x_wconf 64' lang='lat' dir='ltr'>mcclxvll,</span> <span class='ocrx_word' id='word_1_389' title='bbox 1021 4025 1256 4110; x_wconf 88' lang='lat' dir='ltr'>quartodecimo</span> <span class='ocrx_word' id='word_1_390' title='bbox 1279 4026 1435 4094; x_wconf 81' lang='lat' dir='ltr'>colendos</span> <span class='ocrx_word' id='word_1_391' title='bbox 1456 4028 1576 4113; x_wconf 83' lang='lat' dir='ltr'>Martii,</span> <span class='ocrx_word' id='word_1_392' title='bbox 1598 4031 1799 4116; x_wconf 84' lang='lat' dir='ltr'>presentibus</span> <span class='ocrx_word' id='word_1_393' title='bbox 1824 4030 1875 4098; x_wconf 88' lang='lat' dir='ltr'>his</span> <span class='ocrx_word' id='word_1_394' title='bbox 1896 4030 1989 4097; x_wconf 73' lang='lat' dir='ltr'>testi</span> 
     </span>
     <span class='ocr_line' id='line_1_34' title="bbox 432 4127 2126 4217; baseline 0.002 -21"><span class='ocrx_word' id='word_1_395' title='bbox 432 4127 506 4196; x_wconf 84' lang='lat' dir='ltr'>bns:</span> <span class='ocrx_word' id='word_1_396' title='bbox 528 4129 703 4217; x_wconf 83' lang='lat' dir='ltr'>Predpolco</span> <span class='ocrx_word' id='word_1_397' title='bbox 721 4130 862 4216; x_wconf 88' lang='lat' dir='ltr'>palatino</span> <span class='ocrx_word' id='word_1_398' title='bbox 883 4128 1099 4212; x_wconf 84' lang='lat' dir='ltr'>Posnaniensi,</span> <span class='ocrx_word' id='word_1_399' title='bbox 1122 4128 1248 4196; x_wconf 88' lang='lat' dir='ltr'>Simone</span> <span class='ocrx_word' id='word_1_400' title='bbox 1262 4129 1434 4198; x_wconf 87' lang='lat' dir='ltr'>castellano</span> <span class='ocrx_word' id='word_1_401' title='bbox 1448 4130 1637 4215; x_wconf 71' lang='lat' dir='ltr'>Gnesnensi</span> <span class='ocrx_word' id='word_1_402' title='bbox 1658 4131 1988 4202; x_wconf 86' lang='lat' dir='ltr'>lohannecostellano</span> <span class='ocrx_word' id='word_1_403' title='bbox 2032 4187 2034 4192; x_wconf 66' lang='lat'>,</span> <span class='ocrx_word' id='word_1_404' title='bbox 2122 4170 2126 4183; x_wconf 90' lang='lat'>·</span> 
     </span>
    </p>
   </div>
   <div class='ocr_carea' id='block_1_14' title="bbox 433 4219 1832 4316">
    <p class='ocr_par' dir='ltr' id='par_1_15' title="bbox 433 4219 1832 4316">
     <span class='ocr_line' id='line_1_35' title="bbox 433 4219 1832 4316; baseline 0.004 -17"><span class='ocrx_word' id='word_1_405' title='bbox 433 4228 613 4316; x_wconf 76' lang='lat' dir='ltr'>cdisicnsi,</span> <span class='ocrx_word' id='word_1_406' title='bbox 634 4233 751 4302; x_wconf 89' lang='lat' dir='ltr'>comite</span> <span class='ocrx_word' id='word_1_407' title='bbox 772 4232 932 4316; x_wconf 75' lang='lat' dir='ltr'>(iocosius,</span> <span class='ocrx_word' id='word_1_408' title='bbox 955 4231 1098 4300; x_wconf 76' lang='lat' dir='ltr'>Roscom</span> <span class='ocrx_word' id='word_1_409' title='bbox 1116 4232 1354 4316; x_wconf 82' lang='lat' dir='ltr'>succamerario,</span> <span class='ocrx_word' id='word_1_410' title='bbox 1376 4233 1500 4302; x_wconf 88' lang='lat' dir='ltr'>llatbia</span> <span class='ocrx_word' id='word_1_411' title='bbox 1520 4235 1692 4304; x_wconf 79' lang='lat' dir='ltr'>secretmio</span> <span class='ocrx_word' id='word_1_412' title='bbox 1712 4219 1832 4305; x_wconf 73' lang='lat' dir='ltr'>lmus.</span> 
     </span>
    </p>
   </div>
   <div class='ocr_carea' id='block_1_15' title="bbox 432 4394 2128 4625">
    <p class='ocr_par' dir='ltr' id='par_1_16' title="bbox 432 4394 2128 4625">
     <span class='ocr_line' id='line_1_36' title="bbox 537 4394 2128 4534; baseline -0.01 -28"><span class='ocrx_word' id='word_1_413' title='bbox 537 4437 696 4521; x_wconf 76' lang='lat' dir='ltr'>nomon,</span> <span class='ocrx_word' id='word_1_414' title='bbox 725 4443 809 4505; x_wconf 68' lang='lat' dir='ltr'>me</span> <span class='ocrx_word' id='word_1_415' title='bbox 831 4441 991 4504; x_wconf 64' lang='lat' dir='ltr'>norma</span> <span class='ocrx_word' id='word_1_416' title='bbox 1034 4437 1156 4522; x_wconf 72' lang='lat' dir='ltr'>umen,</span> <span class='ocrx_word' id='word_1_417' title='bbox 1189 4442 1302 4534; x_wconf 71' lang='lat' dir='ltr'>nuez.</span> <span class='ocrx_word' id='word_1_418' title='bbox 1348 4437 1483 4524; x_wconf 77' lang='lat' dir='ltr'>mmm,</span> <span class='ocrx_word' id='word_1_419' title='bbox 1511 4443 1626 4526; x_wconf 63' lang='lat' dir='ltr'>remp.</span> <span class='ocrx_word' id='word_1_420' title='bbox 1672 4440 1855 4527; x_wconf 63' lang='lat' dir='ltr'>cauom,</span> <span class='ocrx_word' id='word_1_421' title='bbox 1885 4445 1991 4508; x_wconf 57' lang='lat' dir='ltr'>pm.</span> <span class='ocrx_word' id='word_1_422' title='bbox 2121 4394 2128 4513; x_wconf 72' lang='grc' dir='ltr'>ζ</span> 
     </span>
     <span class='ocr_line' id='line_1_37' title="bbox 432 4539 1203 4625; baseline 0.004 -21"><span class='ocrx_word' id='word_1_423' title='bbox 432 4541 526 4607; x_wconf 74' lang='lat' dir='ltr'>tono.</span> <span class='ocrx_word' id='word_1_424' title='bbox 570 4539 726 4625; x_wconf 73' lang='lat' dir='ltr'>omaso,</span> <span class='ocrx_word' id='word_1_425' title='bbox 749 4539 892 4608; x_wconf 67' lang='lat' dir='ltr'>omis.</span> <span class='ocrx_word' id='word_1_426' title='bbox 1200 4540 1203 4546; x_wconf 88' lang='lat'>&#39;</span> 
     </span>
    </p>
   </div>
   <div class='ocr_carea' id='block_1_16' title="bbox 0 0 2434 6180">
    <p class='ocr_par' dir='ltr' id='par_1_17' title="bbox 0 0 2434 6180">
     <span class='ocr_line' id='line_1_38' title="bbox 0 0 2434 6180; baseline 0 0"><span class='ocrx_word' id='word_1_427' title='bbox 0 0 2434 6180; x_wconf 95' lang='lat' dir='ltr'> </span> 
     </span>
    </p>
   </div>
  </div>
 </body>
</html>
