<?xml version="1.0" encoding="UTF-8"?>
<!DOCTYPE html PUBLIC "-//W3C//DTD XHTML 1.0 Transitional//EN"
    "http://www.w3.org/TR/xhtml1/DTD/xhtml1-transitional.dtd">
<html xmlns="http://www.w3.org/1999/xhtml" xml:lang="en" lang="en">
 <head>
  <title>
</title>
<meta http-equiv="Content-Type" content="text/html;charset=utf-8" />
  <meta name='ocr-system' content='tesseract 3.04.00' />
  <meta name='ocr-capabilities' content='ocr_page ocr_carea ocr_par ocr_line ocrx_word'/>
</head>
<body>
  <div class='ocr_page' id='page_1' title='image "./codexdiplomatic03zakrgoog_0634.png"; bbox 0 0 4860 6180; ppageno 0'>
   <div class='ocr_carea' id='block_1_1' title="bbox 1909 397 1984 472">
    <p class='ocr_par' dir='ltr' id='par_1_1' title="bbox 1909 397 1984 472">
     <span class='ocr_line' id='line_1_1' title="bbox 1909 397 1984 472; baseline -0.013 0"><span class='ocrx_word' id='word_1_1' title='bbox 1909 397 1984 472; x_wconf 78' lang='lat'><strong>53⁶!</strong></span> 
     </span>
    </p>
   </div>
   <div class='ocr_carea' id='block_1_2' title="bbox 371 592 1986 2223">
    <p class='ocr_par' dir='ltr' id='par_1_2' title="bbox 371 592 1986 2223">
     <span class='ocr_line' id='line_1_2' title="bbox 435 592 1985 683; baseline 0.003 -20"><span class='ocrx_word' id='word_1_2' title='bbox 435 593 519 663; x_wconf 83' lang='lat' dir='ltr'><strong>batis</strong></span> <span class='ocrx_word' id='word_1_3' title='bbox 540 592 773 676; x_wconf 76' lang='lat' dir='ltr'><strong>in&#39;Sumbrsco,</strong></span> <span class='ocrx_word' id='word_1_4' title='bbox 794 594 855 662; x_wconf 85' lang='lat' dir='ltr'>sibi</span> <span class='ocrx_word' id='word_1_5' title='bbox 876 601 910 662; x_wconf 91' lang='lat' dir='ltr'><strong>ot</strong></span> <span class='ocrx_word' id='word_1_6' title='bbox 931 594 1069 662; x_wconf 77' lang='lat' dir='ltr'><strong>eiusdem</strong></span> <span class='ocrx_word' id='word_1_7' title='bbox 1092 596 1151 664; x_wconf 89' lang='lat' dir='ltr'><strong>loci</strong></span> <span class='ocrx_word' id='word_1_8' title='bbox 1173 595 1333 681; x_wconf 82' lang='lat' dir='ltr'><strong>lintribus,</strong></span> <span class='ocrx_word' id='word_1_9' title='bbox 1355 597 1438 666; x_wconf 89' lang='lat' dir='ltr'><strong>sicut</strong></span> <span class='ocrx_word' id='word_1_10' title='bbox 1458 599 1491 666; x_wconf 92' lang='lat' dir='ltr'><strong>in</strong></span> <span class='ocrx_word' id='word_1_11' title='bbox 1504 617 1559 668; x_wconf 90' lang='lat' dir='ltr'><strong>eos</strong></span> <span class='ocrx_word' id='word_1_12' title='bbox 1576 616 1635 683; x_wconf 90' lang='lat' dir='ltr'><strong>pcr</strong></span> <span class='ocrx_word' id='word_1_13' title='bbox 1657 599 1852 669; x_wconf 84' lang='lat' dir='ltr'><strong>abbatemet</strong></span> <span class='ocrx_word' id='word_1_14' title='bbox 1870 597 1985 668; x_wconf 79' lang='lat' dir='ltr'><strong>rmner</strong></span> 
     </span>
     <span class='ocr_line' id='line_1_3' title="bbox 434 697 1986 788; baseline 0.002 -23"><span class='ocrx_word' id='word_1_15' title='bbox 434 698 474 768; x_wconf 91' lang='lat' dir='ltr'><strong>de</strong></span> <span class='ocrx_word' id='word_1_16' title='bbox 493 697 667 767; x_wconf 89' lang='lat' dir='ltr'><strong>Doblrluch</strong></span> <span class='ocrx_word' id='word_1_17' title='bbox 689 698 815 767; x_wconf 78' lang='lat' dir='ltr'><strong>racione</strong></span> <span class='ocrx_word' id='word_1_18' title='bbox 835 719 916 767; x_wconf 84' lang='lat' dir='ltr'><strong>nove</strong></span> <span class='ocrx_word' id='word_1_19' title='bbox 937 697 1133 766; x_wconf 82' lang='lat' dir='ltr'><strong>funrlocion‘rs</strong></span> <span class='ocrx_word' id='word_1_20' title='bbox 1155 702 1298 785; x_wconf 77' lang='lat' dir='ltr'><strong>predicte</strong></span> <span class='ocrx_word' id='word_1_21' title='bbox 1319 702 1381 768; x_wconf 87' lang='lat' dir='ltr'><strong>rite</strong></span> <span class='ocrx_word' id='word_1_22' title='bbox 1403 704 1559 769; x_wconf 87' lang='lat' dir='ltr'><strong>translata</strong></span> <span class='ocrx_word' id='word_1_23' title='bbox 1580 709 1665 785; x_wconf 90' lang='lat' dir='ltr'><strong>sunt,</strong></span> <span class='ocrx_word' id='word_1_24' title='bbox 1687 701 1891 788; x_wconf 73' lang='lat' dir='ltr'><strong>perhenniter</strong></span> <span class='ocrx_word' id='word_1_25' title='bbox 1912 720 1986 769; x_wconf 88' lang='lat' dir='ltr'><strong>con·</strong></span> 
     </span>
     <span class='ocr_line' id='line_1_4' title="bbox 434 801 1985 888; baseline 0.002 -20"><span class='ocrx_word' id='word_1_26' title='bbox 434 801 603 869; x_wconf 85' lang='lat' dir='ltr'><strong>firmemus.</strong></span> <span class='ocrx_word' id='word_1_27' title='bbox 647 801 797 871; x_wconf 86' lang='lat' dir='ltr'><strong>Protorou</strong></span> <span class='ocrx_word' id='word_1_28' title='bbox 815 821 933 870; x_wconf 87' lang='lat' dir='ltr'><strong>anuum</strong></span> <span class='ocrx_word' id='word_1_29' title='bbox 954 820 1081 870; x_wconf 86' lang='lat' dir='ltr'><strong>censum</strong></span> <span class='ocrx_word' id='word_1_30' title='bbox 1108 803 1242 870; x_wconf 80' lang='lat' dir='ltr'><strong>duonum</strong></span> <span class='ocrx_word' id='word_1_31' title='bbox 1269 822 1456 887; x_wconf 87' lang='lat' dir='ltr'><strong>morcarum,</strong></span> <span class='ocrx_word' id='word_1_32' title='bbox 1490 824 1584 888; x_wconf 91' lang='lat' dir='ltr'><strong>quem</strong></span> <span class='ocrx_word' id='word_1_33' title='bbox 1605 824 1645 872; x_wconf 83' lang='lat' dir='ltr'><strong>err</strong></span> <span class='ocrx_word' id='word_1_34' title='bbox 1666 805 1845 873; x_wconf 86' lang='lat' dir='ltr'><strong>molendino</strong></span> <span class='ocrx_word' id='word_1_35' title='bbox 1867 806 1930 872; x_wconf 89' lang='lat' dir='ltr'><strong>sito</strong></span> <span class='ocrx_word' id='word_1_36' title='bbox 1951 805 1985 871; x_wconf 90' lang='lat' dir='ltr'><strong>in</strong></span> 
     </span>
     <span class='ocr_line' id='line_1_5' title="bbox 435 904 1984 992; baseline 0.003 -21"><span class='ocrx_word' id='word_1_37' title='bbox 435 904 589 989; x_wconf 87' lang='lat' dir='ltr'><strong>superiori</strong></span> <span class='ocrx_word' id='word_1_38' title='bbox 611 911 704 990; x_wconf 83' lang='lat' dir='ltr'><strong>parte</strong></span> <span class='ocrx_word' id='word_1_39' title='bbox 725 904 862 973; x_wconf 89' lang='lat' dir='ltr'><strong>fluminis</strong></span> <span class='ocrx_word' id='word_1_40' title='bbox 877 905 1045 972; x_wconf 84' lang='lat' dir='ltr'><strong>Lubnowia</strong></span> <span class='ocrx_word' id='word_1_41' title='bbox 1067 907 1206 990; x_wconf 89' lang='lat' dir='ltr'><strong>recipcre</strong></span> <span class='ocrx_word' id='word_1_42' title='bbox 1220 906 1407 990; x_wconf 89' lang='lat' dir='ltr'><strong>solcborous,</strong></span> <span class='ocrx_word' id='word_1_43' title='bbox 1430 907 1580 992; x_wconf 82' lang='lat' dir='ltr'><strong>predictis</strong></span> <span class='ocrx_word' id='word_1_44' title='bbox 1593 907 1745 975; x_wconf 84' lang='lat' dir='ltr'><strong>tratribus</strong></span> <span class='ocrx_word' id='word_1_45' title='bbox 1759 909 1793 974; x_wconf 94' lang='lat' dir='ltr'><strong>in</strong></span> <span class='ocrx_word' id='word_1_46' title='bbox 1808 907 1984 990; x_wconf 89' lang='lat' dir='ltr'><strong>Sumbrsco,</strong></span> 
     </span>
     <span class='ocr_line' id='line_1_6' title="bbox 433 1007 1986 1095; baseline 0.002 -21"><span class='ocrx_word' id='word_1_47' title='bbox 433 1025 496 1074; x_wconf 88' lang='lat' dir='ltr'><strong>uon</strong></span> <span class='ocrx_word' id='word_1_48' title='bbox 516 1007 619 1075; x_wconf 90' lang='lat' dir='ltr'><strong>solum</strong></span> <span class='ocrx_word' id='word_1_49' title='bbox 641 1027 700 1092; x_wconf 93' lang='lat' dir='ltr'><strong>pro</strong></span> <span class='ocrx_word' id='word_1_50' title='bbox 721 1008 855 1092; x_wconf 80' lang='lat' dir='ltr'><strong>pecurda</strong></span> <span class='ocrx_word' id='word_1_51' title='bbox 876 1007 1053 1090; x_wconf 86' lang='lat' dir='ltr'><strong>quindecim</strong></span> <span class='ocrx_word' id='word_1_52' title='bbox 1076 1027 1251 1076; x_wconf 85' lang='lat' dir='ltr'><strong>marearum</strong></span> <span class='ocrx_word' id='word_1_53' title='bbox 1275 1028 1370 1092; x_wconf 88' lang='lat' dir='ltr'><strong>quom</strong></span> <span class='ocrx_word' id='word_1_54' title='bbox 1393 1010 1433 1077; x_wconf 92' lang='lat' dir='ltr'><strong>ab</strong></span> <span class='ocrx_word' id='word_1_55' title='bbox 1459 1013 1506 1078; x_wconf 90' lang='lat' dir='ltr'><strong>eis</strong></span> <span class='ocrx_word' id='word_1_56' title='bbox 1533 1012 1721 1095; x_wconf 88' lang='lat' dir='ltr'><strong>accepimus,</strong></span> <span class='ocrx_word' id='word_1_57' title='bbox 1745 1009 1802 1077; x_wconf 87' lang='lat' dir='ltr'><strong>sed</strong></span> <span class='ocrx_word' id='word_1_58' title='bbox 1827 1012 1927 1092; x_wconf 77' lang='lat' dir='ltr'><strong>magis</strong></span> <span class='ocrx_word' id='word_1_59' title='bbox 1947 1016 1986 1077; x_wconf 87' lang='lat' dir='ltr'><strong>ut</strong></span> 
     </span>
     <span class='ocr_line' id='line_1_7' title="bbox 433 1109 1984 1195; baseline 0.002 -17"><span class='ocrx_word' id='word_1_60' title='bbox 433 1109 625 1194; x_wconf 77' lang='lat' dir='ltr'><strong>prediximus</strong></span> <span class='ocrx_word' id='word_1_61' title='bbox 644 1112 686 1177; x_wconf 89' lang='lat' dir='ltr'><strong>ad</strong></span> <span class='ocrx_word' id='word_1_62' title='bbox 707 1111 893 1195; x_wconf 83' lang='lat' dir='ltr'><strong>placendum</strong></span> <span class='ocrx_word' id='word_1_63' title='bbox 914 1110 1005 1178; x_wconf 93' lang='lat' dir='ltr'><strong>nobis</strong></span> <span class='ocrx_word' id='word_1_64' title='bbox 1026 1112 1153 1195; x_wconf 86' lang='lat' dir='ltr'><strong>superni</strong></span> <span class='ocrx_word' id='word_1_65' title='bbox 1175 1111 1287 1178; x_wconf 80' lang='lat' dir='ltr'><strong>iudicis</strong></span> <span class='ocrx_word' id='word_1_66' title='bbox 1309 1113 1518 1194; x_wconf 78' lang='lat' dir='ltr'><strong>sorentatem,</strong></span> <span class='ocrx_word' id='word_1_67' title='bbox 1541 1113 1732 1180; x_wconf 89' lang='lat' dir='ltr'><strong>contulimus</strong></span> <span class='ocrx_word' id='word_1_68' title='bbox 1757 1113 1799 1180; x_wconf 87' lang='lat' dir='ltr'><strong>nb</strong></span> <span class='ocrx_word' id='word_1_69' title='bbox 1820 1113 1905 1180; x_wconf 90' lang='lat' dir='ltr'><strong>orrrni</strong></span> <span class='ocrx_word' id='word_1_70' title='bbox 1924 1114 1984 1181; x_wconf 87' lang='lat' dir='ltr'><strong>irn-</strong></span> 
     </span>
     <span class='ocr_line' id='line_1_8' title="bbox 432 1211 1984 1301; baseline 0.002 -21"><span class='ocrx_word' id='word_1_71' title='bbox 432 1212 588 1298; x_wconf 80' lang='lat' dir='ltr'><strong>peticione</strong></span> <span class='ocrx_word' id='word_1_72' title='bbox 609 1211 708 1279; x_wconf 89' lang='lat' dir='ltr'><strong>libera</strong></span> <span class='ocrx_word' id='word_1_73' title='bbox 726 1230 797 1279; x_wconf 87' lang='lat' dir='ltr'><strong>cnm</strong></span> <span class='ocrx_word' id='word_1_74' title='bbox 818 1212 996 1279; x_wconf 86' lang='lat' dir='ltr'><strong>molendino</strong></span> <span class='ocrx_word' id='word_1_75' title='bbox 1017 1219 1170 1298; x_wconf 89' lang='lat' dir='ltr'><strong>perpetuo</strong></span> <span class='ocrx_word' id='word_1_76' title='bbox 1190 1214 1420 1298; x_wconf 80' lang='lat' dir='ltr'><strong>possirlendmrr.</strong></span> <span class='ocrx_word' id='word_1_77' title='bbox 1450 1215 1640 1298; x_wconf 69' lang='lat' dir='ltr'><strong>illicientes,</strong></span> <span class='ocrx_word' id='word_1_78' title='bbox 1663 1216 1747 1301; x_wconf 88' lang='lat' dir='ltr'><strong>quod</strong></span> <span class='ocrx_word' id='word_1_79' title='bbox 1769 1215 1897 1283; x_wconf 83' lang='lat' dir='ltr'><strong>termini</strong></span> <span class='ocrx_word' id='word_1_80' title='bbox 1910 1234 1984 1300; x_wconf 91' lang='lat' dir='ltr'><strong>pro-</strong></span> 
     </span>
     <span class='ocr_line' id='line_1_9' title="bbox 433 1313 1985 1402; baseline 0.001 -20"><span class='ocrx_word' id='word_1_81' title='bbox 433 1314 580 1402; x_wconf 78' lang='lat' dir='ltr'><strong>prietatis</strong></span> <span class='ocrx_word' id='word_1_82' title='bbox 597 1315 675 1383; x_wconf 90' lang='lat' dir='ltr'><strong>dicti</strong></span> <span class='ocrx_word' id='word_1_83' title='bbox 697 1313 867 1382; x_wconf 82' lang='lat' dir='ltr'><strong>molendini</strong></span> <span class='ocrx_word' id='word_1_84' title='bbox 885 1322 979 1381; x_wconf 86' lang='lat' dir='ltr'><strong>erunt</strong></span> <span class='ocrx_word' id='word_1_85' title='bbox 998 1314 1067 1381; x_wconf 91' lang='lat' dir='ltr'><strong>isti:</strong></span> <span class='ocrx_word' id='word_1_86' title='bbox 1098 1315 1219 1382; x_wconf 87' lang='lat' dir='ltr'><strong>scilicet</strong></span> <span class='ocrx_word' id='word_1_87' title='bbox 1239 1316 1316 1383; x_wconf 91' lang='lat' dir='ltr'><strong>litus</strong></span> <span class='ocrx_word' id='word_1_88' title='bbox 1338 1335 1376 1384; x_wconf 87' lang='lat' dir='ltr'><strong>ex</strong></span> <span class='ocrx_word' id='word_1_89' title='bbox 1402 1322 1537 1401; x_wconf 87' lang='lat' dir='ltr'><strong>utraque</strong></span> <span class='ocrx_word' id='word_1_90' title='bbox 1566 1325 1658 1402; x_wconf 87' lang='lat' dir='ltr'><strong>parte</strong></span> <span class='ocrx_word' id='word_1_91' title='bbox 1684 1317 1789 1399; x_wconf 82' lang='lat' dir='ltr'><strong>rivuli,</strong></span> <span class='ocrx_word' id='word_1_92' title='bbox 1818 1336 1919 1401; x_wconf 86' lang='lat' dir='ltr'><strong>nsque</strong></span> <span class='ocrx_word' id='word_1_93' title='bbox 1944 1318 1985 1384; x_wconf 89' lang='lat' dir='ltr'><strong>ad</strong></span> 
     </span>
     <span class='ocr_line' id='line_1_10' title="bbox 433 1417 1984 1504; baseline -0.001 -16"><span class='ocrx_word' id='word_1_94' title='bbox 433 1417 576 1488; x_wconf 81' lang='lat' dir='ltr'><strong>arborem</strong></span> <span class='ocrx_word' id='word_1_95' title='bbox 595 1417 704 1486; x_wconf 77' lang='lat' dir='ltr'><strong>alnum</strong></span> <span class='ocrx_word' id='word_1_96' title='bbox 725 1417 816 1485; x_wconf 78' lang='lat' dir='ltr'><strong>insta</strong></span> <span class='ocrx_word' id='word_1_97' title='bbox 836 1417 1037 1484; x_wconf 90' lang='lat' dir='ltr'><strong>medietatem</strong></span> <span class='ocrx_word' id='word_1_98' title='bbox 1058 1418 1187 1503; x_wconf 91' lang='lat' dir='ltr'><strong>piscine.</strong></span> <span class='ocrx_word' id='word_1_99' title='bbox 1233 1418 1366 1502; x_wconf 84' lang='lat' dir='ltr'><strong>Insuper</strong></span> <span class='ocrx_word' id='word_1_100' title='bbox 1385 1419 1448 1486; x_wconf 90' lang='lat' dir='ltr'><strong>duo</strong></span> <span class='ocrx_word' id='word_1_101' title='bbox 1470 1419 1580 1504; x_wconf 82' lang='lat' dir='ltr'><strong>ingere</strong></span> <span class='ocrx_word' id='word_1_102' title='bbox 1606 1420 1675 1504; x_wconf 87' lang='lat' dir='ltr'><strong>agri</strong></span> <span class='ocrx_word' id='word_1_103' title='bbox 1704 1421 1745 1487; x_wconf 92' lang='lat' dir='ltr'><strong>ad</strong></span> <span class='ocrx_word' id='word_1_104' title='bbox 1767 1420 1984 1487; x_wconf 89' lang='lat' dir='ltr'><strong>seminandum</strong></span> 
     </span>
     <span class='ocr_line' id='line_1_11' title="bbox 433 1519 1984 1608; baseline 0.002 -20"><span class='ocrx_word' id='word_1_105' title='bbox 433 1526 570 1606; x_wconf 77' lang='lat' dir='ltr'><strong>segetem</strong></span> <span class='ocrx_word' id='word_1_106' title='bbox 591 1521 640 1589; x_wconf 84' lang='lat' dir='ltr'><strong>rel</strong></span> <span class='ocrx_word' id='word_1_107' title='bbox 662 1519 869 1604; x_wconf 85' lang='lat' dir='ltr'><strong>plantandum</strong></span> <span class='ocrx_word' id='word_1_108' title='bbox 887 1526 994 1588; x_wconf 88' lang='lat' dir='ltr'><strong>ortum</strong></span> <span class='ocrx_word' id='word_1_109' title='bbox 1015 1521 1106 1588; x_wconf 87' lang='lat' dir='ltr'><strong>iuxta</strong></span> <span class='ocrx_word' id='word_1_110' title='bbox 1127 1522 1244 1588; x_wconf 88' lang='lat' dir='ltr'><strong>dictam</strong></span> <span class='ocrx_word' id='word_1_111' title='bbox 1266 1523 1394 1605; x_wconf 83' lang='lat' dir='ltr'><strong>molum,</strong></span> <span class='ocrx_word' id='word_1_112' title='bbox 1415 1528 1525 1590; x_wconf 87' lang='lat' dir='ltr'><strong>nostru</strong></span> <span class='ocrx_word' id='word_1_113' title='bbox 1544 1523 1707 1590; x_wconf 85' lang='lat' dir='ltr'><strong>voluntate</strong></span> <span class='ocrx_word' id='word_1_114' title='bbox 1721 1542 1779 1608; x_wconf 92' lang='lat' dir='ltr'><strong>pro</strong></span> <span class='ocrx_word' id='word_1_115' title='bbox 1794 1523 1915 1608; x_wconf 89' lang='lat' dir='ltr'><strong>optima</strong></span> <span class='ocrx_word' id='word_1_116' title='bbox 1929 1523 1984 1591; x_wconf 94' lang='lat' dir='ltr'><strong>ob-</strong></span> 
     </span>
     <span class='ocr_line' id='line_1_12' title="bbox 434 1622 1983 1710; baseline 0.001 -19"><span class='ocrx_word' id='word_1_117' title='bbox 434 1623 589 1691; x_wconf 83' lang='lat' dir='ltr'><strong>tinebunt</strong></span> <span class='ocrx_word' id='word_1_118' title='bbox 632 1623 678 1691; x_wconf 82' lang='lat' dir='ltr'><strong>Et</strong></span> <span class='ocrx_word' id='word_1_119' title='bbox 699 1629 737 1690; x_wconf 87' lang='lat' dir='ltr'><strong>nt</strong></span> <span class='ocrx_word' id='word_1_120' title='bbox 755 1623 813 1690; x_wconf 92' lang='lat' dir='ltr'><strong>hec</strong></span> <span class='ocrx_word' id='word_1_121' title='bbox 833 1629 944 1689; x_wconf 89' lang='lat' dir='ltr'><strong>nostra</strong></span> <span class='ocrx_word' id='word_1_122' title='bbox 963 1623 1095 1691; x_wconf 75' lang='lat' dir='ltr'><strong>(lorado</strong></span> <span class='ocrx_word' id='word_1_123' title='bbox 1117 1622 1229 1691; x_wconf 92' lang='lat' dir='ltr'><strong>robore</strong></span> <span class='ocrx_word' id='word_1_124' title='bbox 1251 1624 1423 1692; x_wconf 74' lang='lat' dir='ltr'><strong>inviolabili</strong></span> <span class='ocrx_word' id='word_1_125' title='bbox 1444 1631 1632 1709; x_wconf 82' lang='lat' dir='ltr'><strong>perseveret,</strong></span> <span class='ocrx_word' id='word_1_126' title='bbox 1652 1623 1783 1693; x_wconf 88' lang='lat' dir='ltr'><strong>lecimus</strong></span> <span class='ocrx_word' id='word_1_127' title='bbox 1800 1625 1882 1692; x_wconf 90' lang='lat' dir='ltr'><strong>hanc</strong></span> <span class='ocrx_word' id='word_1_128' title='bbox 1895 1625 1983 1710; x_wconf 89' lang='lat' dir='ltr'><strong>pogi-</strong></span> 
     </span>
     <span class='ocr_line' id='line_1_13' title="bbox 432 1723 1982 1812; baseline -0.001 -18"><span class='ocrx_word' id='word_1_129' title='bbox 432 1744 505 1794; x_wconf 88' lang='lat' dir='ltr'><strong>nam</strong></span> <span class='ocrx_word' id='word_1_130' title='bbox 522 1726 623 1793; x_wconf 89' lang='lat' dir='ltr'><strong>nostri</strong></span> <span class='ocrx_word' id='word_1_131' title='bbox 645 1725 740 1810; x_wconf 87' lang='lat' dir='ltr'><strong>sigilli</strong></span> <span class='ocrx_word' id='word_1_132' title='bbox 759 1725 932 1794; x_wconf 91' lang='lat' dir='ltr'><strong>munimine</strong></span> <span class='ocrx_word' id='word_1_133' title='bbox 952 1725 1104 1808; x_wconf 86' lang='lat' dir='ltr'><strong>insigniri</strong></span> <span class='ocrx_word' id='word_1_134' title='bbox 1148 1723 1216 1793; x_wconf 86' lang='lat' dir='ltr'><strong>Nec</strong></span> <span class='ocrx_word' id='word_1_135' title='bbox 1237 1732 1336 1794; x_wconf 88' lang='lat' dir='ltr'><strong>testes</strong></span> <span class='ocrx_word' id='word_1_136' title='bbox 1364 1726 1498 1811; x_wconf 91' lang='lat' dir='ltr'><strong>supponi</strong></span> <span class='ocrx_word' id='word_1_137' title='bbox 1526 1727 1775 1811; x_wconf 82' lang='lat' dir='ltr'><strong>pretermisimus</strong></span> <span class='ocrx_word' id='word_1_138' title='bbox 1799 1726 1982 1812; x_wconf 87' lang='lat' dir='ltr'><strong>fidedignos,</strong></span> 
     </span>
     <span class='ocr_line' id='line_1_14' title="bbox 394 1828 1984 1915; baseline -0.003 -14"><span class='ocrx_word' id='word_1_139' title='bbox 394 1894 397 1901; x_wconf 89' lang='lat'><em>.</em></span> <span class='ocrx_word' id='word_1_140' title='bbox 433 1848 566 1915; x_wconf 85' lang='lat' dir='ltr'><strong>quorum</strong></span> <span class='ocrx_word' id='word_1_141' title='bbox 587 1829 715 1898; x_wconf 90' lang='lat' dir='ltr'><strong>nomina</strong></span> <span class='ocrx_word' id='word_1_142' title='bbox 735 1836 811 1896; x_wconf 88' lang='lat' dir='ltr'><strong>sunt</strong></span> <span class='ocrx_word' id='word_1_143' title='bbox 836 1828 910 1896; x_wconf 86' lang='lat' dir='ltr'><strong>hec:</strong></span> <span class='ocrx_word' id='word_1_144' title='bbox 944 1828 1126 1911; x_wconf 82' lang='lat' dir='ltr'><strong>Dyrsizlaus</strong></span> <span class='ocrx_word' id='word_1_145' title='bbox 1154 1830 1344 1897; x_wconf 86' lang='lat' dir='ltr'><strong>castellanus</strong></span> <span class='ocrx_word' id='word_1_146' title='bbox 1369 1830 1403 1896; x_wconf 92' lang='lat' dir='ltr'><strong>in</strong></span> <span class='ocrx_word' id='word_1_147' title='bbox 1428 1830 1573 1911; x_wconf 86' lang='lat' dir='ltr'><strong>bleseria,</strong></span> <span class='ocrx_word' id='word_1_148' title='bbox 1606 1848 1710 1899; x_wconf 88' lang='lat' dir='ltr'><strong>eomes</strong></span> <span class='ocrx_word' id='word_1_149' title='bbox 1731 1830 1918 1898; x_wconf 83' lang='lat' dir='ltr'><strong>Vincentius</strong></span> <span class='ocrx_word' id='word_1_150' title='bbox 1944 1828 1984 1897; x_wconf 90' lang='lat' dir='ltr'><strong>de</strong></span> 
     </span>
     <span class='ocr_line' id='line_1_15' title="bbox 382 1919 1982 2017; baseline 0 -17"><span class='ocrx_word' id='word_1_151' title='bbox 382 1943 385 1948; x_wconf 82' lang='grc'><em>·</em></span> <span class='ocrx_word' id='word_1_152' title='bbox 432 1931 658 2015; x_wconf 78' lang='lat' dir='ltr'><strong>Pnev,1onioo</strong></span> <span class='ocrx_word' id='word_1_153' title='bbox 680 1938 714 1999; x_wconf 89' lang='lat' dir='ltr'><strong>at</strong></span> <span class='ocrx_word' id='word_1_154' title='bbox 733 1931 847 2016; x_wconf 88' lang='lat' dir='ltr'><strong>loseph</strong></span> <span class='ocrx_word' id='word_1_155' title='bbox 870 1931 1000 1998; x_wconf 85' lang='lat' dir='ltr'><strong>comites</strong></span> <span class='ocrx_word' id='word_1_156' title='bbox 1021 1919 1284 2016; x_wconf 74' lang='lat' dir='ltr'><strong>hlii&#39;Eustachyi,</strong></span> <span class='ocrx_word' id='word_1_157' title='bbox 1306 1931 1406 2017; x_wconf 79' lang='lat' dir='ltr'><strong>Tryro</strong></span> <span class='ocrx_word' id='word_1_158' title='bbox 1425 1932 1683 2017; x_wconf 85' lang='lat' dir='ltr'><strong>prothonotarius</strong></span> <span class='ocrx_word' id='word_1_159' title='bbox 1709 1937 1818 2000; x_wconf 77' lang='lat' dir='ltr'><strong>nostm</strong></span> <span class='ocrx_word' id='word_1_160' title='bbox 1838 1939 1873 2000; x_wconf 90' lang='lat' dir='ltr'><strong>et</strong></span> <span class='ocrx_word' id='word_1_161' title='bbox 1893 1932 1982 2000; x_wconf 87' lang='lat' dir='ltr'><strong>lesco</strong></span> 
     </span>
     <span class='ocr_line' id='line_1_16' title="bbox 431 2032 1982 2120; baseline 0 -18"><span class='ocrx_word' id='word_1_162' title='bbox 431 2032 531 2102; x_wconf 87' lang='lat' dir='ltr'><strong>irater</strong></span> <span class='ocrx_word' id='word_1_163' title='bbox 551 2035 629 2117; x_wconf 92' lang='lat' dir='ltr'><strong>eius,</strong></span> <span class='ocrx_word' id='word_1_164' title='bbox 651 2032 790 2102; x_wconf 82' lang='lat' dir='ltr'><strong>huterns</strong></span> <span class='ocrx_word' id='word_1_165' title='bbox 811 2033 963 2118; x_wconf 89' lang='lat' dir='ltr'><strong>plebanus</strong></span> <span class='ocrx_word' id='word_1_166' title='bbox 985 2034 1019 2101; x_wconf 92' lang='lat' dir='ltr'><strong>in</strong></span> <span class='ocrx_word' id='word_1_167' title='bbox 1040 2034 1207 2101; x_wconf 88' lang='lat' dir='ltr'><strong>Lubnewiz</strong></span> <span class='ocrx_word' id='word_1_168' title='bbox 1231 2035 1390 2118; x_wconf 88' lang='lat' dir='ltr'><strong>ceterique</strong></span> <span class='ocrx_word' id='word_1_169' title='bbox 1411 2053 1506 2118; x_wconf 89' lang='lat' dir='ltr'><strong>quam</strong></span> <span class='ocrx_word' id='word_1_170' title='bbox 1527 2034 1634 2119; x_wconf 90' lang='lat' dir='ltr'><strong>plnres</strong></span> <span class='ocrx_word' id='word_1_171' title='bbox 1655 2034 1718 2103; x_wconf 86' lang='lat' dir='ltr'><strong>lide</strong></span> <span class='ocrx_word' id='word_1_172' title='bbox 1732 2034 1829 2120; x_wconf 87' lang='lat' dir='ltr'><strong>digni.</strong></span> <span class='ocrx_word' id='word_1_173' title='bbox 1858 2033 1982 2103; x_wconf 83' lang='lat' dir='ltr'><strong>Datum</strong></span> 
     </span>
     <span class='ocr_line' id='line_1_17' title="bbox 371 2132 1647 2223; baseline 0.001 -19"><span class='ocrx_word' id='word_1_174' title='bbox 371 2132 375 2138; x_wconf 83' lang='grc'><strong>’</strong></span> <span class='ocrx_word' id='word_1_175' title='bbox 432 2135 466 2204; x_wconf 90' lang='lat' dir='ltr'><strong>in</strong></span> <span class='ocrx_word' id='word_1_176' title='bbox 483 2135 606 2205; x_wconf 81' lang='lat' dir='ltr'><strong>Gaiana</strong></span> <span class='ocrx_word' id='word_1_177' title='bbox 623 2154 707 2204; x_wconf 86' lang='lat' dir='ltr'><strong>anno</strong></span> <span class='ocrx_word' id='word_1_178' title='bbox 729 2136 855 2204; x_wconf 88' lang='lat' dir='ltr'><strong>Domini</strong></span> <span class='ocrx_word' id='word_1_179' title='bbox 877 2133 1170 2203; x_wconf 57' lang='lat' dir='ltr'><strong>dcclxxxvii</strong></span> <span class='ocrx_word' id='word_1_180' title='bbox 1191 2137 1225 2203; x_wconf 91' lang='lat' dir='ltr'><strong>in</strong></span> <span class='ocrx_word' id='word_1_181' title='bbox 1244 2137 1296 2204; x_wconf 90' lang='lat' dir='ltr'><strong>die</strong></span> <span class='ocrx_word' id='word_1_182' title='bbox 1316 2136 1417 2205; x_wconf 84' lang='lat' dir='ltr'><strong>Marci</strong></span> <span class='ocrx_word' id='word_1_183' title='bbox 1437 2137 1647 2223; x_wconf 73' lang='lat' dir='ltr'><strong>ewangeliste</strong></span> 
     </span>
    </p>
   </div>
   <div class='ocr_carea' id='block_1_3' title="bbox 430 2341 1983 2736">
    <p class='ocr_par' dir='ltr' id='par_1_3' title="bbox 430 2341 1983 2736">
     <span class='ocr_line' id='line_1_18' title="bbox 533 2341 1983 2427; baseline -0.002 -16"><span class='ocrx_word' id='word_1_184' title='bbox 533 2341 724 2426; x_wconf 85' lang='lat' dir='ltr'><strong>Doberluoh,</strong></span> <span class='ocrx_word' id='word_1_185' title='bbox 743 2346 906 2427; x_wconf 68' lang='lat' dir='ltr'><strong>Bobrptuq,</strong></span> <span class='ocrx_word' id='word_1_186' title='bbox 929 2365 948 2407; x_wconf 85' lang='lat' dir='ltr'><em>z</em></span> <span class='ocrx_word' id='word_1_187' title='bbox 969 2345 1135 2408; x_wconf 64' lang='lat' dir='ltr'><strong>memora</strong></span> <span class='ocrx_word' id='word_1_188' title='bbox 1155 2345 1341 2409; x_wconf 72' lang='lat' dir='ltr'><strong>dabbertucb</strong></span> <span class='ocrx_word' id='word_1_189' title='bbox 1360 2365 1388 2407; x_wconf 83' lang='lat' dir='ltr'><strong>rr</strong></span> <span class='ocrx_word' id='word_1_190' title='bbox 1405 2345 1547 2424; x_wconf 73' lang='lat' dir='ltr'><strong>Lazacyt</strong></span> <span class='ocrx_word' id='word_1_191' title='bbox 1591 2342 1736 2427; x_wconf 86' lang='lat' dir='ltr'><strong>Poniquo</strong></span> <span class='ocrx_word' id='word_1_192' title='bbox 1755 2342 1814 2409; x_wconf 82' lang='lat' dir='ltr'><strong>riv.</strong></span> <span class='ocrx_word' id='word_1_193' title='bbox 1836 2345 1983 2408; x_wconf 73' lang='lat' dir='ltr'><strong>Ponitur</strong></span> 
     </span>
     <span class='ocr_line' id='line_1_19' title="bbox 430 2442 1981 2530; baseline 0.001 -21"><span class='ocrx_word' id='word_1_194' title='bbox 430 2465 473 2509; x_wconf 80' lang='lat' dir='ltr'><strong>n.</strong></span> <span class='ocrx_word' id='word_1_195' title='bbox 516 2442 632 2513; x_wconf 78' lang='lat' dir='ltr'><strong>socna</strong></span> <span class='ocrx_word' id='word_1_196' title='bbox 651 2443 918 2526; x_wconf 53' lang='lat' dir='ltr'><strong>damhmm&#39;czytt</strong></span> <span class='ocrx_word' id='word_1_197' title='bbox 939 2445 1090 2530; x_wconf 62' lang='lat' dir='ltr'><strong>debona,</strong></span> <span class='ocrx_word' id='word_1_198' title='bbox 1113 2445 1314 2523; x_wconf 64' lang='lat' dir='ltr'><strong>morenate</strong></span> <span class='ocrx_word' id='word_1_199' title='bbox 1340 2450 1502 2527; x_wconf 64' lang='lat' dir='ltr'><strong>praerepta</strong></span> <span class='ocrx_word' id='word_1_200' title='bbox 1523 2443 1642 2524; x_wconf 64' lang='grc' dir='ltr'><strong>ιηίΙᾱϋ</strong></span> <span class='ocrx_word' id='word_1_201' title='bbox 1677 2447 1799 2510; x_wconf 83' lang='lat' dir='ltr'><strong>occdzr&#39;c</strong></span> <span class='ocrx_word' id='word_1_202' title='bbox 1823 2447 1981 2511; x_wconf 72' lang='lat' dir='ltr'><strong>Marcone.</strong></span> 
     </span>
     <span class='ocr_line' id='line_1_20' title="bbox 432 2543 1981 2629; baseline -0.003 -15"><span class='ocrx_word' id='word_1_203' title='bbox 432 2543 608 2628; x_wconf 76' lang='lat' dir='ltr'><strong>Smbrsco,</strong></span> <span class='ocrx_word' id='word_1_204' title='bbox 643 2550 774 2612; x_wconf 66' lang='lat' dir='ltr'><strong>mco.</strong></span> <span class='ocrx_word' id='word_1_205' title='bbox 819 2545 988 2614; x_wconf 80' lang='lat' dir='ltr'><strong>Lnbnewia</strong></span> <span class='ocrx_word' id='word_1_206' title='bbox 1016 2545 1136 2612; x_wconf 81' lang='lat' dir='ltr'><strong>rivulus</strong></span> <span class='ocrx_word' id='word_1_207' title='bbox 1161 2553 1195 2614; x_wconf 89' lang='lat' dir='ltr'><strong>et</strong></span> <span class='ocrx_word' id='word_1_208' title='bbox 1215 2546 1301 2629; x_wconf 74' lang='lat' dir='ltr'><strong>villa</strong></span> <span class='ocrx_word' id='word_1_209' title='bbox 1334 2547 1402 2612; x_wconf 78' lang='lat' dir='ltr'><strong>dztt</strong></span> <span class='ocrx_word' id='word_1_210' title='bbox 1427 2569 1463 2613; x_wconf 81' lang='lat' dir='ltr'><strong>rr.</strong></span> <span class='ocrx_word' id='word_1_211' title='bbox 1491 2550 1607 2614; x_wconf 71' lang='lat' dir='ltr'><strong>Lenito</strong></span> <span class='ocrx_word' id='word_1_212' title='bbox 1633 2550 1699 2612; x_wconf 77' lang='lat' dir='ltr'><strong>nod</strong></span> <span class='ocrx_word' id='word_1_213' title='bbox 1723 2567 1768 2611; x_wconf 78' lang='lat' dir='ltr'><strong>ra.</strong></span> <span class='ocrx_word' id='word_1_214' title='bbox 1798 2545 1981 2613; x_wconf 78' lang='lat' dir='ltr'><strong>Kcrnr&#39;onka.</strong></span> 
     </span>
     <span class='ocr_line' id='line_1_21' title="bbox 432 2646 1731 2736; baseline 0 -20"><span class='ocrx_word' id='word_1_215' title='bbox 432 2647 574 2732; x_wconf 79' lang='lat' dir='ltr'><strong>Menaria,</strong></span> <span class='ocrx_word' id='word_1_216' title='bbox 598 2653 817 2736; x_wconf 64' lang='lat' dir='ltr'><strong>nemorum.</strong></span> <span class='ocrx_word' id='word_1_217' title='bbox 860 2648 956 2732; x_wconf 85' lang='lat' dir='ltr'><strong>Puer,</strong></span> <span class='ocrx_word' id='word_1_218' title='bbox 974 2646 1108 2731; x_wconf 66' lang='lat' dir='ltr'><strong>Ilum.</strong></span> <span class='ocrx_word' id='word_1_219' title='bbox 1151 2647 1284 2732; x_wconf 87' lang='lat' dir='ltr'><strong>Guisnn,</strong></span> <span class='ocrx_word' id='word_1_220' title='bbox 1311 2652 1453 2716; x_wconf 68' lang='lat' dir='ltr'><strong>Gutture</strong></span> <span class='ocrx_word' id='word_1_221' title='bbox 1726 2671 1731 2683; x_wconf 93' lang='lat'>·</span> 
     </span>
    </p>
   </div>
   <div class='ocr_carea' id='block_1_4' title="bbox 974 2938 1308 3064">
    <p class='ocr_par' dir='ltr' id='par_1_4' title="bbox 974 2938 1308 3064">
     <span class='ocr_line' id='line_1_22' title="bbox 974 2938 1308 3064; baseline 0.003 -33"><span class='ocrx_word' id='word_1_222' title='bbox 974 3060 975 3064; x_wconf 35' lang='lat'><strong>,</strong></span> <span class='ocrx_word' id='word_1_223' title='bbox 1095 2945 1169 3033; x_wconf 87' lang='lat' dir='ltr'><strong>Nr.</strong></span> <span class='ocrx_word' id='word_1_224' title='bbox 1207 2938 1308 3032; x_wconf 79' lang='grc'><strong>577.</strong></span> 
     </span>
    </p>
   </div>
   <div class='ocr_carea' id='block_1_5' title="bbox 431 3137 1982 3567">
    <p class='ocr_par' dir='ltr' id='par_1_5' title="bbox 431 3137 1982 3445">
     <span class='ocr_line' id='line_1_23' title="bbox 535 3137 1982 3243; baseline -0.001 -16"><span class='ocrx_word' id='word_1_225' title='bbox 535 3141 722 3227; x_wconf 70' lang='lat' dir='ltr'><strong>&amp;nundus</strong></span> <span class='ocrx_word' id='word_1_226' title='bbox 748 3137 907 3225; x_wconf 86' lang='lat' dir='ltr'><strong>Promisi</strong></span> <span class='ocrx_word' id='word_1_227' title='bbox 934 3143 1012 3224; x_wconf 83' lang='lat' dir='ltr'><strong>dux</strong></span> <span class='ocrx_word' id='word_1_228' title='bbox 1037 3142 1187 3226; x_wconf 88' lang='lat' dir='ltr'><strong>Polonis</strong></span> <span class='ocrx_word' id='word_1_229' title='bbox 1215 3145 1350 3224; x_wconf 85' lang='lat'>1287</span> <span class='ocrx_word' id='word_1_230' title='bbox 1375 3137 1463 3243; x_wconf 82' lang='lat' dir='ltr'><strong>hpr.</strong></span> <span class='ocrx_word' id='word_1_231' title='bbox 1490 3144 1582 3237; x_wconf 82' lang='lat'><strong>26,</strong></span> <span class='ocrx_word' id='word_1_232' title='bbox 1606 3140 1650 3223; x_wconf 92' lang='lat' dir='ltr'><strong>in</strong></span> <span class='ocrx_word' id='word_1_233' title='bbox 1677 3139 1841 3243; x_wconf 73' lang='lat' dir='ltr'><strong>lacunar</strong></span> <span class='ocrx_word' id='word_1_234' title='bbox 1868 3155 1982 3225; x_wconf 77' lang='lat' dir='ltr'><strong>conm-</strong></span> 
     </span>
     <span class='ocr_line' id='line_1_24' title="bbox 431 3259 1982 3347; baseline -0.001 -17"><span class='ocrx_word' id='word_1_235' title='bbox 431 3267 499 3330; x_wconf 86' lang='lat' dir='ltr'><strong>mat</strong></span> <span class='ocrx_word' id='word_1_236' title='bbox 516 3263 664 3346; x_wconf 87' lang='lat' dir='ltr'><strong>antiquas</strong></span> <span class='ocrx_word' id='word_1_237' title='bbox 686 3261 851 3330; x_wconf 90' lang='lat' dir='ltr'><strong>libertates</strong></span> <span class='ocrx_word' id='word_1_238' title='bbox 872 3262 1059 3331; x_wconf 87' lang='lat' dir='ltr'><strong>hereditatis</strong></span> <span class='ocrx_word' id='word_1_239' title='bbox 1080 3266 1266 3347; x_wconf 82' lang='lat' dir='ltr'><strong>Arcugowo,</strong></span> <span class='ocrx_word' id='word_1_240' title='bbox 1289 3280 1385 3345; x_wconf 83' lang='lat' dir='ltr'><strong>quem</strong></span> <span class='ocrx_word' id='word_1_241' title='bbox 1405 3261 1581 3346; x_wconf 87' lang='lat' dir='ltr'><strong>Boguslaus</strong></span> <span class='ocrx_word' id='word_1_242' title='bbox 1601 3260 1791 3328; x_wconf 86' lang='lat' dir='ltr'><strong>castellanus</strong></span> <span class='ocrx_word' id='word_1_243' title='bbox 1810 3259 1851 3328; x_wconf 88' lang='lat' dir='ltr'><strong>de</strong></span> <span class='ocrx_word' id='word_1_244' title='bbox 1873 3259 1982 3344; x_wconf 79' lang='lat' dir='ltr'><strong>Ujscie</strong></span> 
     </span>
     <span class='ocr_line' id='line_1_25' title="bbox 431 3362 1790 3445; baseline -0.003 -12"><span class='ocrx_word' id='word_1_245' title='bbox 431 3383 501 3433; x_wconf 91' lang='lat' dir='ltr'><strong>cum</strong></span> <span class='ocrx_word' id='word_1_246' title='bbox 522 3363 699 3433; x_wconf 85' lang='lat' dir='ltr'><strong>hereditate</strong></span> <span class='ocrx_word' id='word_1_247' title='bbox 719 3365 869 3433; x_wconf 78' lang='lat' dir='ltr'><strong>ecclesiae</strong></span> <span class='ocrx_word' id='word_1_248' title='bbox 890 3366 930 3431; x_wconf 90' lang='lat' dir='ltr'><strong>de</strong></span> <span class='ocrx_word' id='word_1_249' title='bbox 950 3363 1164 3445; x_wconf 79' lang='lat' dir='ltr'><strong>Traemeszuo,</strong></span> <span class='ocrx_word' id='word_1_250' title='bbox 1186 3363 1273 3431; x_wconf 88' lang='lat' dir='ltr'><strong>dicta</strong></span> <span class='ocrx_word' id='word_1_251' title='bbox 1293 3362 1509 3444; x_wconf 82' lang='lat' dir='ltr'><strong>Iaunsalrowo,</strong></span> <span class='ocrx_word' id='word_1_252' title='bbox 1532 3367 1790 3430; x_wconf 82' lang='lat' dir='ltr'><strong>commutaverat</strong></span> 
     </span>
    </p>

    <p class='ocr_par' dir='ltr' id='par_1_6' title="bbox 537 3464 1789 3567">
     <span class='ocr_line' id='line_1_26' title="bbox 537 3464 1789 3567; baseline -0.006 -32"><span class='ocrx_word' id='word_1_253' title='bbox 537 3471 738 3535; x_wconf 61' lang='lat' dir='ltr'><strong>nummo.</strong></span> <span class='ocrx_word' id='word_1_254' title='bbox 783 3472 863 3534; x_wconf 79' lang='lat' dir='ltr'><strong>Pn&#39;v.</strong></span> <span class='ocrx_word' id='word_1_255' title='bbox 887 3471 973 3533; x_wconf 77' lang='lat' dir='ltr'><strong>Corra</strong></span> <span class='ocrx_word' id='word_1_256' title='bbox 1002 3470 1075 3534; x_wconf 79' lang='lat' dir='ltr'><strong>can.</strong></span> <span class='ocrx_word' id='word_1_257' title='bbox 1098 3470 1171 3547; x_wconf 69' lang='lat' dir='ltr'><strong>aco.</strong></span> <span class='ocrx_word' id='word_1_258' title='bbox 1195 3468 1339 3532; x_wconf 77' lang='lat' dir='ltr'><strong>lateran.</strong></span> <span class='ocrx_word' id='word_1_259' title='bbox 1384 3465 1453 3532; x_wconf 81' lang='lat' dir='ltr'><strong>Lib.</strong></span> <span class='ocrx_word' id='word_1_260' title='bbox 1474 3470 1574 3547; x_wconf 82' lang='lat' dir='ltr'><strong>priott</strong></span> <span class='ocrx_word' id='word_1_261' title='bbox 1593 3468 1649 3545; x_wconf 83' lang='lat' dir='ltr'><strong>sol.</strong></span> <span class='ocrx_word' id='word_1_262' title='bbox 1667 3464 1718 3528; x_wconf 82' lang='grc'><strong>67.</strong></span> <span class='ocrx_word' id='word_1_263' title='bbox 1783 3557 1789 3567; x_wconf 15' lang='grc' dir='ltr'><strong>ἡ</strong></span> 
     </span>
    </p>
   </div>
   <div class='ocr_carea' id='block_1_6' title="bbox 431 3670 1983 5490">
    <p class='ocr_par' dir='ltr' id='par_1_7' title="bbox 431 3670 1983 5401">
     <span class='ocr_line' id='line_1_27' title="bbox 533 3670 1982 3755; baseline -0.001 -15"><span class='ocrx_word' id='word_1_264' title='bbox 533 3672 572 3741; x_wconf 92' lang='lat' dir='ltr'><strong>lu</strong></span> <span class='ocrx_word' id='word_1_265' title='bbox 592 3672 719 3740; x_wconf 88' lang='lat' dir='ltr'><strong>nomine</strong></span> <span class='ocrx_word' id='word_1_266' title='bbox 748 3671 874 3740; x_wconf 85' lang='lat' dir='ltr'><strong>Domini</strong></span> <span class='ocrx_word' id='word_1_267' title='bbox 899 3690 1001 3740; x_wconf 86' lang='lat' dir='ltr'><strong>amen</strong></span> <span class='ocrx_word' id='word_1_268' title='bbox 1045 3672 1130 3739; x_wconf 89' lang='lat' dir='ltr'><strong>Dum</strong></span> <span class='ocrx_word' id='word_1_269' title='bbox 1156 3670 1235 3738; x_wconf 87' lang='lat' dir='ltr'><strong>vivit</strong></span> <span class='ocrx_word' id='word_1_270' title='bbox 1261 3671 1370 3738; x_wconf 86' lang='lat' dir='ltr'><strong>littera</strong></span> <span class='ocrx_word' id='word_1_271' title='bbox 1394 3670 1474 3737; x_wconf 83' lang='lat' dir='ltr'><strong>vivit</strong></span> <span class='ocrx_word' id='word_1_272' title='bbox 1500 3677 1534 3738; x_wconf 89' lang='lat' dir='ltr'><strong>et</strong></span> <span class='ocrx_word' id='word_1_273' title='bbox 1561 3670 1645 3739; x_wconf 87' lang='lat' dir='ltr'><strong>ectio</strong></span> <span class='ocrx_word' id='word_1_274' title='bbox 1673 3671 1840 3740; x_wconf 73' lang='lat' dir='ltr'><strong>oommhsa</strong></span> <span class='ocrx_word' id='word_1_275' title='bbox 1864 3671 1982 3755; x_wconf 87' lang='lat' dir='ltr'><strong>littere,</strong></span> 
     </span>
     <span class='ocr_line' id='line_1_28' title="bbox 432 3773 1982 3860; baseline -0.001 -15"><span class='ocrx_word' id='word_1_276' title='bbox 432 3775 521 3845; x_wconf 87' lang='lat' dir='ltr'><strong>cuius</strong></span> <span class='ocrx_word' id='word_1_277' title='bbox 541 3775 677 3844; x_wconf 73' lang='lat' dir='ltr'><strong>msercio</strong></span> <span class='ocrx_word' id='word_1_278' title='bbox 699 3774 802 3842; x_wconf 78' lang='lat' dir='ltr'><strong>untrh</strong></span> <span class='ocrx_word' id='word_1_279' title='bbox 823 3776 1005 3843; x_wconf 91' lang='lat' dir='ltr'><strong>memoriam</strong></span> <span class='ocrx_word' id='word_1_280' title='bbox 1026 3781 1061 3843; x_wconf 86' lang='lat' dir='ltr'><strong>et</strong></span> <span class='ocrx_word' id='word_1_281' title='bbox 1081 3774 1231 3844; x_wconf 89' lang='lat' dir='ltr'><strong>roborata</strong></span> <span class='ocrx_word' id='word_1_282' title='bbox 1252 3774 1386 3859; x_wconf 83' lang='lat' dir='ltr'><strong>suscipit</strong></span> <span class='ocrx_word' id='word_1_283' title='bbox 1406 3774 1644 3842; x_wconf 83' lang='lat' dir='ltr'><strong>incrementum.</strong></span> <span class='ocrx_word' id='word_1_284' title='bbox 1674 3773 1779 3860; x_wconf 81' lang='lat' dir='ltr'><strong>Igitur</strong></span> <span class='ocrx_word' id='word_1_285' title='bbox 1799 3791 1857 3842; x_wconf 90' lang='lat' dir='ltr'><strong>uos</strong></span> <span class='ocrx_word' id='word_1_286' title='bbox 1871 3793 1982 3843; x_wconf 75' lang='lat' dir='ltr'><strong>secum</strong></span> 
     </span>
     <span class='ocr_line' id='line_1_29' title="bbox 431 3875 1982 3963; baseline 0 -17"><span class='ocrx_word' id='word_1_287' title='bbox 431 3877 491 3946; x_wconf 88' lang='lat' dir='ltr'><strong>dus</strong></span> <span class='ocrx_word' id='word_1_288' title='bbox 512 3877 645 3946; x_wconf 88' lang='lat' dir='ltr'><strong>Premisl</strong></span> <span class='ocrx_word' id='word_1_289' title='bbox 666 3877 726 3946; x_wconf 88' lang='lat' dir='ltr'><strong>Dei</strong></span> <span class='ocrx_word' id='word_1_290' title='bbox 748 3878 857 3963; x_wconf 88' lang='lat' dir='ltr'><strong>gracia</strong></span> <span class='ocrx_word' id='word_1_291' title='bbox 873 3877 938 3944; x_wconf 83' lang='lat' dir='ltr'><strong>dux</strong></span> <span class='ocrx_word' id='word_1_292' title='bbox 959 3878 1088 3945; x_wconf 90' lang='lat' dir='ltr'><strong>Polouie</strong></span> <span class='ocrx_word' id='word_1_293' title='bbox 1109 3884 1220 3945; x_wconf 90' lang='lat' dir='ltr'><strong>notum</strong></span> <span class='ocrx_word' id='word_1_294' title='bbox 1240 3875 1372 3944; x_wconf 86' lang='lat' dir='ltr'><strong>iacimus</strong></span> <span class='ocrx_word' id='word_1_295' title='bbox 1393 3877 1547 3944; x_wconf 72' lang='lat' dir='ltr'><strong>adversis</strong></span> <span class='ocrx_word' id='word_1_296' title='bbox 1576 3882 1642 3943; x_wconf 88' lang='lat' dir='ltr'><strong>tarn</strong></span> <span class='ocrx_word' id='word_1_297' title='bbox 1666 3877 1865 3961; x_wconf 80' lang='lat' dir='ltr'><strong>presentibus</strong></span> <span class='ocrx_word' id='word_1_298' title='bbox 1885 3897 1982 3962; x_wconf 88' lang='lat' dir='ltr'><strong>quarn</strong></span> 
     </span>
     <span class='ocr_line' id='line_1_30' title="bbox 431 3979 1983 4066; baseline 0.001 -19"><span class='ocrx_word' id='word_1_299' title='bbox 431 3979 547 4048; x_wconf 72' lang='lat' dir='ltr'><strong>bruris</strong></span> <span class='ocrx_word' id='word_1_300' title='bbox 564 3987 743 4064; x_wconf 89' lang='lat' dir='ltr'><strong>presentem</strong></span> <span class='ocrx_word' id='word_1_301' title='bbox 764 3981 910 4065; x_wconf 85' lang='lat' dir='ltr'><strong>paginam</strong></span> <span class='ocrx_word' id='word_1_302' title='bbox 932 3980 1132 4064; x_wconf 89' lang='lat' dir='ltr'><strong>inspecturis,</strong></span> <span class='ocrx_word' id='word_1_303' title='bbox 1153 3979 1238 4063; x_wconf 86' lang='lat' dir='ltr'><strong>quod</strong></span> <span class='ocrx_word' id='word_1_304' title='bbox 1264 3981 1298 4046; x_wconf 92' lang='lat' dir='ltr'><strong>in</strong></span> <span class='ocrx_word' id='word_1_305' title='bbox 1324 3986 1434 4048; x_wconf 89' lang='lat' dir='ltr'><strong>nostra</strong></span> <span class='ocrx_word' id='word_1_306' title='bbox 1459 3985 1703 4063; x_wconf 83' lang='lat' dir='ltr'><strong>nostrorumque</strong></span> <span class='ocrx_word' id='word_1_307' title='bbox 1732 3980 1885 4047; x_wconf 88' lang='lat' dir='ltr'><strong>baronum</strong></span> <span class='ocrx_word' id='word_1_308' title='bbox 1911 3999 1983 4066; x_wconf 90' lang='lat' dir='ltr'><strong>pre·</strong></span> 
     </span>
     <span class='ocr_line' id='line_1_31' title="bbox 431 4081 1983 4171; baseline 0.001 -21"><span class='ocrx_word' id='word_1_309' title='bbox 431 4082 536 4150; x_wconf 78' lang='lat' dir='ltr'><strong>sencio</strong></span> <span class='ocrx_word' id='word_1_310' title='bbox 556 4101 660 4151; x_wconf 81' lang='lat' dir='ltr'><strong>eomer</strong></span> <span class='ocrx_word' id='word_1_311' title='bbox 679 4081 874 4167; x_wconf 66' lang='lat' dir='ltr'><strong>poraneus</strong></span> <span class='ocrx_word' id='word_1_312' title='bbox 896 4081 1087 4150; x_wconf 79' lang='lat' dir='ltr'><strong>castellanus</strong></span> <span class='ocrx_word' id='word_1_313' title='bbox 1108 4081 1147 4149; x_wconf 91' lang='lat' dir='ltr'><strong>de</strong></span> <span class='ocrx_word' id='word_1_314' title='bbox 1168 4081 1292 4167; x_wconf 78' lang='lat' dir='ltr'><strong>Uscayo</strong></span> <span class='ocrx_word' id='word_1_315' title='bbox 1313 4089 1347 4149; x_wconf 87' lang='lat' dir='ltr'><strong>et</strong></span> <span class='ocrx_word' id='word_1_316' title='bbox 1367 4082 1618 4150; x_wconf 79' lang='lat' dir='ltr'><strong>subcamerarius</strong></span> <span class='ocrx_word' id='word_1_317' title='bbox 1631 4082 1864 4167; x_wconf 88' lang='lat' dir='ltr'><strong>Poananiensis,</strong></span> <span class='ocrx_word' id='word_1_318' title='bbox 1886 4102 1983 4171; x_wconf 87' lang='lat' dir='ltr'><strong>snper</strong></span> 
     </span>
     <span class='ocr_line' id='line_1_32' title="bbox 431 4183 1982 4270; baseline 0.003 -19"><span class='ocrx_word' id='word_1_319' title='bbox 431 4184 639 4252; x_wconf 77' lang='lat' dir='ltr'><strong>hereditatem</strong></span> <span class='ocrx_word' id='word_1_320' title='bbox 661 4204 732 4253; x_wconf 89' lang='lat' dir='ltr'><strong>cum</strong></span> <span class='ocrx_word' id='word_1_321' title='bbox 754 4184 880 4252; x_wconf 87' lang='lat' dir='ltr'><strong>domino</strong></span> <span class='ocrx_word' id='word_1_322' title='bbox 898 4185 1059 4268; x_wconf 89' lang='lat' dir='ltr'><strong>preposito</strong></span> <span class='ocrx_word' id='word_1_323' title='bbox 1080 4183 1220 4250; x_wconf 76' lang='lat' dir='ltr'><strong>Muttine</strong></span> <span class='ocrx_word' id='word_1_324' title='bbox 1235 4191 1269 4250; x_wconf 91' lang='lat' dir='ltr'><strong>et</strong></span> <span class='ocrx_word' id='word_1_325' title='bbox 1283 4191 1352 4252; x_wconf 87' lang='lat' dir='ltr'><strong>toto</strong></span> <span class='ocrx_word' id='word_1_326' title='bbox 1370 4186 1470 4269; x_wconf 87' lang='lat' dir='ltr'><strong>ipsius</strong></span> <span class='ocrx_word' id='word_1_327' title='bbox 1484 4186 1623 4270; x_wconf 86' lang='lat' dir='ltr'><strong>capitulo</strong></span> <span class='ocrx_word' id='word_1_328' title='bbox 1637 4187 1767 4255; x_wconf 84' lang='lat' dir='ltr'><strong>ecclesie</strong></span> <span class='ocrx_word' id='word_1_329' title='bbox 1781 4188 1982 4256; x_wconf 78' lang='lat' dir='ltr'><strong>Traemesch·</strong></span> 
     </span>
     <span class='ocr_line' id='line_1_33' title="bbox 431 4285 1983 4374; baseline 0.003 -20"><span class='ocrx_word' id='word_1_330' title='bbox 431 4288 536 4356; x_wconf 74' lang='lat' dir='ltr'><strong>amnis</strong></span> <span class='ocrx_word' id='word_1_331' title='bbox 557 4288 654 4355; x_wconf 81' lang='lat' dir='ltr'><strong>talem</strong></span> <span class='ocrx_word' id='word_1_332' title='bbox 674 4288 745 4354; x_wconf 89' lang='lat' dir='ltr'><strong>iniit</strong></span> <span class='ocrx_word' id='word_1_333' title='bbox 766 4287 1060 4368; x_wconf 65' lang='lat' dir='ltr'><strong>commutacionem</strong></span> <span class='ocrx_word' id='word_1_334' title='bbox 1082 4285 1229 4352; x_wconf 88' lang='lat' dir='ltr'><strong>videlicet</strong></span> <span class='ocrx_word' id='word_1_335' title='bbox 1249 4286 1333 4369; x_wconf 83' lang='lat' dir='ltr'><strong>qnorl</strong></span> <span class='ocrx_word' id='word_1_336' title='bbox 1355 4286 1436 4353; x_wconf 89' lang='lat' dir='ltr'><strong>irlern</strong></span> <span class='ocrx_word' id='word_1_337' title='bbox 1459 4287 1654 4371; x_wconf 76' lang='lat' dir='ltr'><strong>Boguslavus</strong></span> <span class='ocrx_word' id='word_1_338' title='bbox 1675 4294 1742 4355; x_wconf 91' lang='lat' dir='ltr'><strong>tam</strong></span> <span class='ocrx_word' id='word_1_339' title='bbox 1764 4309 1803 4356; x_wconf 87' lang='lat' dir='ltr'><strong>ex</strong></span> <span class='ocrx_word' id='word_1_340' title='bbox 1818 4296 1910 4374; x_wconf 84' lang='lat' dir='ltr'><strong>parte</strong></span> <span class='ocrx_word' id='word_1_341' title='bbox 1924 4310 1983 4358; x_wconf 89' lang='lat' dir='ltr'><strong>sua</strong></span> 
     </span>
     <span class='ocr_line' id='line_1_34' title="bbox 431 4387 1982 4474; baseline 0.003 -18"><span class='ocrx_word' id='word_1_342' title='bbox 431 4405 526 4472; x_wconf 85' lang='lat' dir='ltr'><strong>quam</strong></span> <span class='ocrx_word' id='word_1_343' title='bbox 547 4408 586 4456; x_wconf 85' lang='lat' dir='ltr'><strong>ex</strong></span> <span class='ocrx_word' id='word_1_344' title='bbox 608 4394 699 4474; x_wconf 80' lang='lat' dir='ltr'><strong>parte</strong></span> <span class='ocrx_word' id='word_1_345' title='bbox 718 4387 826 4455; x_wconf 82' lang='lat' dir='ltr'><strong>fratris</strong></span> <span class='ocrx_word' id='word_1_346' title='bbox 848 4389 898 4455; x_wconf 91' lang='lat' dir='ltr'><strong>sui</strong></span> <span class='ocrx_word' id='word_1_347' title='bbox 916 4388 1021 4455; x_wconf 87' lang='lat' dir='ltr'><strong>lnoobi</strong></span> <span class='ocrx_word' id='word_1_348' title='bbox 1042 4388 1204 4455; x_wconf 78' lang='lat' dir='ltr'><strong>castellani</strong></span> <span class='ocrx_word' id='word_1_349' title='bbox 1223 4388 1264 4454; x_wconf 89' lang='lat' dir='ltr'><strong>de</strong></span> <span class='ocrx_word' id='word_1_350' title='bbox 1285 4388 1433 4472; x_wconf 84' lang='lat' dir='ltr'><strong>Rogosna</strong></span> <span class='ocrx_word' id='word_1_351' title='bbox 1452 4397 1487 4457; x_wconf 91' lang='lat' dir='ltr'><strong>et</strong></span> <span class='ocrx_word' id='word_1_352' title='bbox 1508 4392 1647 4474; x_wconf 89' lang='lat' dir='ltr'><strong>ipsorum</strong></span> <span class='ocrx_word' id='word_1_353' title='bbox 1669 4393 1809 4459; x_wconf 89' lang='lat' dir='ltr'><strong>omnium</strong></span> <span class='ocrx_word' id='word_1_354' title='bbox 1823 4411 1982 4460; x_wconf 87' lang='lat' dir='ltr'><strong>suceesso-</strong></span> 
     </span>
     <span class='ocr_line' id='line_1_35' title="bbox 432 4490 1982 4578; baseline 0.003 -18"><span class='ocrx_word' id='word_1_355' title='bbox 432 4510 512 4574; x_wconf 86' lang='lat' dir='ltr'><strong>rum,</strong></span> <span class='ocrx_word' id='word_1_356' title='bbox 533 4492 742 4560; x_wconf 85' lang='lat' dir='ltr'><strong>hereditatem</strong></span> <span class='ocrx_word' id='word_1_357' title='bbox 763 4510 851 4558; x_wconf 89' lang='lat' dir='ltr'><strong>sunm</strong></span> <span class='ocrx_word' id='word_1_358' title='bbox 871 4490 1062 4574; x_wconf 84' lang='lat' dir='ltr'><strong>Heroogouo</strong></span> <span class='ocrx_word' id='word_1_359' title='bbox 1085 4491 1220 4558; x_wconf 89' lang='lat' dir='ltr'><strong>contulit</strong></span> <span class='ocrx_word' id='word_1_360' title='bbox 1240 4490 1364 4574; x_wconf 84' lang='lat' dir='ltr'><strong>prelato</strong></span> <span class='ocrx_word' id='word_1_361' title='bbox 1387 4492 1512 4559; x_wconf 89' lang='lat' dir='ltr'><strong>domino</strong></span> <span class='ocrx_word' id='word_1_362' title='bbox 1541 4495 1702 4578; x_wconf 90' lang='lat' dir='ltr'><strong>proposito</strong></span> <span class='ocrx_word' id='word_1_363' title='bbox 1730 4497 1860 4563; x_wconf 78' lang='lat' dir='ltr'><strong>ecclesie</strong></span> <span class='ocrx_word' id='word_1_364' title='bbox 1889 4497 1982 4564; x_wconf 76' lang='lat' dir='ltr'><strong>trae</strong></span> 
     </span>
     <span class='ocr_line' id='line_1_36' title="bbox 432 4593 1983 4683; baseline 0.003 -22"><span class='ocrx_word' id='word_1_365' title='bbox 432 4594 643 4662; x_wconf 90' lang='lat' dir='ltr'><strong>meschnensis</strong></span> <span class='ocrx_word' id='word_1_366' title='bbox 663 4594 732 4661; x_wconf 93' lang='lat' dir='ltr'><strong>iure</strong></span> <span class='ocrx_word' id='word_1_367' title='bbox 754 4593 944 4660; x_wconf 73' lang='lat' dir='ltr'><strong>hereditario</strong></span> <span class='ocrx_word' id='word_1_368' title='bbox 967 4594 1204 4677; x_wconf 86' lang='lat' dir='ltr'><strong>inperpetuum</strong></span> <span class='ocrx_word' id='word_1_369' title='bbox 1227 4593 1456 4678; x_wconf 85' lang='lat' dir='ltr'><strong>possidendam,</strong></span> <span class='ocrx_word' id='word_1_370' title='bbox 1478 4597 1518 4664; x_wconf 91' lang='lat' dir='ltr'><strong>ab</strong></span> <span class='ocrx_word' id='word_1_371' title='bbox 1539 4597 1649 4663; x_wconf 88' lang='lat' dir='ltr'><strong>andern</strong></span> <span class='ocrx_word' id='word_1_372' title='bbox 1676 4597 1803 4665; x_wconf 88' lang='lat' dir='ltr'><strong>domino</strong></span> <span class='ocrx_word' id='word_1_373' title='bbox 1822 4599 1983 4683; x_wconf 86' lang='lat' dir='ltr'><strong>proposito</strong></span> 
     </span>
     <span class='ocr_line' id='line_1_37' title="bbox 431 4696 1983 4783; baseline 0.004 -19"><span class='ocrx_word' id='word_1_374' title='bbox 431 4703 466 4764; x_wconf 89' lang='lat' dir='ltr'><strong>et</strong></span> <span class='ocrx_word' id='word_1_375' title='bbox 486 4698 571 4765; x_wconf 87' lang='lat' dir='ltr'><strong>dicta</strong></span> <span class='ocrx_word' id='word_1_376' title='bbox 591 4697 724 4765; x_wconf 89' lang='lat' dir='ltr'><strong>ecclesia</strong></span> <span class='ocrx_word' id='word_1_377' title='bbox 744 4696 1017 4763; x_wconf 78' lang='lat' dir='ltr'><strong>Traerncsclrnensi</strong></span> <span class='ocrx_word' id='word_1_378' title='bbox 1040 4696 1134 4763; x_wconf 87' lang='lat' dir='ltr'><strong>aliam</strong></span> <span class='ocrx_word' id='word_1_379' title='bbox 1156 4697 1365 4765; x_wconf 79' lang='lat' dir='ltr'><strong>hereditatem</strong></span> <span class='ocrx_word' id='word_1_380' title='bbox 1386 4699 1549 4783; x_wconf 84' lang='lat' dir='ltr'><strong>recipiens,</strong></span> <span class='ocrx_word' id='word_1_381' title='bbox 1577 4719 1641 4783; x_wconf 89' lang='lat' dir='ltr'><strong>qne</strong></span> <span class='ocrx_word' id='word_1_382' title='bbox 1663 4700 1843 4768; x_wconf 73' lang='lat' dir='ltr'><strong>hnusaeuo</strong></span> <span class='ocrx_word' id='word_1_383' title='bbox 1865 4703 1983 4770; x_wconf 87' lang='lat' dir='ltr'><strong>dicitur</strong></span> 
     </span>
     <span class='ocr_line' id='line_1_38' title="bbox 431 4798 1983 4888; baseline 0.004 -23"><span class='ocrx_word' id='word_1_384' title='bbox 431 4800 465 4865; x_wconf 91' lang='lat' dir='ltr'><strong>in</strong></span> <span class='ocrx_word' id='word_1_385' title='bbox 484 4799 614 4883; x_wconf 82' lang='lat' dir='ltr'><strong>vulgari,</strong></span> <span class='ocrx_word' id='word_1_386' title='bbox 637 4798 826 4866; x_wconf 76' lang='lat' dir='ltr'><strong>barolitario</strong></span> <span class='ocrx_word' id='word_1_387' title='bbox 847 4798 1075 4882; x_wconf 84' lang='lat' dir='ltr'><strong>possidendam.</strong></span> <span class='ocrx_word' id='word_1_388' title='bbox 1121 4798 1187 4866; x_wconf 86' lang='lat' dir='ltr'><strong>Nos</strong></span> <span class='ocrx_word' id='word_1_389' title='bbox 1208 4819 1283 4866; x_wconf 86' lang='lat' dir='ltr'><strong>vero</strong></span> <span class='ocrx_word' id='word_1_390' title='bbox 1313 4801 1478 4883; x_wconf 83' lang='lat' dir='ltr'><strong>utriusque</strong></span> <span class='ocrx_word' id='word_1_391' title='bbox 1506 4802 1607 4885; x_wconf 87' lang='lat' dir='ltr'><strong>partis</strong></span> <span class='ocrx_word' id='word_1_392' title='bbox 1638 4803 1698 4887; x_wconf 92' lang='lat' dir='ltr'><strong>piis</strong></span> <span class='ocrx_word' id='word_1_393' title='bbox 1718 4822 1757 4870; x_wconf 87' lang='lat' dir='ltr'><strong>ac</strong></span> <span class='ocrx_word' id='word_1_394' title='bbox 1779 4803 1883 4887; x_wconf 88' lang='lat' dir='ltr'><strong>dignis</strong></span> <span class='ocrx_word' id='word_1_395' title='bbox 1902 4806 1983 4888; x_wconf 88' lang='lat' dir='ltr'><strong>peti·</strong></span> 
     </span>
     <span class='ocr_line' id='line_1_39' title="bbox 432 4901 1982 4989; baseline 0.003 -20"><span class='ocrx_word' id='word_1_396' title='bbox 432 4901 573 4969; x_wconf 89' lang='lat' dir='ltr'><strong>cionibus</strong></span> <span class='ocrx_word' id='word_1_397' title='bbox 593 4903 792 4985; x_wconf 83' lang='lat' dir='ltr'><strong>acquiescere</strong></span> <span class='ocrx_word' id='word_1_398' title='bbox 813 4903 984 4987; x_wconf 78' lang='lat' dir='ltr'><strong>cupientes,</strong></span> <span class='ocrx_word' id='word_1_399' title='bbox 1003 4901 1184 4969; x_wconf 84' lang='lat' dir='ltr'><strong>libertatem</strong></span> <span class='ocrx_word' id='word_1_400' title='bbox 1202 4922 1298 4987; x_wconf 85' lang='lat' dir='ltr'><strong>quarn</strong></span> <span class='ocrx_word' id='word_1_401' title='bbox 1320 4904 1405 4971; x_wconf 73' lang='lat' dir='ltr'><strong>(lictu</strong></span> <span class='ocrx_word' id='word_1_402' title='bbox 1427 4904 1584 4971; x_wconf 80' lang='lat' dir='ltr'><strong>berelitos</strong></span> <span class='ocrx_word' id='word_1_403' title='bbox 1606 4905 1803 4989; x_wconf 83' lang='lat' dir='ltr'><strong>larcaogorro</strong></span> <span class='ocrx_word' id='word_1_404' title='bbox 1818 4906 1930 4974; x_wconf 89' lang='lat' dir='ltr'><strong>babuit</strong></span> <span class='ocrx_word' id='word_1_405' title='bbox 1943 4927 1982 4974; x_wconf 85' lang='lat' dir='ltr'><strong>ex</strong></span> 
     </span>
     <span class='ocr_line' id='line_1_40' title="bbox 431 5003 1982 5089; baseline 0.004 -19"><span class='ocrx_word' id='word_1_406' title='bbox 431 5004 572 5088; x_wconf 79' lang='lat' dir='ltr'><strong>undqno,</strong></span> <span class='ocrx_word' id='word_1_407' title='bbox 595 5003 797 5070; x_wconf 82' lang='lat' dir='ltr'><strong>obtinendem</strong></span> <span class='ocrx_word' id='word_1_408' title='bbox 816 5011 968 5089; x_wconf 89' lang='lat' dir='ltr'><strong>perpetuo</strong></span> <span class='ocrx_word' id='word_1_409' title='bbox 991 5005 1277 5088; x_wconf 65' lang='lat' dir='ltr'><strong>impermutabiliter</strong></span> <span class='ocrx_word' id='word_1_410' title='bbox 1299 5007 1528 5089; x_wconf 84' lang='lat' dir='ltr'><strong>conlirrrromus,</strong></span> <span class='ocrx_word' id='word_1_411' title='bbox 1552 5008 1741 5075; x_wconf 82' lang='lat' dir='ltr'><strong>redimentes</strong></span> <span class='ocrx_word' id='word_1_412' title='bbox 1760 5027 1982 5089; x_wconf 75' lang='lat' dir='ltr'><strong>mmcnaraz,</strong></span> 
     </span>
     <span class='ocr_line' id='line_1_41' title="bbox 433 5105 1982 5195; baseline 0.003 -20"><span class='ocrx_word' id='word_1_413' title='bbox 433 5125 454 5175; x_wconf 86' lang='lat' dir='ltr'><strong>o</strong></span> <span class='ocrx_word' id='word_1_414' title='bbox 474 5125 582 5190; x_wconf 81' lang='lat' dir='ltr'><strong>porea,</strong></span> <span class='ocrx_word' id='word_1_415' title='bbox 604 5124 625 5173; x_wconf 88' lang='lat' dir='ltr'><strong>u</strong></span> <span class='ocrx_word' id='word_1_416' title='bbox 646 5105 773 5190; x_wconf 87' lang='lat' dir='ltr'><strong>prevod,</strong></span> <span class='ocrx_word' id='word_1_417' title='bbox 796 5126 817 5172; x_wconf 88' lang='lat' dir='ltr'><strong>a</strong></span> <span class='ocrx_word' id='word_1_418' title='bbox 838 5107 1024 5191; x_wconf 84' lang='lat' dir='ltr'><strong>porlvoroue,</strong></span> <span class='ocrx_word' id='word_1_419' title='bbox 1047 5126 1067 5171; x_wconf 92' lang='lat' dir='ltr'><strong>a</strong></span> <span class='ocrx_word' id='word_1_420' title='bbox 1088 5114 1203 5189; x_wconf 78' lang='lat' dir='ltr'><strong>strorn,</strong></span> <span class='ocrx_word' id='word_1_421' title='bbox 1218 5129 1239 5175; x_wconf 87' lang='lat' dir='ltr'><strong>a</strong></span> <span class='ocrx_word' id='word_1_422' title='bbox 1253 5110 1414 5192; x_wconf 73' lang='lat' dir='ltr'><strong>portellae,</strong></span> <span class='ocrx_word' id='word_1_423' title='bbox 1429 5129 1450 5176; x_wconf 87' lang='lat' dir='ltr'><strong>o</strong></span> <span class='ocrx_word' id='word_1_424' title='bbox 1463 5110 1557 5192; x_wconf 89' lang='lat' dir='ltr'><strong>socol,</strong></span> <span class='ocrx_word' id='word_1_425' title='bbox 1572 5131 1594 5178; x_wconf 84' lang='lat' dir='ltr'><strong>a</strong></span> <span class='ocrx_word' id='word_1_426' title='bbox 1608 5117 1690 5191; x_wconf 86' lang='lat' dir='ltr'><strong>stun,</strong></span> <span class='ocrx_word' id='word_1_427' title='bbox 1705 5110 1828 5193; x_wconf 82' lang='lat' dir='ltr'><strong>abero,</strong></span> <span class='ocrx_word' id='word_1_428' title='bbox 1842 5130 1863 5179; x_wconf 88' lang='lat' dir='ltr'><strong>u</strong></span> <span class='ocrx_word' id='word_1_429' title='bbox 1877 5132 1982 5195; x_wconf 79' lang='lat' dir='ltr'><strong>raom,</strong></span> 
     </span>
     <span class='ocr_line' id='line_1_42' title="bbox 431 5208 1983 5297; baseline 0.005 -20"><span class='ocrx_word' id='word_1_430' title='bbox 431 5209 474 5277; x_wconf 85' lang='lat' dir='ltr'><strong>ab</strong></span> <span class='ocrx_word' id='word_1_431' title='bbox 495 5208 595 5293; x_wconf 93' lang='lat' dir='ltr'><strong>opole,</strong></span> <span class='ocrx_word' id='word_1_432' title='bbox 617 5209 751 5277; x_wconf 84' lang='lat' dir='ltr'><strong>acastri</strong></span> <span class='ocrx_word' id='word_1_433' title='bbox 775 5209 937 5290; x_wconf 79' lang='lat' dir='ltr'><strong>atrociore,</strong></span> <span class='ocrx_word' id='word_1_434' title='bbox 956 5229 977 5275; x_wconf 89' lang='lat' dir='ltr'><strong>n</strong></span> <span class='ocrx_word' id='word_1_435' title='bbox 998 5208 1092 5290; x_wconf 67' lang='lat' dir='ltr'><strong>torto</strong></span> <span class='ocrx_word' id='word_1_436' title='bbox 1116 5210 1157 5276; x_wconf 89' lang='lat' dir='ltr'><strong>nb</strong></span> <span class='ocrx_word' id='word_1_437' title='bbox 1179 5211 1357 5294; x_wconf 86' lang='lat' dir='ltr'><strong>lronricirlio,</strong></span> <span class='ocrx_word' id='word_1_438' title='bbox 1380 5213 1632 5296; x_wconf 82' lang='lat' dir='ltr'><strong>useptunginto,</strong></span> <span class='ocrx_word' id='word_1_439' title='bbox 1653 5233 1674 5280; x_wconf 89' lang='lat' dir='ltr'><strong>a</strong></span> <span class='ocrx_word' id='word_1_440' title='bbox 1694 5213 1785 5297; x_wconf 92' lang='lat' dir='ltr'><strong>cippo</strong></span> <span class='ocrx_word' id='word_1_441' title='bbox 1804 5215 1918 5297; x_wconf 76' lang='lat' dir='ltr'><strong>mell&#39;rs,</strong></span> <span class='ocrx_word' id='word_1_442' title='bbox 1941 5216 1983 5284; x_wconf 92' lang='lat' dir='ltr'><strong>ab</strong></span> 
     </span>
     <span class='ocr_line' id='line_1_43' title="bbox 433 5310 1983 5401; baseline 0.005 -23"><span class='ocrx_word' id='word_1_443' title='bbox 433 5310 642 5395; x_wconf 67' lang='lat' dir='ltr'><strong>expedicione,</strong></span> <span class='ocrx_word' id='word_1_444' title='bbox 665 5318 698 5379; x_wconf 88' lang='lat' dir='ltr'><strong>et</strong></span> <span class='ocrx_word' id='word_1_445' title='bbox 719 5311 791 5378; x_wconf 87' lang='lat' dir='ltr'><strong>eliis</strong></span> <span class='ocrx_word' id='word_1_446' title='bbox 813 5331 907 5396; x_wconf 69' lang='lat' dir='ltr'><strong>qutun</strong></span> <span class='ocrx_word' id='word_1_447' title='bbox 930 5312 1072 5396; x_wconf 85' lang='lat' dir='ltr'><strong>pluribus</strong></span> <span class='ocrx_word' id='word_1_448' title='bbox 1094 5313 1238 5380; x_wconf 87' lang='lat' dir='ltr'><strong>erunibus</strong></span> <span class='ocrx_word' id='word_1_449' title='bbox 1260 5314 1481 5396; x_wconf 77' lang='lat' dir='ltr'><strong>soluciorribus,</strong></span> <span class='ocrx_word' id='word_1_450' title='bbox 1503 5335 1566 5399; x_wconf 85' lang='lat' dir='ltr'><strong>quo</strong></span> <span class='ocrx_word' id='word_1_451' title='bbox 1585 5334 1667 5383; x_wconf 91' lang='lat' dir='ltr'><strong>nunc</strong></span> <span class='ocrx_word' id='word_1_452' title='bbox 1687 5323 1763 5382; x_wconf 87' lang='lat' dir='ltr'><strong>sunt</strong></span> <span class='ocrx_word' id='word_1_453' title='bbox 1781 5323 1816 5383; x_wconf 88' lang='lat' dir='ltr'><strong>et</strong></span> <span class='ocrx_word' id='word_1_454' title='bbox 1831 5317 1862 5384; x_wconf 89' lang='lat' dir='ltr'><strong>in</strong></span> <span class='ocrx_word' id='word_1_455' title='bbox 1877 5325 1983 5401; x_wconf 86' lang='lat' dir='ltr'><strong>poste-</strong></span> 
     </span>
    </p>

    <p class='ocr_par' dir='ltr' id='par_1_8' title="bbox 1791 5433 1827 5490">
     <span class='ocr_line' id='line_1_44' title="bbox 1791 5433 1827 5490; baseline 0 0"><span class='ocrx_word' id='word_1_456' title='bbox 1791 5433 1827 5490; x_wconf 73' lang='grc'><strong>08</strong></span> 
     </span>
    </p>
   </div>
   <div class='ocr_carea' id='block_1_7' title="bbox 0 0 2434 6180">
    <p class='ocr_par' dir='ltr' id='par_1_9' title="bbox 0 0 2434 6180">
     <span class='ocr_line' id='line_1_45' title="bbox 0 0 2434 6180; baseline 0 0"><span class='ocrx_word' id='word_1_457' title='bbox 0 0 2434 6180; x_wconf 95' lang='lat' dir='ltr'><strong> </strong></span> 
     </span>
    </p>
   </div>
  </div>
 </body>
</html>
