4476 6180
917 699 992 785 Nn.
1024 694 1124 785 522

214 965 218 974 ·
363 908 523 996 lacobus
559 911 822 1016 mohiopisoop.
859 911 1108 997 dnozdnensis
1146 917 1281 998 1288
1306 915 1395 1020 lpr.
1420 919 1509 1008 26,
1544 913 1587 996 in
1619 911 1806 1013 Gnosium

261 1037 437 1100 commutat
456 1031 594 1100 decimas
615 1033 648 1099 in
666 1032 783 1118 iiatyi,
802 1032 934 1101 Osiccaa
946 1041 981 1101 et
994 1033 1177 1118 Glorioso,
1199 1055 1270 1104 cum
1289 1036 1418 1105 decimis
1438 1032 1621 1102 monasterii
1634 1032 1674 1100 de
1691 1031 1759 1118 nm
1773 1033 1807 1099 in

261 1132 557 1218 ebrudunum,
580 1134 674 1204 Biala
695 1142 730 1202 et
751 1135 947 1205 Grabienice.

363 1236 498 1304 cornel
541 1241 662 1320 lidalpl.
683 1238 792 1307 Stoura
812 1243 902 1306 Arcb
940 1242 1018 1328 Lpd,
1039 1241 1101 1307 lib.
1122 1245 1222 1321 privil.
1245 1243 1282 1324 B,
1304 1243 1356 1306 Nr.
1378 1243 1431 1308 40.
1454 1274 1499 1289 -

361 1477 401 1546 ln
420 1478 547 1547 nomine
567 1478 695 1546 Domini
714 1497 817 1546 amen
847 1479 915 1547 Nos
928 1478 1060 1548 Iacobus
1073 1480 1180 1548 diuina
1194 1481 1399 1551 miseracione
1417 1480 1669 1566 archiepiscopus
1683 1478 1807 1549 Gnezd·

259 1581 365 1652 nemu
390 1582 522 1652 melesio
545 1587 656 1650 notum
685 1582 924 1650 essevolumus
950 1584 1104 1651 universis
1128 1585 1325 1668 presencium
1351 1586 1501 1653 noticiam
1527 1583 1693 1665 habituris,
1723 1585 1808 1669 quod

262 1704 334 1755 cum
355 1676 525 1752 solicitudo
546 1684 717 1769 pastoralis
737 1683 833 1752 oflicii
854 1704 912 1752 nos
930 1685 1107 1769 admoneat,
1128 1692 1167 1755 ut
1187 1707 1360 1772 pauperum
1381 1687 1493 1772 opibus
1514 1687 1722 1770 consulentes,
1743 1707 1808 1756 non

259 1788 362 1879 solum
383 1789 417 1854 in
438 1787 666 1873 spiritualibus,
688 1806 797 1854 verum
817 1788 917 1855 οοίαιιι
938 1807 996 1872 pro
1017 1794 1127 1857 nostra
1147 1791 1368 1874 possibilitatis
1385 1789 1513 1858 modulo
1527 1789 1561 1857 in
1577 1790 1673 1857 rebus
1687 1796 1808 1875 tempo·

259 1890 379 1960 ruilus
397 1890 600 1960 ecclesmrum
620 1890 711 1957 nobis
733 1890 923 1958 creditarum
941 1899 975 1958 et
998 1892 1098 1960 mam
1115 1893 1398 1961 ecclesiasticamm
1420 1911 1623 1977 personarum
1637 1892 1808 1961 commodis

259 1993 428 2062 debeamus
449 1999 483 2061 et
503 1992 697 2060 utilitatibus
716 1992 891 2076 providere,
912 2011 971 2061 nos
992 1995 1169 2062 iniunctum
1190 1996 1280 2063 nobis
1293 1995 1434 2062 debitum
1449 2013 1537 2062 mera
1549 1994 1692 2062 volentes
1706 1996 1809 2064 intan-

237 2109 241 2116 ·
259 2096 346 2164 tione
366 2095 554 2181 persolvere,
572 2094 773 2163 attendentes
793 2096 903 2177 eciam,
918 2096 1005 2179 quod
1025 2096 1059 2162 bi
1079 2098 1206 2181 quidem
1227 2102 1378 2181 poterunt
1389 2096 1534 2164 mundns
1554 2095 1690 2163 Domino
1706 2097 1809 2165 famu·

259 2197 320 2266 lari
340 2215 420 2282 qnos
441 2197 617 2266 extrinseca
631 2215 707 2264 cura
719 2197 760 2265 de
773 2197 962 2265 victualibus
980 2216 1044 2267 non
1064 2206 1194 2284 punget,
1215 2200 1432 2283 religiosorum
1452 2199 1591 2266 virorum
1611 2198 1747 2267 fratrum
1767 2199 1809 2268 de

259 2299 371 2368 landa
391 2299 609 2369 cisterciensis
629 2299 756 2367 Ordinis
777 2307 911 2383 paterna
927 2306 965 2367 ut
992 2302 1081 2385 pium
1106 2308 1157 2369 est
1182 2301 1394 2370 sollicitudine
1418 2302 1614 2383 miserantes,
1640 2301 1681 2369 de
1707 2302 1808 2370 nostri

260 2400 402 2487 Capituli
423 2420 578 2470 consensu
597 2402 735 2470 decimas
763 2409 890 2470 nostras
914 2403 948 2469 in
973 2404 1075 2472 tribus
1101 2403 1196 2485 villis,
1225 2422 1359 2488 quarum
1387 2403 1515 2472 nomina
1541 2410 1618 2471 sunt
1642 2404 1807 2488 Dretbins,

259 2504 393 2588 oscetin
414 2504 581 2585 Glowcrro,
603 2505 650 2572 eis
668 2509 829 2572 eteorum
850 2504 958 2573 domui
978 2511 1131 2591 perpetuo
1152 2506 1329 2589 tribuimus,
1356 2506 1498 2589 eoquod
1518 2506 1565 2573 eis
1591 2507 1757 2575 adiaoeant
1774 2515 1809 2576 et

259 2608 346 2695 quod
366 2625 422 2676 eas
442 2606 636 2675 commodius
657 2614 839 2675 convertere
857 2613 1008 2691 poterunt
1028 2608 1069 2675 ad
1091 2626 1183 2676 suum
1213 2606 1408 2676 commodum
1434 2613 1468 2674 et
1491 2607 1533 2675 ad
1554 2627 1656 2691 usum.
1699 2609 1738 2677 In
1759 2628 1809 2678 re·

258 2709 543 2795 compensationem
571 2715 678 2776 autem
708 2708 900 2776 decimarum
928 2710 1070 2794 ipsarum
1103 2727 1183 2792 quas
1215 2709 1261 2776 eis
1292 2708 1470 2792 tribuimus,
1502 2711 1584 2780 alias
1606 2711 1744 2780 decimas
1773 2713 1808 2779 in

258 2811 403 2894 Hodzua,
420 2813 454 2879 in
475 2811 599 2892 Gizino,
622 2811 656 2877 in
676 2810 757 2878 Boia
777 2817 812 2878 et
832 2812 866 2877 in
888 2810 1109 2893 Grabienicbe,
1129 2809 1287 2878 dictorum
1306 2809 1442 2878 natmm
1467 2810 1575 2880 domui
1603 2815 1807 2898 pertinentes,

258 2914 306 2983 ita
324 2914 366 2983 ab
385 2915 464 3000 ipsis
483 2913 635 2982 iratribus
656 2914 779 2999 integre
805 2914 983 2998 recipimus,
1010 2915 1095 2981 sicut
1119 2913 1219 2981 eciam
1245 2914 1291 2980 eis
1317 2919 1443 2981 nostras
1468 2904 1613 2983 decimes
1630 2916 1754 3001 integre
1774 2920 1810 2983 et

259 3015 434 3086 hberalllcr
454 3016 682 3101 asdgnavimns
701 3021 736 3083 et
756 3021 866 3084 tenore
886 3017 1081 3101 presencium
1102 3016 1307 3102 assignamus,
1333 3015 1479 3083 videlicet
1504 3023 1600 3101 prout
1624 3017 1733 3086 eedem
1753 3018 1826 3110 de·¹

259 3118 1085 3202 cimemodosuntetinpoaterumessepossunt
1129 3117 1412 3199 Quoniamautem
1437 3117 1478 3185 de
1502 3118 1632 3188 decinis
1660 3138 1740 3204 quas
1766 3119 1809 3189 ab
1890 3129 1895 3141 ·

258 3221 306 3290 eis
325 3221 499 3307 recepimus
519 3220 572 3289 hic
592 3218 722 3288 lecimus
743 3221 946 3302 mendonem,
967 3221 1111 3304 didmm,
1129 3220 1215 3303 quod
1236 3227 1303 3287 tam
1324 3238 1419 3305 super
1438 3219 1550 3289 iisdem
1567 3221 1698 3291 decimis
1712 3242 1808 3308 quam

258 3323 331 3393 aliis
349 3323 432 3392 bona
451 3322 615 3408 privilegia
633 3329 868 3391 antecameram
889 3328 1070 3392 nostrorum
1088 3322 1233 3405 vidimus,
1255 3326 1290 3390 et
1309 3321 1532 3405 intelleximus,
1555 3324 1640 3408 quod
1661 3324 1723 3408 ipsi
1743 3323 1808 3392 ira·

259 3430 325 3494 tres
344 3425 446 3494 dictas
467 3423 604 3494 decimas
622 3431 656 3493 et
675 3425 757 3494 alias
776 3424 939 3508 hucusque
959 3443 999 3493 ex
1019 3424 1446 3503 donacioneameoessorum
1466 3431 1648 3494 nosmorum
1667 3433 1706 3492 ut
1726 3426 1808 3494 dixi·

259 3545 330 3596 mue
350 3526 437 3598 licite
458 3527 679 3614 possederunt3
701 3526 794 3609 raude,
816 3527 993 3612 insignum
1014 3526 1259 3612 permutacionis
1276 3525 1468 3596 decimarum
1489 3528 1689 3612 ipsammet
1709 3529 1743 3595 in
1766 3531 1809 3597 si·

258 3649 356 3716 gnum
380 3629 628 3699 confirmacionis
653 3629 887 3714 privilegiorum
913 3631 1063 3713 ipsorum,
1096 3634 1274 3714 presentem
1299 3628 1440 3697 litteram
1468 3636 1577 3698 nostro
1605 3637 1639 3697 et
1668 3629 1809 3715 capituli

258 3731 483 3817 noetrisigillis
496 3731 713 3799 mandavimus
725 3731 920 3798 communiri.
942 3729 1266 3798 ActuminGneudna
1277 3749 1361 3798 anno
1370 3730 1499 3798 Domini
1508 3728 1808 3816 mcccxxnnn

259 3839 349 3903 emto
368 3833 528 3903 Kalendas
548 3833 637 3916 Maii,
659 3833 859 3918 presentibus
880 3833 942 3900 hiis
962 3834 1111 3901 dominis:
1135 3831 1340 3900 Wlostiborio
1354 3833 1524 3917 preposito,
1546 3833 1664 3902 Goslao
1677 3834 1808 3918 decano,

259 3935 405 4021 Philippo
425 3935 653 4017 archidiacono,
675 3935 827 4004 Gabriele
847 3943 987 4017 cantore,
1009 3935 1189 4003 Alexandro
1216 3935 1346 4003 custode
1366 3934 1639 4017 Guerdnensibns3
1668 3935 1809 4006 Iohanne

259 4038 429 4124 preposito,
444 4038 539 4105 Petro
553 4036 683 4119 decano,
698 4037 832 4106 Nicoleo
847 4043 986 4121 cantore,
1000 4037 1135 4122 Iosepbo
1148 4038 1279 4105 custode
1293 4036 1558 4120 medensium,
1579 4044 1613 4106 et
1627 4038 1698 4108 aliis
1711 4058 1808 4123 quam

346 4364 482 4462 'imae
504 4382 581 4467 rer.
625 4377 790 4460 namne
813 4378 923 4460 rapi
967 4377 1099 4460 oseem
1128 4382 1261 4446 ouem.
1291 4377 1459 4460 mom,
1486 4383 1635 4446 cimae.
1665 4378 1808 4464 aazia

267 4480 391 4548 Gboced
434 4479 559 4564 Giziuo,
585 4485 713 4546 dizollct.
757 4480 846 4565 Bala,
866 4486 969 4548 Birta
1014 4479 1233 4563 Grubieniche,
1261 4483 1447 4548 orodienice.
