4860 6180
432 441 509 533 47⁹2

431 661 534 730 rarlus
555 660 756 729 Gneanensia
801 662 919 730 Datum
942 661 975 727 in
1001 659 1143 744 Campno
1163 678 1248 727 anno
1266 661 1370 745 gracie
1391 659 1517 727 Domini
1547 657 1818 740 M.GC.LXXXII,
1844 656 1976 725 sabatho

432 763 516 832 iuba
536 769 663 832 octavus
683 763 917 834 Purificacionis
938 768 1048 832 sancte
1068 762 1180 846 Mario,
1202 783 1259 850 per
1279 782 1392 832 manus
1413 763 1554 832 Thilonis
1576 762 1713 869 nummii
1732 761 1843 830 nostri.

434 1072 511 1146 cm
536 969 644 1053 Suece,
669 975 799 1040 Sorech.
850 973 1194 1056 schonebrunnen.
1245 971 1372 1055 Pacosc,
1402 969 1532 1040 Paloid.
1582 969 1748 1054 eonmski,
1778 973 1816 1037 de
1841 960 2003 1051 donoro(

511 1093 585 1164 9¹¹⁰»
607 1080 721 1164 'siim

1100 1380 1184 1488 Nn..
1208 1375 1306 1462 504.

536 1572 692 1658 nomm
719 1575 796 1658 oux
821 1575 969 1660 rorum
997 1581 1129 1660 1282
1155 1575 1264 1658 um.
1289 1550 1341 1672 e)
1359 1574 1403 1657 n
1429 1572 1585 1657 ernon
1603 1571 1767 1674 nomm
1812 1589 1977 1659 sirmi

432 1694 631 1764 donationem
660 1695 870 1766 hereditatum
896 1700 1069 1768 nomana
1097 1707 1132 1768 et
1156 1696 1374 1782 Graymislaw‚
1395 1717 1417 1765 a
1437 1696 1605 1764 Vincentio
1626 1695 1823 1777 cancellario,
1846 1695 1976 1763 Nicolao

432 1797 537 1869 iudice
558 1805 662 1868 terrae
675 1800 896 1870 Poznaniensis
916 1809 950 1871 et
963 1803 1114 1871 Miroslao
1128 1802 1337 1885 subpincerua
1353 1801 1523 1869 Kalisiensi
1535 1798 1697 1881 iratribus,
1713 1798 1879 1867 Sororibus
1891 1800 1977 1867 beati

310 1952 312 1956 -
432 1900 589 1972 Domiuici
606 1922 663 1989 pro
685 1903 823 1971 claustro
843 1905 878 1972 in
898 1905 1024 1974 Poanai
1045 1905 1254 1974 construendo
1274 1903 1411 1987 iactam3
1433 1904 1598 1989 specialem
1614 1922 1739 1988 quoqne
1751 1902 1905 1988 praedicti
1919 1902 1978 1969 Ni·

432 2005 515 2076 colai
535 2005 743 2091 collationem,
763 2008 818 2091 qui
839 2007 931 2076 villas
948 2009 1111 2092 nomem
1132 2007 1302 2077 Bialokosa
1324 2013 1358 2076 et
1375 2006 1541 2077 Solsolniki
1562 2026 1621 2093 pro
1635 2007 1745 2074 codem
1760 2007 1977 2092 deputaverat,

432 2109 671 2282 numm
716 2217 833 2296 meac
858 2218 962 2282 sans
983 2219 1074 2284 Aron
1118 2220 1267 2283 emon
1291 2180 1499 2282 mmm
1512 2235 1544 2282 a
1565 2216 1663 2298 roro,
1682 2219 1738 2295 sn.
1762 2215 1859 2283 rora.

442 2443 446 2455 ·
536 2419 574 2488 ln
594 2421 720 2489 nornine
740 2421 846 2489 Patris
866 2428 901 2490 et
918 2422 992 2490 lilii
1013 2426 1048 2490 et
1069 2420 1207 2507 Spiritus
1228 2421 1330 2491 macti
1354 2440 1457 2490 emen.
1501 2422 1655 2503 Quoniam
1684 2428 1788 2490 status
1816 2421 1978 2490 hominurn

432 2529 485 2594 est
503 2524 664 2593 muahssis
684 2524 855 2593 secundnm
876 2526 1062 2594 veriemtom
1083 2532 1269 2612 tempomm
1291 2546 1332 2593 ne
1353 2524 1563 2611 calumpniam
1583 2525 1762 2594 sustineant
1790 2544 1852 2609 que
1880 2545 1978 2610 annn-

434 2632 488 2695 tnr
507 2627 671 2714 legittime,
692 2628 812 2696 iustum
832 2635 882 2697 est
911 2635 949 2697 ut
976 2629 1102 2714 seriptis
1128 2636 1162 2698 et
1187 2629 1298 2713 sigillis
1325 2629 1515 2697 authenticis
1543 2628 1740 2701 roborentur.
1788 2629 1856 2697 Nos
1881 2629 1979 2714 igituir

432 2730 566 2801 Preurisl
587 2730 647 2799 Dei
667 2733 776 2817 gracia
795 2732 859 2800 dux
880 2732 1009 2801 Polonie
1030 2739 1140 2800 notum
1162 2731 1294 2800 iacimus
1314 2732 1468 2800 universis
1497 2731 1694 2817 presentibus
1716 2740 1751 2800 et
1770 2732 1886 2800 tuturis
1908 2752 1978 2817 pre·

433 2853 505 2904 sens
523 2834 720 2920 privilegium
742 2836 939 2919 inspecturis,
962 2836 1045 2920 quod
1065 2854 1171 2904 coram
1191 2836 1282 2905 nobis
1303 2842 1338 2904 et
1358 2836 1476 2904 nostris
1498 2835 1668 2903 baronibus
1690 2837 1855 2905 constituti
1878 2837 1976 2904 dorni·

432 2957 493 3007 nus
514 2937 700 3006 Vincentius
722 2938 926 3006 cancellarius
947 2944 1064 3022 noster,
1087 2958 1125 3007 ac
1145 2938 1260 3007 hatres
1282 2940 1351 3008 eius
1373 2939 1523 3007 Nicolaus
1543 2938 1638 3031 iudex
1657 2946 1741 3006 terre
1755 2939 1978 3007 Poznaniensis

433 3041 589 3128 simulque
609 3041 779 3109 Miroslaus
800 3042 1008 3126 subpincerna
1028 3042 1224 3124 Kalisiensis‚
1243 3062 1302 3128 pro
1322 3045 1428 3113 anima
1445 3041 1554 3110 hahis
1576 3043 1626 3110 sui
1648 3041 1740 3110 beate
1753 3042 1902 3118 memorie
1915 3041 1978 3109 Bo·

432 3150 506 3216 nate
522 3145 602 3214 dues
622 3144 822 3227 hereditates,
844 3146 1017 3214 Donatowo
1038 3145 1183 3215 videlicet
1204 3153 1238 3215 et
1258 3145 1485 3228 Graimislaue,
1508 3165 1580 3215 cnm
1601 3146 1750 3213 iumentis
1776 3152 1810 3214 et
1830 3137 1902 3213 eliis
1923 3145 1978 3212 bo-

432 3239 496 3318 nis'
510 3248 678 3317 mobilibus
705 3249 859 3317 dederam
882 3249 1020 3318 claustro
1048 3247 1196 3317 Sororum
1224 3249 1310 3317 beati
1338 3249 1505 3332 mminici,
1540 3243 1759 3317 constituendo
1787 3249 1821 3316 in
1851 3249 1979 3317 civitate

432 3351 639 3421 Poananiensi
660 3351 793 3420 haeum
814 3352 940 3420 Ordinis
961 3352 1197 3421 Predicatornrn
1218 3358 1252 3420 et
1271 3358 1381 3420 nostro
1403 3351 1598 3437 beneplacito
1626 3357 1660 3420 et
1687 3369 1827 3419 assensn
1871 3351 1978 3419 Prete-

433 3459 487 3522 tns
508 3473 584 3523 nero
604 3456 697 3524 iudex
728 3455 878 3524 Nicolaus
906 3454 1007 3523 eidem
1038 3455 1176 3523 claustro
1197 3456 1255 3523 has
1283 3455 1475 3524 hereditates
1503 3453 1635 3538 addidit,
1662 3454 1809 3522 videlicet
1828 3454 1977 3538 Roadso,

432 3556 607 3627 Bololrosse
628 3565 662 3627 et
682 3556 880 3641 Sokolniche‚
899 3577 970 3627 cum
988 3558 1118 3626 lacubus
1136 3565 1170 3627 et
1191 3560 1334 3628 omnibns
1354 3559 1428 3628 aliis
1448 3559 1641 3627 utihtatibus
1662 3576 1725 3642 que
1746 3557 1779 3625 in
1794 3558 1911 3625 eisdem
1924 3558 1979 3627 he·

432 3659 621 3729 reditatibus
641 3679 724 3729 nnnc
744 3666 820 3728 sunt
841 3662 929 3729 etin
947 3666 1109 3746 postsmn
1129 3668 1280 3746 poterunt
1298 3661 1439 3747 reperiri
1483 3661 1550 3729 lios
1571 3679 1646 3730 sero
1667 3666 1821 3746 patronus
1840 3667 1874 3729 ct
1887 3660 1978 3730 heres

433 3763 573 3833 eiusdem
595 3763 725 3832 claustri
746 3783 817 3831 curn
838 3763 982 3831 omnibus
1000 3767 1116 3832 nostris
1138 3763 1368 3833 successoribus
1390 3764 1526 3832 existere
1547 3765 1719 3850 cupientes,
1742 3764 1923 3832 ordinamus
1944 3772 1979 3833 et

433 3868 586 3950 rolnmrrs,
608 3873 646 3935 nt
664 3869 699 3934 in
719 3869 847 3936 civitate
866 3869 1072 3936 Poananiensi
1092 3869 1174 3936 idem
1192 3869 1365 3936 claustrum
1387 3873 1591 3936 constrnahrr
1603 3867 1781 3953 ubicunque
1794 3868 1897 3935 uisum
1910 3867 1978 3936 fue·

432 3971 477 4038 rit
501 3971 667 4038 Fratribus
692 3969 944 4038 Psedicataribus
975 3973 1129 4057 expedire.
1180 3972 1408 4041 confirmamus
1436 3973 1536 4058 igitur
1559 3971 1622 4039 iarn
1651 3972 1753 4040 dictas
1785 3971 1978 4040 hereditates

432 4071 572 4142 daustro
589 4074 732 4158 superius
750 4074 921 4156 nominata,
943 4075 1055 4143 dantes
1076 4076 1110 4142 in
1128 4078 1174 4143 eis
1189 4077 1315 4162 plenam
1329 4076 1509 4144 libertatem
1528 4094 1549 4142 a
1569 4081 1685 4158 stroan,
1707 4095 1728 4142 a
1749 4094 1853 4157 aaran,
1868 4075 1978 4160 apod-

432 4175 532 4260 vada
554 4195 711 4263 apenos,
733 4177 922 4245 scitatione
944 4179 1050 4260 castri,
1073 4197 1094 4245 a
1114 4179 1273 4262 paradius,
1294 4184 1328 4246 et
1347 4178 1388 4246 ab
1408 4178 1480 4244 aliis
1502 4178 1646 4246 omuibus
1668 4177 1901 4262 gramminibus
1922 4198 1979 4247 seu

388 4366 390 4370 Ι
432 4279 647 4349 exsedonibns
668 4281 837 4348 secundnm
859 4281 930 4347 iura
950 4279 1099 4348 Polonica
1117 4283 1281 4365 institutis,
1303 4282 1415 4351 (lautas
1429 4282 1556 4367 plenam
1571 4282 1750 4349 libertatem
1764 4283 1849 4366 ipsas
1862 4282 1896 4349 in
1910 4283 1979 4350 iure

432 4382 648 4453 Thouthouico
668 4382 718 4450 vel
739 4401 925 4466 quocunque
946 4383 1008 4450 alio
1029 4383 1163 4452 locandi.
1193 4385 1297 4453 Inoole
1315 4387 1415 4454 ιοίιιιιι
1436 4386 1648 4471 predictarum
1671 4384 1816 4451 villarum
1837 4385 1978 4469 nullique

433 4488 559 4575 penitus
578 4492 685 4555 astent
705 4486 810 4567 indici,
833 4492 939 4570 preter
960 4487 1092 4555 indicem
1111 4489 1165 4572 qui
1187 4508 1208 4555 a
1229 4489 1369 4573 predicto
1391 4489 1529 4557 clanstro
1551 4487 1648 4555 buerit
1668 4490 1876 4570 constitutum
1899 4508 1980 4572 pena

432 4596 539 4658 antem
562 4591 700 4657 omniurn
722 4590 925 4671 solutionum,
949 4601 1013 4656 tarn
1035 4610 1093 4674 pro
1115 4592 1290 4660 homicidiis
1311 4612 1405 4677 quarn
1427 4593 1499 4660 aliis
1527 4593 1629 4677 culpis
1650 4592 1803 4673 omnibus,
1829 4591 1871 4658 ad
1892 4591 1979 4658 utili·

434 4698 533 4762 tatem
555 4694 693 4761 ciusdem
715 4693 895 4760 monastmii
918 4701 1129 4761 convertatur.
1174 4695 1357 4780 Quicunque
1378 4697 1461 4763 enim
1483 4695 1685 4763 homicidium
1702 4696 1734 4761 in
1749 4693 1893 4761 terminis
1907 4713 1977 4779 prc-

432 4797 590 4866 dictarnm
612 4798 822 4864 hereditatum
842 4798 1080 4882 perpetraverit,
1101 4798 1150 4865 rel
1171 4798 1349 4884 ubicunque
1367 4799 1447 4866 alias
1468 4799 1713 4868 inhabitatorem
1733 4798 1902 4865 earundem
1923 4797 1978 4865 be·

436 4901 608 4970 reditatm
630 4920 816 4985 quocunque
837 4900 930 4966 modo
951 4900 1058 4968 leserit
1079 4901 1128 4968 vel
1150 4902 1308 4984 occiderit,
1330 4922 1411 4987 pena
1428 4903 1609 4987 pecuniaria
1630 4902 1670 4968 orl
1697 4899 1779 4967 idem
1809 4900 1980 4968 claustrum

432 5004 556 5089 integro
577 5004 756 5088 pcrtiucbit.
801 5002 950 5070 llomirns
970 5011 1076 5071 autom
1097 5025 1205 5073 carum
1227 5006 1372 5073 villarum
1393 5025 1452 5074 nec
1472 5004 1514 5072 ad
1535 5004 1774 5089 expeditionem,
1796 5023 1856 5072 nec
1869 5004 1978 5083 civita·

433 5113 502 5176 um
524 5107 729 5174 munitionem
748 5126 803 5173 scu
825 5113 999 5175 catorum
1021 5109 1247 5177 uliticationcm
1269 5116 1326 5176 aut
1344 5109 1535 5176 fossatorum
1558 5107 1726 5175 fossionem
1745 5107 1980 5193 inperpetuum

434 5210 638 5292 tenebuntnr3
659 5211 713 5277 sod
734 5211 766 5276 in
789 5210 897 5277 cariem
920 5217 1059 5296 tempore
1081 5214 1220 5280 claustro
1238 5212 1373 5278 fideliter
1391 5211 1588 5279 laborabunt.
1618 5211 1666 5278 Ut
1680 5231 1754 5278 vcro
1772 5216 1980 5280 memoratum

435 5312 607 5380 claustrum
629 5334 710 5397 aquo
732 5312 856 5378 liuentis
878 5313 993 5380 solacio
1016 5315 1168 5398 pociutur,
1190 5315 1300 5381 ‹lnnrrn
1321 5314 1422 5381 cirlem
1438 5316 1561 5398 plenam
1576 5319 1767 5398 potestatum
1781 5313 1885 5381 iacere
1898 5333 1981 5399 aquo

435 5415 565 5484 ductum
587 5417 824 5503 passivitatem
847 5415 1006 5502 usquead
1029 5417 1211 5500 claustrum,
1233 5437 1254 5484 a
1274 5422 1382 5484 nostro
1404 5417 1551 5486 videlicut
1570 5417 1749 5486 molendino
1771 5417 1856 5503 qnod
1877 5425 1927 5487 est
1948 5419 1981 5485 in
