4860 6180
540 347 616 456 eoo

506 605 510 613 .
538 548 664 619 coelunt:
686 553 897 623 anathematis
918 556 1042 624 vinculo
1062 555 1257 623 decernimos
1278 560 1312 623 ct
1332 556 1475 623 uolumus
1496 574 1566 622 csse
1586 554 1711 636 ligatos,
1740 574 1762 621 a
1789 574 1853 639 quo
1877 553 1998 622 absolvi
2020 571 2084 622 aon
2203 576 2207 584 ·

539 655 678 740 possiru,
709 657 769 725 nisi
797 661 936 745 prodictu
959 660 1155 728 restituerint
1181 665 1214 725 ct
1235 659 1275 726 orl
1297 660 1479 726 murrtbtunr
1501 660 1639 742 ipsorum
1661 659 1854 745 pircbttorum
1874 660 1967 744 pleno
1988 658 2084 725 sutis
2209 679 2211 683 ’

540 755 682 843 temeret,
704 767 741 828 ut
762 764 905 848 supremus
927 770 977 830 est
998 781 1187 848 expromam.

644 867 766 931 lustitia
784 888 825 932 ee
843 877 968 946 praesto
989 889 1049 932 ouon
1070 871 1321 933 udmtmetroudo.
1353 865 1538 947 Statuimus,
1559 866 1643 950 quod
1658 866 1763 932 utullus
1781 866 1883 948 iudex,
1903 865 2080 933 ordinarius
2100 933 2103 939 ,

538 963 588 1032 vel
610 965 706 1035 ctiam
727 969 900 1051 uiolentius,
919 969 1016 1038 faciat
1037 969 1197 1036 ueletiam
1220 989 1255 1036 se
1276 969 1432 1037 iacturum
1454 970 1620 1054 promittat
1641 970 1795 1038 iustitiam
1817 970 1911 1038 alicui
1936 988 1993 1054 per
2012 989 2083 1052 gru-

539 1066 617 1135 tiam
638 1088 694 1137 seu
717 1077 873 1155 receptum
896 1074 1059 1156 meursium
1079 1072 1128 1140 vel
1150 1073 1334 1156 prontissam
1362 1081 1420 1139 eut
1447 1092 1503 1158 per
1529 1073 1608 1140 alias
1636 1072 1754 1154 sordes,
1781 1078 1929 1156 praetextu
1950 1072 2084 1140 alicuius

537 1170 612 1254 cdii,
636 1174 817 1257 temporalis
838 1176 1049 1259 emolumenti,
1071 1176 1272 1256 laconismo
1294 1176 1387 1255 lucri3
1413 1184 1447 1242 ct
1471 1176 1526 1259 qui
1546 1175 1775 1256 contrafecerit,
1799 1193 1993 1260 perannum
2015 1175 2085 1242 olli·

538 1275 622 1342 cium
643 1275 801 1343 iudictudi
823 1276 882 1344 sibi
903 1281 1025 1346 rrovcrit
1052 1280 1268 1360 intenllctun13
1298 1279 1338 1346 ad
1367 1280 1613 1347 eliminationem
1640 1278 1707 1345 litis
1736 1280 1823 1362 parti
1852 1297 1946 1361 quam
1976 1278 2085 1345 leserit

537 1377 758 1445 nichilominus
779 1380 1042 1463 commonuimus,
1061 1389 1155 1466 prout
1174 1384 1206 1448 iu
1226 1383 1449 1449 constitutione
1470 1382 1569 1449 felicis
1596 1381 1822 1449 nominationis
1850 1381 1969 1448 domiui
1990 1380 2084 1448 Inno-

537 1480 632 1548 centli
654 1474 739 1567 Papo
760 1481 805 1548 IV
827 1482 876 1549 Dc
897 1503 932 1550 ro
952 1485 1099 1567 iudicatu
1122 1485 1208 1551 edita
1230 1485 1263 1551 in
1284 1484 1423 1552 Concilio
1445 1484 1656 1567 Lugdunensi,
1679 1490 1817 1551 cavetur.

641 1589 847 1651 Arrctheumtts
873 1591 929 1661 rei,
955 1593 1115 1667 priventur
1143 1595 1240 1668 lepum
1267 1591 1414 1664 beneficio.
1459 1585 1645 1668 StatuimuS,
1675 1587 1759 1671 quod
1788 1587 1908 1654 inlices
1929 1587 2084 1656 ordinarii

539 1687 714 1756 autetiam
736 1688 881 1772 delegati,
905 1708 1012 1757 omnes
1033 1691 1103 1758 illos
1125 1709 1204 1775 quos
1225 1709 1283 1774 per
1303 1689 1570 1757 denuntiationem
1592 1690 1642 1755 vel
1669 1689 1732 1756 alio
1754 1689 1894 1773 legitimo
1916 1689 2008 1758 modo
2030 1709 2084 1757 ex·

539 1791 785 1858 communicabis
807 1792 955 1859 sciverint
974 1812 1042 1860 osse
1062 1794 1103 1861 ab
1125 1793 1250 1860 homine
1271 1792 1320 1859 vel
1342 1812 1363 1858 a
1382 1792 1462 1872 iure,
1481 1791 1522 1859 ab
1536 1791 1666 1876 agenda
1689 1793 1915 1876 patrocinando
1930 1793 1979 1890 vel
1994 1794 2084 1860 testi

537 1891 660 1961 licando
681 1894 715 1961 in
736 1913 793 1962 sua
814 1894 883 1963 loro
905 1896 954 1963 vel
974 1898 1069 1964 curiis
1090 1905 1147 1964 aut
1166 1895 1300 1977 iudiciis,
1333 1914 1372 1961 er
1400 1895 1503 1962 oliuo
1531 1914 1588 1962 suo
1615 1895 1785 1979 repellant:
1819 1895 1945 1962 iudices
1963 1902 2084 1978 autem,

536 1997 592 2080 qui
613 1998 828 2082 exceptionem
849 2001 1185 2082 excommunicationis,
1208 2006 1319 2066 contra
1331 2004 1470 2082 egentes,
1493 1997 1682 2066 adsumtos
1703 1998 1753 2063 vel
1772 1998 1977 2065 testificantes
1999 1997 2085 2067 obie-

537 2106 622 2168 ctam
644 2120 708 2168 non
728 2100 922 2182 admiserint,
943 2103 999 2169 sed
1020 2122 1058 2169 ea
1075 2122 1138 2170 non
1160 2103 1305 2169 obstante
1328 2101 1407 2167 tales
1429 2101 1615 2168 admiserint
1635 2101 1676 2167 ad
1698 2100 1851 2184 prelicta,
1873 2120 1931 2185 per
1944 2120 2084 2169 mensem

537 2223 635 2271 unum
656 2204 815 2271 iudicandi
836 2204 973 2272 officium
995 2206 1054 2273 sibi
1075 2193 1220 2273 noverint
1248 2204 1460 2285 interdictum,
1489 2209 1524 2270 et
1543 2221 1706 2288 processus
1728 2223 1800 2271 cum
1823 2203 1939 2271 talibus
1961 2222 2084 2272 excom·

537 2307 705 2374 manicatis
727 2306 864 2389 habitus,
885 2308 929 2372 sit
946 2308 1055 2375 initus
1076 2309 1144 2392 ipso
1164 2308 1263 2387 iacto3
1294 2324 1352 2373 aec
1377 2325 1435 2388 per
1463 2323 1628 2390 praeesses
1655 2306 1834 2374 huiusmodi
1856 2306 2004 2387 iudicum,
2031 2325 2085 2372 ex-

538 2409 666 2494 cipienti
689 2410 1050 2493 excommunicationem,
1072 2412 1138 2478 sive
1157 2413 1258 2496 ipsam
1277 2411 1491 2494 exceptionem
1513 2409 1681 2476 habuerint
1701 2409 1767 2476 sive
1788 2428 1862 2491 aon,
1882 2428 1922 2475 ex
1943 2427 2006 2493 quo
2028 2429 2085 2494 per

537 2532 609 2581 eum
641 2513 815 2598 composita
841 2511 902 2580 fuit
928 2514 1104 2582 hmusmodi
1131 2515 1273 2598 exceptio
1302 2520 1336 2580 et
1363 2531 1427 2580 noa
1453 2512 1516 2580 nst
1543 2513 1690 2596 mmbsu
1718 2513 1848 2598 aliquod
1876 2513 2084 2598 preludiaium

537 2622 716 2703 generetur.
1656 2673 1661 2684 .

641 2723 688 2786 lie
708 2724 885 2801 exceptione
905 2727 953 2785 ret
978 2725 1130 2786 duremus
1150 2723 1341 2785 camoenae
1386 2717 1572 2801 Statuimus,
1601 2718 1685 2804 quod
1707 2719 1825 2787 iudices
1853 2719 2010 2787 muare
2031 2738 2085 2788 ex·

538 2822 715 2908 ceptionem
739 2822 786 2890 rei
819 2822 956 2890 iudicate
985 2841 1042 2907 per
1069 2822 1313 2890 ecclesiasticum
1340 2820 1488 2902 iudicem,
1517 2822 1557 2889 de
1582 2839 1647 2905 qua
1674 2823 1801 2907 quidem
1827 2842 1862 2889 re
1888 2823 2024 2906 cognitio
2043 2822 2085 2890 sd

536 2927 640 3013 ipsum
659 2927 906 2994 ecclesiasticum
928 2926 1061 2994 iudicem
1081 2926 1121 2993 de
1142 2925 1365 2993 consuetudine
1387 2925 1435 2992 vel
1457 2925 1497 2991 de
1518 2925 1586 2992 iure
1608 2927 1756 3009 pertinet,
1779 2932 1813 2993 et
1831 2926 1914 2992 viam
1932 2926 1994 3010 ipsi
2012 2944 2085 3010 pro·

536 3030 674 3116 positam
695 3028 863 3096 admittere
883 3048 946 3095 non
968 3030 1126 3096 omittunt.
1157 3027 1237 3110 Item
1259 3047 1277 3095 e
1298 3034 1410 3094 contra
1430 3028 1634 3096 ecclesiastici
1653 3028 1782 3111 iudices,
1805 3046 1903 3113 quum
1923 3027 1963 3094 de
1981 3047 2016 3095 re
2037 3029 2086 3095 iu·

536 3132 643 3200 diceto
664 3152 722 3217 per
742 3131 914 3199 secularem
936 3131 1079 3212 iudicem,
1097 3131 1137 3198 de
1158 3131 1207 3198 his
1226 3148 1288 3215 que
1309 3128 1350 3197 ad
1372 3130 1439 3196 eius
1461 3130 1709 3198 iurisdictionem
1727 3137 1871 3216 spectare
1900 3136 2084 3212 noscuntur,

536 3241 703 3320 exceptum
723 3233 819 3302 luerit
840 3253 945 3302 corum
967 3235 1024 3316 eis,
1046 3235 1259 3318 exceptionem
1278 3233 1454 3299 huiusmodi
1476 3240 1572 3317 prout
1592 3233 1631 3300 de
1653 3234 1722 3301 iure
1741 3240 1889 3301 tenentur
1903 3233 2086 3300 admittant.

537 3337 628 3420 Quod
649 3338 677 3404 si
699 3337 776 3405 dieti
797 3337 916 3404 iudices
937 3339 1136 3427 exceptiones
1155 3335 1333 3412 huiusmodi
1354 3335 1436 3403 forte
1449 3335 1619 3404 adurittere
1632 3344 1824 3418 recusarent,
1840 3356 1897 3421 per
1910 3337 2086 3404 ordinamus

536 3440 577 3508 de
598 3459 734 3526 quorum
755 3439 971 3507 iurisdictione
984 3440 1101 3506 fuerint
1121 3439 1204 3506 bona
1224 3439 1264 3506 de
1285 3438 1409 3523 quibus,
1428 3437 1479 3505 vel
1500 3458 1632 3523 persone
1654 3447 1765 3507 contm
1787 3458 1866 3525 ques
1887 3438 1983 3506 luerit
2003 3438 2093 3506 iudi·

537 3547 653 3626 catum,
676 3543 718 3611 ad
736 3543 947 3627 recipiendam
969 3550 1003 3609 et
1023 3543 1064 3609 ad
1084 3542 1312 3610 admittendam
1334 3543 1549 3627 exceptionem
1570 3542 1749 3610 huiuamodi
1767 3563 1824 3628 per
1836 3549 2016 3627 opportuna
2036 3561 2086 3609 re·

536 3645 907 3834 ἱεέἑιωζζιορέιὶζῃῐωε
930 3663 1027 3729 quum
1048 3663 1127 3728 quos
1149 3645 1208 3712 Dei
1231 3646 1325 3712 timor
1346 3645 1385 3713 de
1407 3645 1489 3712 malo
1514 3664 1579 3712 non
1596 3651 1740 3728 revocat,
1764 3665 1847 3731 pena
1867 3664 2010 3715 coercere
2030 3646 2085 3714 de-

640 3855 744 3928 lieflci
763 3855 953 3916 owtemm
974 3855 1017 3914 cd
1033 3854 1166 3928 osticium
1187 3856 1322 3931 ceperat.
1360 3850 1547 3932 statuimus,
1572 3852 1657 3934 quod
1678 3852 1816 3920 universi
1838 3859 1872 3919 et
1893 3853 2008 3937 siagsrli
2030 3871 2086 3920 no·
2213 3862 2220 3911 ς

536 3959 604 4022 stre
624 3953 800 4039 legationis,
823 3955 1046 4036 cuiuscumque
1066 3954 1130 4020 siut
1150 3954 1325 4034 exbtentic,
1355 3955 1518 4038 dignitatis
1544 3962 1601 4022 aut
1624 3962 1739 4038 sutus,
1769 3956 1974 4040 temporalem
1993 3956 2086 4023 iuris·
2217 4036 2220 4041 ,

536 4057 708 4126 dictiomm
729 4058 890 4140 hebentes,
912 4058 952 4123 ad
975 4057 1209 4141 requisitionem
1230 4058 1423 4140 prolatorum
1449 4077 1505 4124 seu
1529 4058 1667 4125 iudicum
1693 4058 1990 4141 ecclesiastieorum,
2014 4078 2088 4127 coa·

538 4167 590 4229 tra
626 4161 758 4230 rebelles
794 4168 828 4230 et
867 4161 1081 4228 inobulientcs
1116 4161 1176 4241 eis,
1213 4161 1262 4227 vel
1293 4180 1399 4228 eorum
1436 4163 1609 4229 sententias
1646 4169 1895 4245 contemnentes,
1932 4181 1989 4229 scu
2024 4181 2087 4230 aon

538 4270 688 4350 parentes
712 4265 792 4332 elius
819 4265 866 4331 rei
895 4264 1032 4331 iudicate
1061 4264 1101 4329 ab
1133 4265 1179 4329 eis
1211 4264 1251 4331 dc
1283 4264 1394 4331 biset
1422 4284 1517 4349 super
1545 4266 1595 4332 his
1624 4286 1685 4350 que
1714 4266 1930 4351 principaliter
1957 4267 2007 4333 vel
2039 4266 2088 4332 in·

536 4367 687 4448 cideuter,
720 4367 760 4434 de
789 4367 1013 4435 consuetudine
1042 4368 1090 4433 vol
1121 4367 1161 4433 de
1192 4368 1268 4447 iuro,
1294 4369 1334 4434 ad
1359 4369 1471 4451 iorum,
1503 4369 1759 4451 iurisdictionem,
1789 4389 1845 4435 sou
1875 4370 2086 4452 cognitionem

536 4471 677 4555 ipsorum
698 4476 842 4554 spectare
863 4477 1045 4550 noscuntur,
1068 4476 1246 4537 reverenter
1267 4470 1428 4538 brachium
1450 4492 1506 4539 suc
1526 4472 1749 4539 iurisdictionis
1764 4472 1961 4556 impcntlant;
1985 4472 2087 4540 rebel·

537 4572 585 4640 les
604 4577 639 4640 ct
660 4573 876 4640 inobedientes
901 4579 998 4655 atque
1025 4593 1086 4638 nort
1117 4580 1263 4657 perurentes
1290 4574 1481 4656 buiusrnotli,
1511 4595 1549 4642 ac
1578 4576 1862 4641 excommunicatos
1884 4594 2026 4659 quosque
2046 4575 2087 4643 ab

537 4676 615 4760 ipsis
639 4675 769 4758 prolatis
789 4696 845 4742 seu
864 4677 1085 4742 ecclesiasticis
1107 4676 1260 4742 iudicibus
1289 4698 1344 4744 sou
1372 4679 1451 4745 otios
1478 4679 1519 4745 ab
1548 4679 1673 4745 homine
1701 4678 1750 4744 sel
1772 4697 1793 4743 a
1815 4679 1891 4758 iure,
1922 4677 2025 4745 retlirc
2046 4680 2087 4746 ad

537 4778 678 4846 Ecclesie
699 4780 854 4845 unitatem
873 4800 910 4846 ac
932 4779 1113 4845 satisfacere
1134 4799 1191 4862 pro
1213 4782 1317 4846 causis
1339 4801 1396 4865 pro
1417 4781 1531 4864 quibus
1553 4781 1888 4848 excommunicationes
1908 4779 2087 4848 huiusmodi

537 4882 748 4963 incurrerunt,
772 4903 828 4966 pce
849 4884 1084 4966 ‹secrrpmtioncm
1107 4882 1258 4948 bonorum
1278 4903 1340 4966 qino
1360 4884 1418 4950 sub
1440 4904 1498 4950 suu
1519 4883 1735 4950 iurisdictione
1756 4891 1831 4948 suat
1844 4890 1876 4949 ct
1890 4884 1953 4951 alia
1971 4903 2087 4969 oppor-

538 4991 617 5051 tuna
639 4985 778 5051 morolio
800 4987 1030 5069 corrrpollomlo;
1053 4987 1093 5052 aul
1116 4985 1199 5069 ‹puod
1222 4987 1335 5068 prelati
1358 4987 1474 5052 ludius
1491 5006 1725 5071 percensuram
1739 4986 1983 5056 eclesiasticum
2003 5008 2087 5058 eom·

537 5088 705 5172 pelluntur.
751 5090 815 5174 Ipsi
839 5109 911 5154 moro
931 5090 1043 5172 pndoti
1066 5097 1099 5155 ot
1120 5090 1322 5155 ecclesiastici
1346 5090 1462 5154 inlices
1485 5108 1576 5156 uorsa
1597 5089 1664 5154 uico
1685 5089 1835 5156 laicorum
1859 5090 2009 5158 indicium
2029 5112 2088 5160 saa

538 5191 763 5274 iurisdictione,
783 5195 814 5258 in
837 5193 886 5257 his
907 5201 941 5258 ot
963 5214 1058 5278 supmr
1078 5195 1127 5259 luis
1148 5213 1209 5276 quic
1238 5194 1396 5260 uurrouieis
1425 5212 1485 5258 reon
1514 5194 1640 5259 obsieut
1667 5192 1832 5272 institutis,
1862 5192 2021 5277 tulissent,
2054 5202 2088 5263 et

537 5302 649 5362 contra
669 5295 882 5365 inobolientos
903 5303 938 5364 ct
959 5296 1091 5364 rebelles¹
1114 5298 1248 5379 ilhnum,
1270 5318 1308 5365 oc
1331 5298 1466 5382 ipsorum
1489 5297 1675 5364 monitorium
1698 5295 1834 5363 iudicum
1852 5296 1942 5363 iustis
1957 5305 2088 5366 suntm-

2390 5296 2427 5356 .

2216 4352 2231 4805 l
2359 4518 2428 4586 ··

2224 5074 2234 5311 ξ

2227 5314 2235 5473 l
