<?xml version="1.0" encoding="UTF-8"?>
<!DOCTYPE html PUBLIC "-//W3C//DTD XHTML 1.0 Transitional//EN"
    "http://www.w3.org/TR/xhtml1/DTD/xhtml1-transitional.dtd">
<html xmlns="http://www.w3.org/1999/xhtml" xml:lang="en" lang="en">
 <head>
  <title>
</title>
<meta http-equiv="Content-Type" content="text/html;charset=utf-8" />
  <meta name='ocr-system' content='tesseract 3.04.00' />
  <meta name='ocr-capabilities' content='ocr_page ocr_carea ocr_par ocr_line ocrx_word'/>
</head>
<body>
  <div class='ocr_page' id='page_1' title='image "./codexdiplomatic03zakrgoog_0033.png"; bbox 0 0 4860 6180; ppageno 0'>
   <div class='ocr_carea' id='block_1_1' title="bbox 819 342 897 418">
    <p class='ocr_par' dir='ltr' id='par_1_1' title="bbox 819 342 897 418">
     <span class='ocr_line' id='line_1_1' title="bbox 819 342 897 418; baseline 0 -1"><span class='ocrx_word' id='word_1_1' title='bbox 819 342 897 418; x_wconf 81' lang='lat' dir='ltr'><strong>tls</strong></span> 
     </span>
    </p>
   </div>
   <div class='ocr_carea' id='block_1_2' title="bbox 814 542 2361 744">
    <p class='ocr_par' dir='ltr' id='par_1_2' title="bbox 814 542 2361 744">
     <span class='ocr_line' id='line_1_2' title="bbox 814 542 2359 645; baseline 0.006 -32"><span class='ocrx_word' id='word_1_2' title='bbox 814 543 956 613; x_wconf 80' lang='lat' dir='ltr'><strong>liter&#39;eis</strong></span> <span class='ocrx_word' id='word_1_3' title='bbox 977 544 1198 613; x_wconf 86' lang='lat' dir='ltr'><strong>confirmantes</strong></span> <span class='ocrx_word' id='word_1_4' title='bbox 1219 543 1428 612; x_wconf 88' lang='lat' dir='ltr'><strong>omnimodam</strong></span> <span class='ocrx_word' id='word_1_5' title='bbox 1450 542 1632 611; x_wconf 87' lang='lat' dir='ltr'><strong>libertatem</strong></span> <span class='ocrx_word' id='word_1_6' title='bbox 1653 544 1686 610; x_wconf 87' lang='lat' dir='ltr'><strong>in</strong></span> <span class='ocrx_word' id='word_1_7' title='bbox 1707 543 1853 612; x_wconf 77' lang='lat' dir='ltr'><strong>omnibus</strong></span> <span class='ocrx_word' id='word_1_8' title='bbox 1874 543 2103 613; x_wconf 76' lang='lat' dir='ltr'><strong>hereditatibus</strong></span> <span class='ocrx_word' id='word_1_9' title='bbox 2128 546 2267 631; x_wconf 87' lang='lat' dir='ltr'><strong>ipsorum</strong></span> <span class='ocrx_word' id='word_1_10' title='bbox 2285 579 2359 645; x_wconf 55' lang='lat' dir='ltr'><strong>quae</strong></span> 
     </span>
     <span class='ocr_line' id='line_1_3' title="bbox 814 647 2361 744; baseline 0.008 -29"><span class='ocrx_word' id='word_1_11' title='bbox 814 666 898 716; x_wconf 92' lang='lat' dir='ltr'><strong>nunc</strong></span> <span class='ocrx_word' id='word_1_12' title='bbox 919 649 1082 734; x_wconf 87' lang='lat' dir='ltr'><strong>possident</strong></span> <span class='ocrx_word' id='word_1_13' title='bbox 1108 654 1166 716; x_wconf 88' lang='lat' dir='ltr'><strong>aut</strong></span> <span class='ocrx_word' id='word_1_14' title='bbox 1195 647 1228 714; x_wconf 92' lang='lat' dir='ltr'><strong>in</strong></span> <span class='ocrx_word' id='word_1_15' title='bbox 1254 647 1396 715; x_wconf 92' lang='lat' dir='ltr'><strong>futurum</strong></span> <span class='ocrx_word' id='word_1_16' title='bbox 1422 653 1498 713; x_wconf 88' lang='lat' dir='ltr'><strong>suut</strong></span> <span class='ocrx_word' id='word_1_17' title='bbox 1527 647 1703 731; x_wconf 71' lang='lat' dir='ltr'><strong>possessuri</strong></span> <span class='ocrx_word' id='word_1_18' title='bbox 1733 654 1767 715; x_wconf 89' lang='lat' dir='ltr'><strong>ct</strong></span> <span class='ocrx_word' id='word_1_19' title='bbox 1788 648 1877 716; x_wconf 85' lang='lat' dir='ltr'><strong>noris</strong></span> <span class='ocrx_word' id='word_1_20' title='bbox 1898 647 2078 717; x_wconf 88' lang='lat' dir='ltr'><strong>nominibus</strong></span> <span class='ocrx_word' id='word_1_21' title='bbox 2097 652 2295 744; x_wconf 75' lang='lat' dir='ltr'>appellaturi,</span> <span class='ocrx_word' id='word_1_22' title='bbox 2326 678 2361 741; x_wconf 76' lang='lat' dir='ltr'><strong>pt</strong></span> 
     </span>
    </p>
   </div>
   <div class='ocr_carea' id='block_1_3' title="bbox 807 749 2363 4436">
    <p class='ocr_par' dir='ltr' id='par_1_3' title="bbox 807 749 2363 4436">
     <span class='ocr_line' id='line_1_4' title="bbox 814 749 2360 842; baseline 0.008 -25"><span class='ocrx_word' id='word_1_23' title='bbox 814 757 894 836; x_wconf 89' lang='lat' dir='ltr'><strong>puta</strong></span> <span class='ocrx_word' id='word_1_24' title='bbox 913 750 1046 836; x_wconf 71' lang='lat' dir='ltr'><strong>Sucrone¹</strong></span> <span class='ocrx_word' id='word_1_25' title='bbox 1078 751 1207 819; x_wconf 83' lang='lat' dir='ltr'><strong>Bolciiz.</strong></span> <span class='ocrx_word' id='word_1_26' title='bbox 1251 750 1354 818; x_wconf 88' lang='lat' dir='ltr'><strong>Vilius</strong></span> <span class='ocrx_word' id='word_1_27' title='bbox 1379 751 1448 818; x_wconf 90' lang='lat' dir='ltr'><strong>iure</strong></span> <span class='ocrx_word' id='word_1_28' title='bbox 1475 749 1693 817; x_wconf 84' lang='lat' dir='ltr'><strong>Theutoniooli</strong></span> <span class='ocrx_word' id='word_1_29' title='bbox 1717 751 1840 820; x_wconf 83' lang='lat' dir='ltr'><strong>locandi</strong></span> <span class='ocrx_word' id='word_1_30' title='bbox 1870 752 1996 836; x_wconf 87' lang='lat' dir='ltr'><strong>plenam</strong></span> <span class='ocrx_word' id='word_1_31' title='bbox 2026 750 2165 820; x_wconf 86' lang='lat' dir='ltr'><strong>habeant</strong></span> <span class='ocrx_word' id='word_1_32' title='bbox 2182 754 2360 842; x_wconf 71' lang='lat' dir='ltr'><strong>facultatem</strong></span> 
     </span>
     <span class='ocr_line' id='line_1_5' title="bbox 814 852 2359 958; baseline 0.012 -35"><span class='ocrx_word' id='word_1_33' title='bbox 814 854 848 923; x_wconf 91' lang='lat' dir='ltr'><strong>ln</strong></span> <span class='ocrx_word' id='word_1_34' title='bbox 870 856 955 923; x_wconf 90' lang='lat' dir='ltr'><strong>omni</strong></span> <span class='ocrx_word' id='word_1_35' title='bbox 976 855 1114 923; x_wconf 87' lang='lat' dir='ltr'><strong>dominio</strong></span> <span class='ocrx_word' id='word_1_36' title='bbox 1136 860 1259 935; x_wconf 80' lang='lat' dir='ltr'><strong>nostru3</strong></span> <span class='ocrx_word' id='word_1_37' title='bbox 1280 871 1339 920; x_wconf 91' lang='lat' dir='ltr'><strong>nec</strong></span> <span class='ocrx_word' id='word_1_38' title='bbox 1360 871 1498 937; x_wconf 89' lang='lat' dir='ltr'><strong>uuquam</strong></span> <span class='ocrx_word' id='word_1_39' title='bbox 1513 852 1628 936; x_wconf 91' lang='lat' dir='ltr'><strong>aliquis</strong></span> <span class='ocrx_word' id='word_1_40' title='bbox 1643 855 1811 922; x_wconf 84' lang='lat' dir='ltr'><strong>temeraria</strong></span> <span class='ocrx_word' id='word_1_41' title='bbox 1824 855 2063 939; x_wconf 72' lang='lat' dir='ltr'>presumpcione</span> <span class='ocrx_word' id='word_1_42' title='bbox 2079 855 2114 922; x_wconf 90' lang='lat' dir='ltr'><strong>in</strong></span> <span class='ocrx_word' id='word_1_43' title='bbox 2136 853 2227 928; x_wconf 92' lang='lat' dir='ltr'><strong>bonis</strong></span> <span class='ocrx_word' id='word_1_44' title='bbox 2247 882 2359 958; x_wconf 79' lang='lat' dir='ltr'><strong>eomm,</strong></span> 
     </span>
     <span class='ocr_line' id='line_1_6' title="bbox 814 955 2360 1044; baseline 0.005 -19"><span class='ocrx_word' id='word_1_45' title='bbox 814 958 936 1027; x_wconf 87' lang='lat' dir='ltr'><strong>scilicet</strong></span> <span class='ocrx_word' id='word_1_46' title='bbox 962 959 1057 1043; x_wconf 79' lang='lat' dir='ltr'><strong>agris,</strong></span> <span class='ocrx_word' id='word_1_47' title='bbox 1086 955 1196 1042; x_wconf 89' lang='lat' dir='ltr'><strong>pratis,</strong></span> <span class='ocrx_word' id='word_1_48' title='bbox 1223 956 1325 1040; x_wconf 89' lang='lat' dir='ltr'><strong>aquis,</strong></span> <span class='ocrx_word' id='word_1_49' title='bbox 1356 955 1443 1022; x_wconf 86' lang='lat' dir='ltr'><strong>silvis</strong></span> <span class='ocrx_word' id='word_1_50' title='bbox 1468 974 1525 1022; x_wconf 90' lang='lat' dir='ltr'><strong>seu</strong></span> <span class='ocrx_word' id='word_1_51' title='bbox 1552 956 1731 1023; x_wconf 90' lang='lat' dir='ltr'><strong>nemoribus</strong></span> <span class='ocrx_word' id='word_1_52' title='bbox 1759 963 1793 1023; x_wconf 91' lang='lat' dir='ltr'><strong>et</strong></span> <span class='ocrx_word' id='word_1_53' title='bbox 1819 959 1934 1025; x_wconf 83' lang='lat' dir='ltr'><strong>ceteris</strong></span> <span class='ocrx_word' id='word_1_54' title='bbox 1956 957 2150 1027; x_wconf 72' lang='lat' dir='ltr'><strong>utilitatibus</strong></span> <span class='ocrx_word' id='word_1_55' title='bbox 2176 979 2287 1034; x_wconf 91' lang='lat' dir='ltr'><strong>noocrc</strong></span> <span class='ocrx_word' id='word_1_56' title='bbox 2308 987 2360 1044; x_wconf 74' lang='lat' dir='ltr'><strong>qut</strong></span> 
     </span>
     <span class='ocr_line' id='line_1_7' title="bbox 814 1043 2361 1147; baseline 0.003 -17"><span class='ocrx_word' id='word_1_57' title='bbox 814 1061 962 1130; x_wconf 84' lang='lat' dir='ltr'><strong>invadere</strong></span> <span class='ocrx_word' id='word_1_58' title='bbox 981 1065 1144 1145; x_wconf 80' lang='lat' dir='ltr'><strong>presumat</strong></span> <span class='ocrx_word' id='word_1_59' title='bbox 1164 1057 1276 1126; x_wconf 85' lang='lat' dir='ltr'><strong>frivolo</strong></span> <span class='ocrx_word' id='word_1_60' title='bbox 1296 1057 1460 1125; x_wconf 89' lang='lat' dir='ltr'><strong>obviando.</strong></span> <span class='ocrx_word' id='word_1_61' title='bbox 1495 1057 1563 1126; x_wconf 87' lang='lat' dir='ltr'><strong>Hec</strong></span> <span class='ocrx_word' id='word_1_62' title='bbox 1584 1065 1661 1126; x_wconf 89' lang='lat' dir='ltr'><strong>sunt</strong></span> <span class='ocrx_word' id='word_1_63' title='bbox 1681 1061 1787 1127; x_wconf 88' lang='lat' dir='ltr'><strong>omnia</strong></span> <span class='ocrx_word' id='word_1_64' title='bbox 1808 1061 1891 1128; x_wconf 91' lang='lat' dir='ltr'><strong>bono</strong></span> <span class='ocrx_word' id='word_1_65' title='bbox 1911 1079 1949 1128; x_wconf 89' lang='lat' dir='ltr'><strong>ac</strong></span> <span class='ocrx_word' id='word_1_66' title='bbox 1969 1061 2044 1129; x_wconf 85' lang='lat' dir='ltr'><strong>ville</strong></span> <span class='ocrx_word' id='word_1_67' title='bbox 2065 1043 2248 1133; x_wconf 85' lang='lat' dir='ltr'><strong>monosterii</strong></span> <span class='ocrx_word' id='word_1_68' title='bbox 2268 1070 2361 1147; x_wconf 70' lang='lat' dir='ltr'><strong>Pam.</strong></span> 
     </span>
     <span class='ocr_line' id='line_1_8' title="bbox 814 1159 2360 1264; baseline 0.006 -33"><span class='ocrx_word' id='word_1_69' title='bbox 814 1164 917 1233; x_wconf 76' lang='lat' dir='ltr'><strong>dhus:</strong></span> <span class='ocrx_word' id='word_1_70' title='bbox 945 1163 1076 1243; x_wconf 78' lang='lat' dir='ltr'><strong>Caluus,</strong></span> <span class='ocrx_word' id='word_1_71' title='bbox 1100 1161 1244 1242; x_wconf 81' lang='lat' dir='ltr'><strong>Wisolre‚</strong></span> <span class='ocrx_word' id='word_1_72' title='bbox 1274 1159 1380 1228; x_wconf 85' lang='lat' dir='ltr'><strong>Minor</strong></span> <span class='ocrx_word' id='word_1_73' title='bbox 1398 1160 1490 1243; x_wconf 79' lang='lat' dir='ltr'><strong>Pisis,</strong></span> <span class='ocrx_word' id='word_1_74' title='bbox 1512 1160 1690 1228; x_wconf 84' lang='lat' dir='ltr'><strong>Wissonow</strong></span> <span class='ocrx_word' id='word_1_75' title='bbox 1710 1163 1821 1245; x_wconf 88' lang='lat' dir='ltr'><strong>maior,</strong></span> <span class='ocrx_word' id='word_1_76' title='bbox 1843 1163 1950 1230; x_wconf 84' lang='lat' dir='ltr'><strong>hfiuor</strong></span> <span class='ocrx_word' id='word_1_77' title='bbox 1970 1162 2177 1249; x_wconf 83' lang='lat' dir='ltr'><strong>Wissonowo‚</strong></span> <span class='ocrx_word' id='word_1_78' title='bbox 2203 1167 2360 1264; x_wconf 71' lang='lat' dir='ltr'><strong>Gratiano,</strong></span> 
     </span>
     <span class='ocr_line' id='line_1_9' title="bbox 814 1262 2361 1356; baseline -0.002 -20"><span class='ocrx_word' id='word_1_79' title='bbox 814 1267 960 1354; x_wconf 85' lang='lat' dir='ltr'><strong>Kelpino,</strong></span> <span class='ocrx_word' id='word_1_80' title='bbox 989 1265 1136 1348; x_wconf 83' lang='lat' dir='ltr'><strong>Camino,</strong></span> <span class='ocrx_word' id='word_1_81' title='bbox 1159 1265 1198 1331; x_wconf 91' lang='lat' dir='ltr'><strong>de</strong></span> <span class='ocrx_word' id='word_1_82' title='bbox 1219 1264 1407 1347; x_wconf 86' lang='lat' dir='ltr'><strong>Milostowo,</strong></span> <span class='ocrx_word' id='word_1_83' title='bbox 1428 1262 1594 1346; x_wconf 77' lang='lat' dir='ltr'><strong>Suchcinq</strong></span> <span class='ocrx_word' id='word_1_84' title='bbox 1617 1264 1896 1348; x_wconf 77' lang='lat' dir='ltr'><strong>nini,·cmron1re‚</strong></span> <span class='ocrx_word' id='word_1_85' title='bbox 1917 1265 2114 1349; x_wconf 80' lang='lat' dir='ltr'><strong>Mlodarsqu</strong></span> <span class='ocrx_word' id='word_1_86' title='bbox 2129 1268 2256 1356; x_wconf 87' lang='lat' dir='ltr'><strong>Grodiz‚</strong></span> <span class='ocrx_word' id='word_1_87' title='bbox 2271 1274 2361 1348; x_wconf 84' lang='lat' dir='ltr'><strong>Chol.</strong></span> 
     </span>
     <span class='ocr_line' id='line_1_10' title="bbox 814 1366 2360 1456; baseline -0.001 -20"><span class='ocrx_word' id='word_1_88' title='bbox 814 1389 897 1452; x_wconf 80' lang='lat' dir='ltr'><strong>men,</strong></span> <span class='ocrx_word' id='word_1_89' title='bbox 918 1367 1057 1450; x_wconf 86' lang='lat' dir='ltr'><strong>Ducslro‚</strong></span> <span class='ocrx_word' id='word_1_90' title='bbox 1081 1366 1213 1449; x_wconf 82' lang='lat' dir='ltr'><strong>Lauski‚</strong></span> <span class='ocrx_word' id='word_1_91' title='bbox 1240 1366 1410 1449; x_wconf 85' lang='lat' dir='ltr'><strong>Zabororo,</strong></span> <span class='ocrx_word' id='word_1_92' title='bbox 1439 1367 1592 1450; x_wconf 84' lang='lat' dir='ltr'><strong>Zakrcvo,</strong></span> <span class='ocrx_word' id='word_1_93' title='bbox 1620 1366 1789 1451; x_wconf 69' lang='lat' dir='ltr'><strong>Sironem,</strong></span> <span class='ocrx_word' id='word_1_94' title='bbox 1814 1367 2020 1452; x_wconf 83' lang='lat' dir='ltr'><strong>chrnnstoro,</strong></span> <span class='ocrx_word' id='word_1_95' title='bbox 2043 1370 2264 1456; x_wconf 81' lang='lat' dir='ltr'><strong>Albrechtovo,</strong></span> <span class='ocrx_word' id='word_1_96' title='bbox 2285 1378 2360 1449; x_wconf 79' lang='lat' dir='ltr'><strong>liot-</strong></span> 
     </span>
     <span class='ocr_line' id='line_1_11' title="bbox 807 1468 2360 1568; baseline 0.002 -27"><span class='ocrx_word' id='word_1_97' title='bbox 807 1478 899 1554; x_wconf 82' lang='lat' dir='ltr'><strong>touo,</strong></span> <span class='ocrx_word' id='word_1_98' title='bbox 916 1469 1085 1552; x_wconf 62' lang='lat' dir='ltr'><strong>Polovicia,</strong></span> <span class='ocrx_word' id='word_1_99' title='bbox 1105 1468 1279 1552; x_wconf 73' lang='lat' dir='ltr'><strong>Cunarske</strong></span> <span class='ocrx_word' id='word_1_100' title='bbox 1302 1468 1411 1537; x_wconf 84' lang='lat' dir='ltr'><strong>Gorka</strong></span> <span class='ocrx_word' id='word_1_101' title='bbox 1433 1488 1505 1536; x_wconf 90' lang='lat' dir='ltr'><strong>cum</strong></span> <span class='ocrx_word' id='word_1_102' title='bbox 1528 1470 1715 1538; x_wconf 84' lang='lat' dir='ltr'><strong>transducto</strong></span> <span class='ocrx_word' id='word_1_103' title='bbox 1729 1475 1820 1540; x_wconf 87' lang='lat' dir='ltr'><strong>trans</strong></span> <span class='ocrx_word' id='word_1_104' title='bbox 1835 1471 2013 1555; x_wconf 85' lang='lat' dir='ltr'><strong>Warthan,</strong></span> <span class='ocrx_word' id='word_1_105' title='bbox 2036 1471 2208 1559; x_wconf 83' lang='lat' dir='ltr'><strong>Sobewetz‚</strong></span> <span class='ocrx_word' id='word_1_106' title='bbox 2230 1483 2360 1568; x_wconf 67' lang='lat' dir='ltr'><strong>utraque</strong></span> 
     </span>
     <span class='ocr_line' id='line_1_12' title="bbox 814 1572 2361 1666; baseline 0.003 -23"><span class='ocrx_word' id='word_1_107' title='bbox 814 1574 959 1656; x_wconf 78' lang='lat' dir='ltr'><strong>Sworioe</strong></span> <span class='ocrx_word' id='word_1_108' title='bbox 982 1580 1016 1641; x_wconf 92' lang='lat' dir='ltr'><strong>et</strong></span> <span class='ocrx_word' id='word_1_109' title='bbox 1036 1591 1145 1641; x_wconf 91' lang='lat' dir='ltr'><strong>omues</strong></span> <span class='ocrx_word' id='word_1_110' title='bbox 1165 1574 1306 1657; x_wconf 90' lang='lat' dir='ltr'><strong>ipsorum</strong></span> <span class='ocrx_word' id='word_1_111' title='bbox 1335 1573 1464 1656; x_wconf 89' lang='lat' dir='ltr'><strong>perenni</strong></span> <span class='ocrx_word' id='word_1_112' title='bbox 1490 1572 1647 1640; x_wconf 72' lang='lat' dir='ltr'><strong>utilitates</strong></span> <span class='ocrx_word' id='word_1_113' title='bbox 1678 1575 1786 1657; x_wconf 87' lang='lat' dir='ltr'><strong>quiete</strong></span> <span class='ocrx_word' id='word_1_114' title='bbox 1814 1573 1948 1644; x_wconf 74' lang='lat' dir='ltr'><strong>feliciter</strong></span> <span class='ocrx_word' id='word_1_115' title='bbox 1972 1594 2108 1644; x_wconf 78' lang='lat' dir='ltr'><strong>semme.</strong></span> <span class='ocrx_word' id='word_1_116' title='bbox 2151 1577 2302 1666; x_wconf 81' lang='lat' dir='ltr'><strong>Denique,</strong></span> <span class='ocrx_word' id='word_1_117' title='bbox 2323 1607 2361 1658; x_wconf 65' lang='lat' dir='ltr'><strong>ne</strong></span> 
     </span>
     <span class='ocr_line' id='line_1_13' title="bbox 813 1673 2361 1760; baseline 0.007 -14"><span class='ocrx_word' id='word_1_118' title='bbox 813 1677 957 1746; x_wconf 86' lang='lat' dir='ltr'><strong>homiues</strong></span> <span class='ocrx_word' id='word_1_119' title='bbox 977 1695 1086 1744; x_wconf 79' lang='lat' dir='ltr'><strong>eonem</strong></span> <span class='ocrx_word' id='word_1_120' title='bbox 1108 1675 1217 1760; x_wconf 90' lang='lat' dir='ltr'><strong>quiin</strong></span> <span class='ocrx_word' id='word_1_121' title='bbox 1239 1673 1467 1742; x_wconf 72' lang='lat' dir='ltr'><strong>hereditatibus</strong></span> <span class='ocrx_word' id='word_1_122' title='bbox 1493 1675 1658 1742; x_wconf 91' lang='lat' dir='ltr'><strong>iamdicti</strong></span> <span class='ocrx_word' id='word_1_123' title='bbox 1688 1677 1872 1746; x_wconf 83' lang='lat' dir='ltr'><strong>monasterii</strong></span> <span class='ocrx_word' id='word_1_124' title='bbox 1898 1679 2074 1746; x_wconf 84' lang='lat' dir='ltr'><strong>manserint</strong></span> <span class='ocrx_word' id='word_1_125' title='bbox 2098 1679 2192 1748; x_wconf 90' lang='lat' dir='ltr'><strong>nrbes</strong></span> <span class='ocrx_word' id='word_1_126' title='bbox 2213 1691 2270 1752; x_wconf 89' lang='lat' dir='ltr'><strong>aut</strong></span> <span class='ocrx_word' id='word_1_127' title='bbox 2290 1689 2361 1757; x_wconf 84' lang='lat' dir='ltr'><strong>civi·</strong></span> 
     </span>
     <span class='ocr_line' id='line_1_14' title="bbox 814 1778 2361 1863; baseline 0.007 -15"><span class='ocrx_word' id='word_1_128' title='bbox 814 1787 898 1849; x_wconf 89' lang='lat' dir='ltr'><strong>tates</strong></span> <span class='ocrx_word' id='word_1_129' title='bbox 918 1779 1065 1848; x_wconf 74' lang='lat' dir='ltr'><strong>allieurs</strong></span> <span class='ocrx_word' id='word_1_130' title='bbox 1083 1783 1117 1846; x_wconf 90' lang='lat' dir='ltr'><strong>et</strong></span> <span class='ocrx_word' id='word_1_131' title='bbox 1136 1796 1284 1862; x_wconf 82' lang='lat' dir='ltr'><strong>reparare</strong></span> <span class='ocrx_word' id='word_1_132' title='bbox 1305 1784 1465 1863; x_wconf 81' lang='lat' dir='ltr'><strong>cogantur,</strong></span> <span class='ocrx_word' id='word_1_133' title='bbox 1494 1779 1555 1846; x_wconf 90' lang='lat' dir='ltr'><strong>nisi</strong></span> <span class='ocrx_word' id='word_1_134' title='bbox 1584 1778 1624 1846; x_wconf 95' lang='lat' dir='ltr'><strong>ob</strong></span> <span class='ocrx_word' id='word_1_135' title='bbox 1645 1779 1857 1852; x_wconf 82' lang='lat' dir='ltr'><strong>defensionem</strong></span> <span class='ocrx_word' id='word_1_136' title='bbox 1878 1780 2012 1850; x_wconf 85' lang='lat' dir='ltr'><strong>ducatus</strong></span> <span class='ocrx_word' id='word_1_137' title='bbox 2033 1783 2135 1850; x_wconf 87' lang='lat' dir='ltr'><strong>nostri</strong></span> <span class='ocrx_word' id='word_1_138' title='bbox 2156 1784 2198 1852; x_wconf 89' lang='lat' dir='ltr'><strong>ab</strong></span> <span class='ocrx_word' id='word_1_139' title='bbox 2220 1787 2361 1860; x_wconf 86' lang='lat' dir='ltr'><strong>irruenti·</strong></span> 
     </span>
     <span class='ocr_line' id='line_1_15' title="bbox 814 1878 2361 1970; baseline 0.005 -20"><span class='ocrx_word' id='word_1_140' title='bbox 814 1883 874 1951; x_wconf 89' lang='lat' dir='ltr'><strong>bns</strong></span> <span class='ocrx_word' id='word_1_141' title='bbox 892 1881 1028 1949; x_wconf 90' lang='lat' dir='ltr'><strong>inimicis</strong></span> <span class='ocrx_word' id='word_1_142' title='bbox 1049 1887 1119 1948; x_wconf 88' lang='lat' dir='ltr'><strong>tota</strong></span> <span class='ocrx_word' id='word_1_143' title='bbox 1139 1885 1226 1948; x_wconf 89' lang='lat' dir='ltr'><strong>terra</strong></span> <span class='ocrx_word' id='word_1_144' title='bbox 1246 1881 1453 1948; x_wconf 89' lang='lat' dir='ltr'><strong>communiter</strong></span> <span class='ocrx_word' id='word_1_145' title='bbox 1472 1878 1569 1949; x_wconf 88' lang='lat' dir='ltr'><strong>fuerit</strong></span> <span class='ocrx_word' id='word_1_146' title='bbox 1590 1888 1730 1951; x_wconf 83' lang='lat' dir='ltr'><strong>evocata</strong></span> <span class='ocrx_word' id='word_1_147' title='bbox 1765 1882 1885 1965; x_wconf 85' lang='lat' dir='ltr'><strong>Quibus</strong></span> <span class='ocrx_word' id='word_1_148' title='bbox 1906 1885 2005 1954; x_wconf 77' lang='lat' dir='ltr'><strong>edam</strong></span> <span class='ocrx_word' id='word_1_149' title='bbox 2025 1886 2147 1970; x_wconf 69' lang='lat' dir='ltr'><strong>lamam</strong></span> <span class='ocrx_word' id='word_1_150' title='bbox 2168 1891 2361 1963; x_wconf 74' lang='lat' dir='ltr'><strong>conoeuimm</strong></span> 
     </span>
     <span class='ocr_line' id='line_1_16' title="bbox 813 1983 2361 2072; baseline 0.007 -17"><span class='ocrx_word' id='word_1_151' title='bbox 813 1986 987 2067; x_wconf 82' lang='lat' dir='ltr'><strong>hoeuciam,</strong></span> <span class='ocrx_word' id='word_1_152' title='bbox 1015 1989 1054 2051; x_wconf 94' lang='lat' dir='ltr'><strong>ut</strong></span> <span class='ocrx_word' id='word_1_153' title='bbox 1078 2000 1150 2051; x_wconf 89' lang='lat' dir='ltr'><strong>cnm</strong></span> <span class='ocrx_word' id='word_1_154' title='bbox 1174 1983 1241 2050; x_wconf 90' lang='lat' dir='ltr'><strong>suis</strong></span> <span class='ocrx_word' id='word_1_155' title='bbox 1269 1983 1478 2051; x_wconf 86' lang='lat' dir='ltr'><strong>mercimoniis</strong></span> <span class='ocrx_word' id='word_1_156' title='bbox 1507 1987 1613 2052; x_wconf 87' lang='lat' dir='ltr'><strong>omnia</strong></span> <span class='ocrx_word' id='word_1_157' title='bbox 1640 1985 1711 2054; x_wconf 89' lang='lat' dir='ltr'><strong>fora</strong></span> <span class='ocrx_word' id='word_1_158' title='bbox 1735 1986 1953 2072; x_wconf 78' lang='lat' dir='ltr'><strong>frequentem,</strong></span> <span class='ocrx_word' id='word_1_159' title='bbox 1979 2005 2043 2055; x_wconf 89' lang='lat' dir='ltr'><strong>uon</strong></span> <span class='ocrx_word' id='word_1_160' title='bbox 2071 1989 2219 2059; x_wconf 86' lang='lat' dir='ltr'><strong>obstante</strong></span> <span class='ocrx_word' id='word_1_161' title='bbox 2239 1996 2361 2067; x_wconf 88' lang='lat' dir='ltr'><strong>omnino</strong></span> 
     </span>
     <span class='ocr_line' id='line_1_17' title="bbox 807 2085 2361 2181; baseline 0.002 -22"><span class='ocrx_word' id='word_1_162' title='bbox 807 2089 949 2159; x_wconf 79' lang='lat' dir='ltr'><strong>alierum</strong></span> <span class='ocrx_word' id='word_1_163' title='bbox 980 2087 1178 2156; x_wconf 88' lang='lat' dir='ltr'><strong>contumacia</strong></span> <span class='ocrx_word' id='word_1_164' title='bbox 1210 2086 1352 2154; x_wconf 81' lang='lat' dir='ltr'><strong>nocendi</strong></span> <span class='ocrx_word' id='word_1_165' title='bbox 1396 2085 1458 2154; x_wconf 87' lang='lat' dir='ltr'><strong>Sed</strong></span> <span class='ocrx_word' id='word_1_166' title='bbox 1488 2105 1547 2154; x_wconf 91' lang='lat' dir='ltr'><strong>nec</strong></span> <span class='ocrx_word' id='word_1_167' title='bbox 1579 2087 1718 2156; x_wconf 88' lang='lat' dir='ltr'><strong>iudicum</strong></span> <span class='ocrx_word' id='word_1_168' title='bbox 1749 2090 1919 2175; x_wconf 88' lang='lat' dir='ltr'><strong>quisquam</strong></span> <span class='ocrx_word' id='word_1_169' title='bbox 1947 2092 1994 2159; x_wconf 91' lang='lat' dir='ltr'><strong>cis</strong></span> <span class='ocrx_word' id='word_1_170' title='bbox 2020 2092 2198 2161; x_wconf 78' lang='lat' dir='ltr'><strong>molestiam</strong></span> <span class='ocrx_word' id='word_1_171' title='bbox 2228 2095 2361 2181; x_wconf 82' lang='lat' dir='ltr'><strong>aliquem</strong></span> 
     </span>
     <span class='ocr_line' id='line_1_18' title="bbox 814 2187 2362 2286; baseline 0.004 -25"><span class='ocrx_word' id='word_1_172' title='bbox 814 2189 1065 2262; x_wconf 80' lang='lat' dir='ltr'><strong>addest-inferre</strong></span> <span class='ocrx_word' id='word_1_173' title='bbox 1086 2190 1120 2255; x_wconf 90' lang='lat' dir='ltr'><strong>in</strong></span> <span class='ocrx_word' id='word_1_174' title='bbox 1138 2187 1225 2255; x_wconf 81' lang='lat' dir='ltr'><strong>nudo</strong></span> <span class='ocrx_word' id='word_1_175' title='bbox 1246 2188 1373 2255; x_wconf 89' lang='lat' dir='ltr'><strong>omnino</strong></span> <span class='ocrx_word' id='word_1_176' title='bbox 1395 2187 1510 2256; x_wconf 88' lang='lat' dir='ltr'><strong>iudicio</strong></span> <span class='ocrx_word' id='word_1_177' title='bbox 1528 2193 1563 2255; x_wconf 92' lang='lat' dir='ltr'><strong>et</strong></span> <span class='ocrx_word' id='word_1_178' title='bbox 1583 2189 1727 2272; x_wconf 84' lang='lat' dir='ltr'><strong>negocio,</strong></span> <span class='ocrx_word' id='word_1_179' title='bbox 1751 2191 1830 2274; x_wconf 89' lang='lat' dir='ltr'><strong>quin</strong></span> <span class='ocrx_word' id='word_1_180' title='bbox 1858 2192 1959 2261; x_wconf 78' lang='lat' dir='ltr'><strong>oeiam</strong></span> <span class='ocrx_word' id='word_1_181' title='bbox 1984 2212 2043 2262; x_wconf 90' lang='lat' dir='ltr'><strong>nec</strong></span> <span class='ocrx_word' id='word_1_182' title='bbox 2070 2212 2125 2262; x_wconf 91' lang='lat' dir='ltr'><strong>eos</strong></span> <span class='ocrx_word' id='word_1_183' title='bbox 2154 2196 2272 2266; x_wconf 73' lang='lat' dir='ltr'><strong>audmt</strong></span> <span class='ocrx_word' id='word_1_184' title='bbox 2293 2204 2362 2286; x_wconf 86' lang='lat' dir='ltr'><strong>quis</strong></span> 
     </span>
     <span class='ocr_line' id='line_1_19' title="bbox 814 2288 2361 2382; baseline 0.005 -18"><span class='ocrx_word' id='word_1_185' title='bbox 814 2312 985 2382; x_wconf 80' lang='lat' dir='ltr'><strong>provocare</strong></span> <span class='ocrx_word' id='word_1_186' title='bbox 1005 2298 1082 2361; x_wconf 90' lang='lat' dir='ltr'><strong>ante</strong></span> <span class='ocrx_word' id='word_1_187' title='bbox 1102 2288 1266 2376; x_wconf 87' lang='lat' dir='ltr'><strong>quodlibet</strong></span> <span class='ocrx_word' id='word_1_188' title='bbox 1287 2295 1426 2357; x_wconf 76' lang='lat' dir='ltr'><strong>castrum</strong></span> <span class='ocrx_word' id='word_1_189' title='bbox 1446 2295 1505 2356; x_wconf 88' lang='lat' dir='ltr'><strong>aut</strong></span> <span class='ocrx_word' id='word_1_190' title='bbox 1524 2290 1732 2359; x_wconf 85' lang='lat' dir='ltr'><strong>castellanum</strong></span> <span class='ocrx_word' id='word_1_191' title='bbox 1757 2311 1815 2360; x_wconf 90' lang='lat' dir='ltr'><strong>seu</strong></span> <span class='ocrx_word' id='word_1_192' title='bbox 1842 2296 2016 2378; x_wconf 87' lang='lat' dir='ltr'><strong>quemlibet</strong></span> <span class='ocrx_word' id='word_1_193' title='bbox 2036 2296 2186 2380; x_wconf 82' lang='lat' dir='ltr'><strong>iudicem,</strong></span> <span class='ocrx_word' id='word_1_194' title='bbox 2212 2301 2273 2368; x_wconf 88' lang='lat' dir='ltr'><strong>nisi</strong></span> <span class='ocrx_word' id='word_1_195' title='bbox 2290 2311 2361 2374; x_wconf 89' lang='lat' dir='ltr'><strong>ante</strong></span> 
     </span>
     <span class='ocr_line' id='line_1_20' title="bbox 814 2392 2362 2484; baseline 0.006 -19"><span class='ocrx_word' id='word_1_196' title='bbox 814 2417 883 2480; x_wconf 86' lang='lat' dir='ltr'><strong>nos,</strong></span> <span class='ocrx_word' id='word_1_197' title='bbox 913 2403 948 2465; x_wconf 91' lang='lat' dir='ltr'><strong>et</strong></span> <span class='ocrx_word' id='word_1_198' title='bbox 972 2396 1033 2464; x_wconf 92' lang='lat' dir='ltr'><strong>hoc</strong></span> <span class='ocrx_word' id='word_1_199' title='bbox 1054 2412 1117 2462; x_wconf 88' lang='lat' dir='ltr'><strong>uon</strong></span> <span class='ocrx_word' id='word_1_200' title='bbox 1146 2393 1214 2460; x_wconf 89' lang='lat' dir='ltr'><strong>sine</strong></span> <span class='ocrx_word' id='word_1_201' title='bbox 1241 2392 1344 2478; x_wconf 73' lang='lat' dir='ltr'><strong>sigillo</strong></span> <span class='ocrx_word' id='word_1_202' title='bbox 1369 2399 1488 2461; x_wconf 87' lang='lat' dir='ltr'><strong>nostro.</strong></span> <span class='ocrx_word' id='word_1_203' title='bbox 1532 2392 1604 2461; x_wconf 87' lang='lat' dir='ltr'><strong>Sint</strong></span> <span class='ocrx_word' id='word_1_204' title='bbox 1630 2395 1730 2462; x_wconf 58' lang='lat' dir='ltr'><strong>mem</strong></span> <span class='ocrx_word' id='word_1_205' title='bbox 1755 2395 1797 2463; x_wconf 88' lang='lat' dir='ltr'><strong>ab</strong></span> <span class='ocrx_word' id='word_1_206' title='bbox 1825 2399 1911 2465; x_wconf 91' lang='lat' dir='ltr'><strong>omni</strong></span> <span class='ocrx_word' id='word_1_207' title='bbox 1937 2400 2089 2467; x_wconf 76' lang='lat' dir='ltr'><strong>seculmh</strong></span> <span class='ocrx_word' id='word_1_208' title='bbox 2110 2401 2199 2484; x_wconf 87' lang='lat' dir='ltr'><strong>iuris,</strong></span> <span class='ocrx_word' id='word_1_209' title='bbox 2221 2403 2362 2476; x_wconf 86' lang='lat' dir='ltr'><strong>videlicet</strong></span> 
     </span>
     <span class='ocr_line' id='line_1_21' title="bbox 812 2498 2362 2589; baseline 0.005 -19"><span class='ocrx_word' id='word_1_210' title='bbox 812 2501 989 2582; x_wconf 77' lang='lat' dir='ltr'><strong>advocacie,</strong></span> <span class='ocrx_word' id='word_1_211' title='bbox 1012 2498 1220 2567; x_wconf 87' lang='lat' dir='ltr'><strong>budelliorum</strong></span> <span class='ocrx_word' id='word_1_212' title='bbox 1241 2502 1437 2578; x_wconf 78' lang='lat' dir='ltr'><strong>nostrorum,</strong></span> <span class='ocrx_word' id='word_1_213' title='bbox 1466 2499 1640 2565; x_wconf 90' lang='lat' dir='ltr'><strong>communis</strong></span> <span class='ocrx_word' id='word_1_214' title='bbox 1661 2498 1785 2584; x_wconf 86' lang='lat' dir='ltr'><strong>placiti,</strong></span> <span class='ocrx_word' id='word_1_215' title='bbox 1807 2500 2033 2585; x_wconf 80' lang='lat' dir='ltr'><strong>expeditionis,</strong></span> <span class='ocrx_word' id='word_1_216' title='bbox 2060 2502 2174 2569; x_wconf 89' lang='lat' dir='ltr'><strong>urbani</strong></span> <span class='ocrx_word' id='word_1_217' title='bbox 2200 2507 2303 2589; x_wconf 82' lang='lat' dir='ltr'><strong>operis</strong></span> <span class='ocrx_word' id='word_1_218' title='bbox 2331 2516 2362 2577; x_wconf 90' lang='lat' dir='ltr'><strong>et</strong></span> 
     </span>
     <span class='ocr_line' id='line_1_22' title="bbox 813 2599 2363 2693; baseline 0.004 -21"><span class='ocrx_word' id='word_1_219' title='bbox 813 2623 835 2672; x_wconf 89' lang='lat' dir='ltr'><strong>a</strong></span> <span class='ocrx_word' id='word_1_220' title='bbox 852 2605 921 2673; x_wconf 87' lang='lat' dir='ltr'><strong>iure</strong></span> <span class='ocrx_word' id='word_1_221' title='bbox 942 2601 1027 2687; x_wconf 91' lang='lat' dir='ltr'><strong>quod</strong></span> <span class='ocrx_word' id='word_1_222' title='bbox 1048 2600 1210 2668; x_wconf 87' lang='lat' dir='ltr'><strong>Herschilt</strong></span> <span class='ocrx_word' id='word_1_223' title='bbox 1230 2599 1357 2681; x_wconf 70' lang='lat' dir='ltr'><strong>dcitur,</strong></span> <span class='ocrx_word' id='word_1_224' title='bbox 1377 2599 1427 2665; x_wconf 83' lang='lat' dir='ltr'><strong>uel</strong></span> <span class='ocrx_word' id='word_1_225' title='bbox 1447 2599 1594 2684; x_wconf 73' lang='lat' dir='ltr'><strong>qualibus</strong></span> <span class='ocrx_word' id='word_1_226' title='bbox 1615 2601 1754 2670; x_wconf 86' lang='lat' dir='ltr'><strong>serviciis</strong></span> <span class='ocrx_word' id='word_1_227' title='bbox 1774 2602 1911 2671; x_wconf 87' lang='lat' dir='ltr'><strong>aliorum</strong></span> <span class='ocrx_word' id='word_1_228' title='bbox 1932 2603 2006 2671; x_wconf 86' lang='lat' dir='ltr'><strong>ville</strong></span> <span class='ocrx_word' id='word_1_229' title='bbox 2027 2604 2192 2674; x_wconf 88' lang='lat' dir='ltr'><strong>subiacent</strong></span> <span class='ocrx_word' id='word_1_230' title='bbox 2210 2609 2265 2693; x_wconf 87' lang='lat' dir='ltr'><strong>qui</strong></span> <span class='ocrx_word' id='word_1_231' title='bbox 2279 2611 2363 2678; x_wconf 73' lang='lat' dir='ltr'><strong>mmi-</strong></span> 
     </span>
     <span class='ocr_line' id='line_1_23' title="bbox 815 2703 2362 2797; baseline 0.001 -21"><span class='ocrx_word' id='word_1_232' title='bbox 815 2707 878 2776; x_wconf 88' lang='lat' dir='ltr'><strong>lem</strong></span> <span class='ocrx_word' id='word_1_233' title='bbox 896 2706 1077 2775; x_wconf 82' lang='lat' dir='ltr'><strong>libertatem</strong></span> <span class='ocrx_word' id='word_1_234' title='bbox 1098 2723 1163 2772; x_wconf 92' lang='lat' dir='ltr'><strong>non</strong></span> <span class='ocrx_word' id='word_1_235' title='bbox 1188 2703 1342 2788; x_wconf 81' lang='lat' dir='ltr'><strong>obtinent,</strong></span> <span class='ocrx_word' id='word_1_236' title='bbox 1370 2703 1431 2771; x_wconf 91' lang='lat' dir='ltr'><strong>hoc</strong></span> <span class='ocrx_word' id='word_1_237' title='bbox 1456 2710 1507 2771; x_wconf 89' lang='lat' dir='ltr'><strong>est</strong></span> <span class='ocrx_word' id='word_1_238' title='bbox 1535 2723 1555 2770; x_wconf 89' lang='lat' dir='ltr'><strong>a</strong></span> <span class='ocrx_word' id='word_1_239' title='bbox 1583 2704 1717 2788; x_wconf 83' lang='lat' dir='ltr'><strong>preeod,</strong></span> <span class='ocrx_word' id='word_1_240' title='bbox 1745 2725 1767 2773; x_wconf 86' lang='lat' dir='ltr'><strong>a</strong></span> <span class='ocrx_word' id='word_1_241' title='bbox 1794 2712 1915 2791; x_wconf 87' lang='lat' dir='ltr'><strong>strosa,</strong></span> <span class='ocrx_word' id='word_1_242' title='bbox 1942 2725 1964 2773; x_wconf 88' lang='lat' dir='ltr'><strong>a</strong></span> <span class='ocrx_word' id='word_1_243' title='bbox 1987 2707 2184 2791; x_wconf 84' lang='lat' dir='ltr'><strong>podvomue,</strong></span> <span class='ocrx_word' id='word_1_244' title='bbox 2213 2729 2234 2776; x_wconf 84' lang='lat' dir='ltr'><strong>a</strong></span> <span class='ocrx_word' id='word_1_245' title='bbox 2259 2730 2362 2797; x_wconf 77' lang='lat' dir='ltr'><strong>poros,</strong></span> 
     </span>
     <span class='ocr_line' id='line_1_24' title="bbox 814 2805 2361 2894; baseline 0.003 -16"><span class='ocrx_word' id='word_1_246' title='bbox 814 2828 965 2893; x_wconf 78' lang='lat' dir='ltr'><strong>amm,</strong></span> <span class='ocrx_word' id='word_1_247' title='bbox 986 2827 1009 2876; x_wconf 82' lang='lat' dir='ltr'><strong>a</strong></span> <span class='ocrx_word' id='word_1_248' title='bbox 1029 2807 1112 2890; x_wconf 85' lang='lat' dir='ltr'><strong>stad,</strong></span> <span class='ocrx_word' id='word_1_249' title='bbox 1134 2805 1175 2874; x_wconf 86' lang='lat' dir='ltr'><strong>ab</strong></span> <span class='ocrx_word' id='word_1_250' title='bbox 1195 2806 1352 2875; x_wconf 87' lang='lat' dir='ltr'><strong>occisione</strong></span> <span class='ocrx_word' id='word_1_251' title='bbox 1372 2805 1495 2889; x_wconf 87' lang='lat' dir='ltr'><strong>capitis,</strong></span> <span class='ocrx_word' id='word_1_252' title='bbox 1515 2824 1537 2872; x_wconf 86' lang='lat' dir='ltr'><strong>a</strong></span> <span class='ocrx_word' id='word_1_253' title='bbox 1557 2812 1653 2889; x_wconf 87' lang='lat' dir='ltr'><strong>ponte</strong></span> <span class='ocrx_word' id='word_1_254' title='bbox 1673 2806 1847 2876; x_wconf 86' lang='lat' dir='ltr'><strong>edificando</strong></span> <span class='ocrx_word' id='word_1_255' title='bbox 1867 2826 1925 2876; x_wconf 91' lang='lat' dir='ltr'><strong>seu</strong></span> <span class='ocrx_word' id='word_1_256' title='bbox 1945 2809 2136 2894; x_wconf 83' lang='lat' dir='ltr'><strong>reparando,</strong></span> <span class='ocrx_word' id='word_1_257' title='bbox 2165 2817 2200 2880; x_wconf 93' lang='lat' dir='ltr'><strong>et</strong></span> <span class='ocrx_word' id='word_1_258' title='bbox 2217 2812 2259 2880; x_wconf 88' lang='lat' dir='ltr'><strong>ab</strong></span> <span class='ocrx_word' id='word_1_259' title='bbox 2279 2817 2361 2882; x_wconf 90' lang='lat' dir='ltr'><strong>omni</strong></span> 
     </span>
     <span class='ocr_line' id='line_1_25' title="bbox 814 2911 2361 3001; baseline 0.003 -20"><span class='ocrx_word' id='word_1_260' title='bbox 814 2931 944 2999; x_wconf 88' lang='lat' dir='ltr'><strong>prorsus</strong></span> <span class='ocrx_word' id='word_1_261' title='bbox 972 2911 1132 2980; x_wconf 90' lang='lat' dir='ltr'><strong>solucione</strong></span> <span class='ocrx_word' id='word_1_262' title='bbox 1160 2916 1226 2978; x_wconf 89' lang='lat' dir='ltr'><strong>tam</strong></span> <span class='ocrx_word' id='word_1_263' title='bbox 1254 2915 1367 2978; x_wconf 86' lang='lat' dir='ltr'><strong>nostra</strong></span> <span class='ocrx_word' id='word_1_264' title='bbox 1391 2927 1486 2994; x_wconf 88' lang='lat' dir='ltr'><strong>quam</strong></span> <span class='ocrx_word' id='word_1_265' title='bbox 1515 2927 1729 2978; x_wconf 76' lang='lat' dir='ltr'><strong>suceessorum</strong></span> <span class='ocrx_word' id='word_1_266' title='bbox 1758 2916 1939 2979; x_wconf 87' lang='lat' dir='ltr'><strong>nostrorum</strong></span> <span class='ocrx_word' id='word_1_267' title='bbox 1964 2912 2193 2996; x_wconf 69' lang='lat' dir='ltr'><strong>perpetualiter</strong></span> <span class='ocrx_word' id='word_1_268' title='bbox 2218 2918 2361 3001; x_wconf 83' lang='lat' dir='ltr'><strong>exempti.</strong></span> 
     </span>
     <span class='ocr_line' id='line_1_26' title="bbox 812 3011 2362 3097; baseline 0.001 -12"><span class='ocrx_word' id='word_1_269' title='bbox 812 3015 964 3085; x_wconf 86' lang='lat' dir='ltr'><strong>Preterea</strong></span> <span class='ocrx_word' id='word_1_270' title='bbox 983 3014 1128 3084; x_wconf 87' lang='lat' dir='ltr'><strong>scultetis</strong></span> <span class='ocrx_word' id='word_1_271' title='bbox 1148 3013 1294 3081; x_wconf 81' lang='lat' dir='ltr'><strong>videnum</strong></span> <span class='ocrx_word' id='word_1_272' title='bbox 1323 3030 1402 3097; x_wconf 89' lang='lat' dir='ltr'><strong>quos</strong></span> <span class='ocrx_word' id='word_1_273' title='bbox 1430 3011 1545 3079; x_wconf 88' lang='lat' dir='ltr'><strong>fratres</strong></span> <span class='ocrx_word' id='word_1_274' title='bbox 1572 3011 1746 3096; x_wconf 75' lang='lat' dir='ltr'><strong>supradicti</strong></span> <span class='ocrx_word' id='word_1_275' title='bbox 1771 3013 1893 3082; x_wconf 87' lang='lat' dir='ltr'><strong>cenobii</strong></span> <span class='ocrx_word' id='word_1_276' title='bbox 1914 3014 1984 3081; x_wconf 87' lang='lat' dir='ltr'><strong>iure</strong></span> <span class='ocrx_word' id='word_1_277' title='bbox 2005 3014 2223 3084; x_wconf 82' lang='lat' dir='ltr'><strong>Theutonicali</strong></span> <span class='ocrx_word' id='word_1_278' title='bbox 2244 3016 2362 3086; x_wconf 80' lang='lat' dir='ltr'><strong>locare</strong></span> 
     </span>
     <span class='ocr_line' id='line_1_27' title="bbox 813 3114 2363 3205; baseline 0.001 -18"><span class='ocrx_word' id='word_1_279' title='bbox 813 3119 889 3202; x_wconf 77' lang='lat' dir='ltr'><strong>rint,</strong></span> <span class='ocrx_word' id='word_1_280' title='bbox 910 3117 996 3186; x_wconf 86' lang='lat' dir='ltr'><strong>fures</strong></span> <span class='ocrx_word' id='word_1_281' title='bbox 1017 3122 1051 3186; x_wconf 88' lang='lat' dir='ltr'><strong>et</strong></span> <span class='ocrx_word' id='word_1_282' title='bbox 1072 3115 1290 3185; x_wconf 72' lang='lat' dir='ltr'><strong>malefectores</strong></span> <span class='ocrx_word' id='word_1_283' title='bbox 1311 3114 1459 3200; x_wconf 91' lang='lat' dir='ltr'><strong>puniendi</strong></span> <span class='ocrx_word' id='word_1_284' title='bbox 1481 3121 1515 3182; x_wconf 90' lang='lat' dir='ltr'><strong>et</strong></span> <span class='ocrx_word' id='word_1_285' title='bbox 1535 3114 1655 3182; x_wconf 89' lang='lat' dir='ltr'><strong>maiora</strong></span> <span class='ocrx_word' id='word_1_286' title='bbox 1675 3114 1792 3183; x_wconf 87' lang='lat' dir='ltr'><strong>iudicia</strong></span> <span class='ocrx_word' id='word_1_287' title='bbox 1810 3135 1882 3184; x_wconf 90' lang='lat' dir='ltr'><strong>cum</strong></span> <span class='ocrx_word' id='word_1_288' title='bbox 1901 3116 2076 3185; x_wconf 90' lang='lat' dir='ltr'><strong>minoribns</strong></span> <span class='ocrx_word' id='word_1_289' title='bbox 2094 3119 2258 3188; x_wconf 73' lang='lat' dir='ltr'><strong>mercandi</strong></span> <span class='ocrx_word' id='word_1_290' title='bbox 2277 3127 2363 3205; x_wconf 89' lang='lat' dir='ltr'><strong>pote·</strong></span> 
     </span>
     <span class='ocr_line' id='line_1_28' title="bbox 813 3217 2362 3307; baseline 0.001 -17"><span class='ocrx_word' id='word_1_291' title='bbox 813 3227 929 3290; x_wconf 85' lang='lat' dir='ltr'><strong>statem</strong></span> <span class='ocrx_word' id='word_1_292' title='bbox 950 3225 1103 3307; x_wconf 88' lang='lat' dir='ltr'><strong>perpetuo</strong></span> <span class='ocrx_word' id='word_1_293' title='bbox 1125 3217 1323 3287; x_wconf 83' lang='lat' dir='ltr'><strong>conferimus</strong></span> <span class='ocrx_word' id='word_1_294' title='bbox 1367 3217 1496 3285; x_wconf 78' lang='lat' dir='ltr'><strong>Fratres</strong></span> <span class='ocrx_word' id='word_1_295' title='bbox 1517 3217 1616 3302; x_wconf 76' lang='lat' dir='ltr'><strong>igitur</strong></span> <span class='ocrx_word' id='word_1_296' title='bbox 1634 3217 1699 3285; x_wconf 87' lang='lat' dir='ltr'><strong>iam</strong></span> <span class='ocrx_word' id='word_1_297' title='bbox 1717 3218 1872 3286; x_wconf 90' lang='lat' dir='ltr'><strong>nominati</strong></span> <span class='ocrx_word' id='word_1_298' title='bbox 1893 3220 2087 3304; x_wconf 83' lang='lat' dir='ltr'><strong>monasterii,</strong></span> <span class='ocrx_word' id='word_1_299' title='bbox 2114 3227 2148 3289; x_wconf 92' lang='lat' dir='ltr'><strong>et</strong></span> <span class='ocrx_word' id='word_1_300' title='bbox 2167 3240 2219 3290; x_wconf 90' lang='lat' dir='ltr'><strong>res</strong></span> <span class='ocrx_word' id='word_1_301' title='bbox 2240 3227 2274 3290; x_wconf 91' lang='lat' dir='ltr'><strong>et</strong></span> <span class='ocrx_word' id='word_1_302' title='bbox 2294 3242 2362 3292; x_wconf 89' lang='lat' dir='ltr'><strong>cur·</strong></span> 
     </span>
     <span class='ocr_line' id='line_1_29' title="bbox 812 3319 2362 3408; baseline 0.001 -16"><span class='ocrx_word' id='word_1_303' title='bbox 812 3342 868 3392; x_wconf 87' lang='lat' dir='ltr'><strong>rus</strong></span> <span class='ocrx_word' id='word_1_304' title='bbox 890 3328 925 3392; x_wconf 89' lang='lat' dir='ltr'><strong>ct</strong></span> <span class='ocrx_word' id='word_1_305' title='bbox 942 3323 1085 3392; x_wconf 90' lang='lat' dir='ltr'><strong>homines</strong></span> <span class='ocrx_word' id='word_1_306' title='bbox 1106 3323 1246 3408; x_wconf 90' lang='lat' dir='ltr'><strong>ipsorum</strong></span> <span class='ocrx_word' id='word_1_307' title='bbox 1271 3320 1328 3404; x_wconf 88' lang='lat' dir='ltr'><strong>qni</strong></span> <span class='ocrx_word' id='word_1_308' title='bbox 1353 3320 1551 3387; x_wconf 69' lang='lat' dir='ltr'><strong>meaverunt</strong></span> <span class='ocrx_word' id='word_1_309' title='bbox 1576 3319 1618 3386; x_wconf 91' lang='lat' dir='ltr'><strong>ad</strong></span> <span class='ocrx_word' id='word_1_310' title='bbox 1639 3319 1843 3404; x_wconf 88' lang='lat' dir='ltr'><strong>possidendas</strong></span> <span class='ocrx_word' id='word_1_311' title='bbox 1864 3321 2057 3391; x_wconf 80' lang='lat' dir='ltr'><strong>hereditates</strong></span> <span class='ocrx_word' id='word_1_312' title='bbox 2078 3341 2198 3408; x_wconf 78' lang='lat' dir='ltr'><strong>eorum,</strong></span> <span class='ocrx_word' id='word_1_313' title='bbox 2225 3325 2362 3393; x_wconf 90' lang='lat' dir='ltr'><strong>inomni</strong></span> 
     </span>
     <span class='ocr_line' id='line_1_30' title="bbox 813 3420 2361 3509; baseline -0.001 -14"><span class='ocrx_word' id='word_1_314' title='bbox 813 3425 952 3494; x_wconf 84' lang='lat' dir='ltr'><strong>dominio</strong></span> <span class='ocrx_word' id='word_1_315' title='bbox 983 3429 1094 3493; x_wconf 86' lang='lat' dir='ltr'><strong>nostru</strong></span> <span class='ocrx_word' id='word_1_316' title='bbox 1125 3443 1147 3490; x_wconf 85' lang='lat' dir='ltr'><strong>a</strong></span> <span class='ocrx_word' id='word_1_317' title='bbox 1173 3422 1333 3491; x_wconf 90' lang='lat' dir='ltr'><strong>solucione</strong></span> <span class='ocrx_word' id='word_1_318' title='bbox 1359 3420 1474 3488; x_wconf 89' lang='lat' dir='ltr'><strong>telonei</strong></span> <span class='ocrx_word' id='word_1_319' title='bbox 1502 3427 1663 3506; x_wconf 81' lang='lat' dir='ltr'><strong>exemptas</strong></span> <span class='ocrx_word' id='word_1_320' title='bbox 1690 3441 1760 3492; x_wconf 87' lang='lat' dir='ltr'><strong>esse</strong></span> <span class='ocrx_word' id='word_1_321' title='bbox 1787 3430 1942 3509; x_wconf 86' lang='lat' dir='ltr'><strong>perpetuo</strong></span> <span class='ocrx_word' id='word_1_322' title='bbox 1967 3425 2176 3494; x_wconf 83' lang='lat' dir='ltr'><strong>concedimus</strong></span> <span class='ocrx_word' id='word_1_323' title='bbox 2222 3427 2288 3494; x_wconf 85' lang='lat' dir='ltr'><strong>Nec</strong></span> <span class='ocrx_word' id='word_1_324' title='bbox 2306 3427 2361 3494; x_wconf 89' lang='lat' dir='ltr'><strong>ulli</strong></span> 
     </span>
     <span class='ocr_line' id='line_1_31' title="bbox 813 3523 2361 3614; baseline -0.002 -15"><span class='ocrx_word' id='word_1_325' title='bbox 813 3529 941 3599; x_wconf 89' lang='lat' dir='ltr'><strong>omnino</strong></span> <span class='ocrx_word' id='word_1_326' title='bbox 962 3528 1060 3597; x_wconf 90' lang='lat' dir='ltr'><strong>liceat</strong></span> <span class='ocrx_word' id='word_1_327' title='bbox 1077 3527 1159 3595; x_wconf 90' lang='lat' dir='ltr'><strong>hanc</strong></span> <span class='ocrx_word' id='word_1_328' title='bbox 1179 3526 1327 3612; x_wconf 78' lang='lat' dir='ltr'><strong>peginam</strong></span> <span class='ocrx_word' id='word_1_329' title='bbox 1355 3523 1488 3608; x_wconf 82' lang='lat' dir='ltr'><strong>violare3</strong></span> <span class='ocrx_word' id='word_1_330' title='bbox 1518 3525 1697 3609; x_wconf 88' lang='lat' dir='ltr'><strong>quicunque</strong></span> <span class='ocrx_word' id='word_1_331' title='bbox 1722 3531 1830 3595; x_wconf 87' lang='lat' dir='ltr'><strong>autem</strong></span> <span class='ocrx_word' id='word_1_332' title='bbox 1852 3528 2021 3597; x_wconf 84' lang='lat' dir='ltr'><strong>temerarie</strong></span> <span class='ocrx_word' id='word_1_333' title='bbox 2042 3528 2103 3597; x_wconf 92' lang='lat' dir='ltr'><strong>hoc</strong></span> <span class='ocrx_word' id='word_1_334' title='bbox 2123 3527 2293 3614; x_wconf 77' lang='lat' dir='ltr'><strong>infringere</strong></span> <span class='ocrx_word' id='word_1_335' title='bbox 2313 3529 2361 3597; x_wconf 86' lang='lat' dir='ltr'><strong>vel</strong></span> 
     </span>
     <span class='ocr_line' id='line_1_32' title="bbox 813 3627 2361 3717; baseline -0.002 -16"><span class='ocrx_word' id='word_1_336' title='bbox 813 3632 971 3702; x_wconf 72' lang='lat' dir='ltr'><strong>conmmrs</strong></span> <span class='ocrx_word' id='word_1_337' title='bbox 991 3631 1229 3717; x_wconf 77' lang='lat' dir='ltr'><strong>presumpserit,</strong></span> <span class='ocrx_word' id='word_1_338' title='bbox 1250 3629 1310 3698; x_wconf 86' lang='lat' dir='ltr'><strong>Dei</strong></span> <span class='ocrx_word' id='word_1_339' title='bbox 1331 3627 1555 3713; x_wconf 86' lang='lat' dir='ltr'><strong>omnipotentis</strong></span> <span class='ocrx_word' id='word_1_340' title='bbox 1576 3634 1609 3696; x_wconf 94' lang='lat' dir='ltr'><strong>et</strong></span> <span class='ocrx_word' id='word_1_341' title='bbox 1629 3633 1739 3696; x_wconf 90' lang='lat' dir='ltr'><strong>nostro</strong></span> <span class='ocrx_word' id='word_1_342' title='bbox 1758 3629 1853 3697; x_wconf 83' lang='lat' dir='ltr'><strong>umal</strong></span> <span class='ocrx_word' id='word_1_343' title='bbox 1874 3631 1991 3699; x_wconf 88' lang='lat' dir='ltr'><strong>iudicio</strong></span> <span class='ocrx_word' id='word_1_344' title='bbox 2012 3649 2048 3699; x_wconf 87' lang='lat' dir='ltr'><strong>se</strong></span> <span class='ocrx_word' id='word_1_345' title='bbox 2069 3637 2240 3717; x_wconf 80' lang='lat' dir='ltr'><strong>cognoscet</strong></span> <span class='ocrx_word' id='word_1_346' title='bbox 2259 3633 2293 3699; x_wconf 89' lang='lat' dir='ltr'><strong>in</strong></span> <span class='ocrx_word' id='word_1_347' title='bbox 2307 3651 2361 3698; x_wconf 82' lang='lat' dir='ltr'><strong>no</strong></span> 
     </span>
     <span class='ocr_line' id='line_1_33' title="bbox 814 3730 2361 3819; baseline -0.002 -16"><span class='ocrx_word' id='word_1_348' title='bbox 814 3734 942 3803; x_wconf 78' lang='lat' dir='ltr'><strong>enemo</strong></span> <span class='ocrx_word' id='word_1_349' title='bbox 962 3734 1016 3802; x_wconf 87' lang='lat' dir='ltr'><strong>die</strong></span> <span class='ocrx_word' id='word_1_350' title='bbox 1038 3751 1136 3801; x_wconf 83' lang='lat' dir='ltr'><strong>reum.</strong></span> <span class='ocrx_word' id='word_1_351' title='bbox 1180 3731 1228 3800; x_wconf 88' lang='lat' dir='ltr'><strong>Ut</strong></span> <span class='ocrx_word' id='word_1_352' title='bbox 1256 3731 1353 3816; x_wconf 78' lang='lat' dir='ltr'><strong>igitur</strong></span> <span class='ocrx_word' id='word_1_353' title='bbox 1384 3730 1442 3798; x_wconf 91' lang='lat' dir='ltr'><strong>hec</strong></span> <span class='ocrx_word' id='word_1_354' title='bbox 1467 3730 1573 3798; x_wconf 91' lang='lat' dir='ltr'><strong>omnia</strong></span> <span class='ocrx_word' id='word_1_355' title='bbox 1599 3735 1672 3798; x_wconf 85' lang='lat' dir='ltr'><strong>rata</strong></span> <span class='ocrx_word' id='word_1_356' title='bbox 1698 3736 1733 3798; x_wconf 90' lang='lat' dir='ltr'><strong>et</strong></span> <span class='ocrx_word' id='word_1_357' title='bbox 1757 3731 1942 3801; x_wconf 84' lang='lat' dir='ltr'><strong>inconvulsa</strong></span> <span class='ocrx_word' id='word_1_358' title='bbox 1966 3739 2120 3819; x_wconf 85' lang='lat' dir='ltr'><strong>perpetuo</strong></span> <span class='ocrx_word' id='word_1_359' title='bbox 2150 3739 2361 3819; x_wconf 80' lang='lat' dir='ltr'><strong>permaneant,</strong></span> 
     </span>
     <span class='ocr_line' id='line_1_34' title="bbox 813 3834 2362 3922; baseline -0.001 -17"><span class='ocrx_word' id='word_1_360' title='bbox 813 3837 910 3922; x_wconf 68' lang='lat' dir='ltr'><strong>spilli</strong></span> <span class='ocrx_word' id='word_1_361' title='bbox 931 3836 1033 3905; x_wconf 85' lang='lat' dir='ltr'><strong>nostri</strong></span> <span class='ocrx_word' id='word_1_362' title='bbox 1053 3835 1244 3921; x_wconf 86' lang='lat' dir='ltr'><strong>appensione</strong></span> <span class='ocrx_word' id='word_1_363' title='bbox 1265 3840 1442 3921; x_wconf 82' lang='lat' dir='ltr'><strong>presentem</strong></span> <span class='ocrx_word' id='word_1_364' title='bbox 1456 3834 1604 3920; x_wconf 58' lang='lat' dir='ltr'><strong>mam</strong></span> <span class='ocrx_word' id='word_1_365' title='bbox 1618 3834 1844 3904; x_wconf 80' lang='lat' dir='ltr'><strong>roboravimus.</strong></span> <span class='ocrx_word' id='word_1_366' title='bbox 1876 3838 1962 3906; x_wconf 80' lang='lat' dir='ltr'><strong>Acta</strong></span> <span class='ocrx_word' id='word_1_367' title='bbox 1981 3843 2057 3904; x_wconf 90' lang='lat' dir='ltr'><strong>sunt</strong></span> <span class='ocrx_word' id='word_1_368' title='bbox 2078 3836 2136 3904; x_wconf 92' lang='lat' dir='ltr'><strong>hec</strong></span> <span class='ocrx_word' id='word_1_369' title='bbox 2157 3856 2241 3904; x_wconf 86' lang='lat' dir='ltr'><strong>enno</strong></span> <span class='ocrx_word' id='word_1_370' title='bbox 2259 3837 2362 3921; x_wconf 83' lang='lat' dir='ltr'><strong>gracie</strong></span> 
     </span>
     <span class='ocr_line' id='line_1_35' title="bbox 814 3937 2362 4023; baseline -0.003 -15"><span class='ocrx_word' id='word_1_371' title='bbox 814 3939 980 4008; x_wconf 87' lang='lat' dir='ltr'><strong>millesimo</strong></span> <span class='ocrx_word' id='word_1_372' title='bbox 1005 3939 1219 4007; x_wconf 84' lang='lat' dir='ltr'><strong>ducentesimo</strong></span> <span class='ocrx_word' id='word_1_373' title='bbox 1247 3937 1504 4023; x_wconf 77' lang='lat' dir='ltr'><strong>quinquagesimo</strong></span> <span class='ocrx_word' id='word_1_374' title='bbox 1531 3938 1665 4023; x_wconf 89' lang='lat' dir='ltr'><strong>septimo</strong></span> <span class='ocrx_word' id='word_1_375' title='bbox 1690 3937 1723 4005; x_wconf 90' lang='lat' dir='ltr'><strong>in</strong></span> <span class='ocrx_word' id='word_1_376' title='bbox 1752 3938 1873 4021; x_wconf 86' lang='lat' dir='ltr'><strong>Moder,</strong></span> <span class='ocrx_word' id='word_1_377' title='bbox 1903 3945 2049 4022; x_wconf 87' lang='lat' dir='ltr'><strong>presente</strong></span> <span class='ocrx_word' id='word_1_378' title='bbox 2074 3939 2201 4008; x_wconf 91' lang='lat' dir='ltr'><strong>domiuo</strong></span> <span class='ocrx_word' id='word_1_379' title='bbox 2228 3938 2362 4007; x_wconf 85' lang='lat' dir='ltr'><strong>ilenrico</strong></span> 
     </span>
     <span class='ocr_line' id='line_1_36' title="bbox 814 4038 2360 4126; baseline -0.003 -16"><span class='ocrx_word' id='word_1_380' title='bbox 814 4042 954 4111; x_wconf 66' lang='lat' dir='ltr'><strong>atumem</strong></span> <span class='ocrx_word' id='word_1_381' title='bbox 975 4040 1097 4110; x_wconf 88' lang='lat' dir='ltr'><strong>cenobii</strong></span> <span class='ocrx_word' id='word_1_382' title='bbox 1123 4040 1253 4122; x_wconf 77' lang='lat' dir='ltr'><strong>abbate,</strong></span> <span class='ocrx_word' id='word_1_383' title='bbox 1281 4059 1386 4109; x_wconf 91' lang='lat' dir='ltr'><strong>coram</strong></span> <span class='ocrx_word' id='word_1_384' title='bbox 1406 4040 1497 4108; x_wconf 88' lang='lat' dir='ltr'><strong>nobis</strong></span> <span class='ocrx_word' id='word_1_385' title='bbox 1518 4046 1551 4107; x_wconf 92' lang='lat' dir='ltr'><strong>et</strong></span> <span class='ocrx_word' id='word_1_386' title='bbox 1573 4038 1728 4108; x_wconf 91' lang='lat' dir='ltr'><strong>nobilibus</strong></span> <span class='ocrx_word' id='word_1_387' title='bbox 1755 4039 1874 4108; x_wconf 82' lang='lat' dir='ltr'><strong>nostris</strong></span> <span class='ocrx_word' id='word_1_388' title='bbox 1895 4059 2029 4126; x_wconf 91' lang='lat' dir='ltr'><strong>quorum</strong></span> <span class='ocrx_word' id='word_1_389' title='bbox 2051 4047 2128 4110; x_wconf 91' lang='lat' dir='ltr'><strong>sunt</strong></span> <span class='ocrx_word' id='word_1_390' title='bbox 2145 4042 2204 4109; x_wconf 88' lang='lat' dir='ltr'><strong>hec</strong></span> <span class='ocrx_word' id='word_1_391' title='bbox 2225 4042 2360 4110; x_wconf 84' lang='lat' dir='ltr'><strong>nomina:</strong></span> 
     </span>
     <span class='ocr_line' id='line_1_37' title="bbox 814 4141 2361 4228; baseline -0.005 -14"><span class='ocrx_word' id='word_1_392' title='bbox 814 4163 918 4214; x_wconf 87' lang='lat' dir='ltr'><strong>comes</strong></span> <span class='ocrx_word' id='word_1_393' title='bbox 939 4144 1094 4213; x_wconf 80' lang='lat' dir='ltr'><strong>Iarostirm</strong></span> <span class='ocrx_word' id='word_1_394' title='bbox 1114 4143 1198 4211; x_wconf 91' lang='lat' dir='ltr'><strong>filius</strong></span> <span class='ocrx_word' id='word_1_395' title='bbox 1216 4144 1344 4212; x_wconf 86' lang='lat' dir='ltr'><strong>Falonis</strong></span> <span class='ocrx_word' id='word_1_396' title='bbox 1371 4162 1441 4212; x_wconf 94' lang='lat' dir='ltr'><strong>cum</strong></span> <span class='ocrx_word' id='word_1_397' title='bbox 1467 4142 1566 4210; x_wconf 90' lang='lat' dir='ltr'><strong>fratre</strong></span> <span class='ocrx_word' id='word_1_398' title='bbox 1592 4160 1649 4209; x_wconf 89' lang='lat' dir='ltr'><strong>sno</strong></span> <span class='ocrx_word' id='word_1_399' title='bbox 1671 4141 1892 4228; x_wconf 73' lang='lat' dir='ltr'><strong>Sandaivogio,</strong></span> <span class='ocrx_word' id='word_1_400' title='bbox 1918 4143 2065 4211; x_wconf 89' lang='lat' dir='ltr'><strong>dominus</strong></span> <span class='ocrx_word' id='word_1_401' title='bbox 2085 4144 2242 4212; x_wconf 88' lang='lat' dir='ltr'><strong>iohannes</strong></span> <span class='ocrx_word' id='word_1_402' title='bbox 2264 4141 2361 4211; x_wconf 91' lang='lat' dir='ltr'><strong>archi·</strong></span> 
     </span>
     <span class='ocr_line' id='line_1_38' title="bbox 815 4243 2361 4330; baseline -0.005 -13"><span class='ocrx_word' id='word_1_403' title='bbox 815 4247 967 4317; x_wconf 72' lang='lat' dir='ltr'><strong>damnus</strong></span> <span class='ocrx_word' id='word_1_404' title='bbox 986 4247 1209 4316; x_wconf 86' lang='lat' dir='ltr'><strong>Pomaniensis</strong></span> <span class='ocrx_word' id='word_1_405' title='bbox 1231 4252 1265 4314; x_wconf 92' lang='lat' dir='ltr'><strong>et</strong></span> <span class='ocrx_word' id='word_1_406' title='bbox 1286 4246 1488 4315; x_wconf 85' lang='lat' dir='ltr'><strong>concellarius</strong></span> <span class='ocrx_word' id='word_1_407' title='bbox 1510 4252 1626 4328; x_wconf 87' lang='lat' dir='ltr'><strong>noster,</strong></span> <span class='ocrx_word' id='word_1_408' title='bbox 1647 4243 1808 4330; x_wconf 79' lang='lat' dir='ltr'><strong>Msipneus</strong></span> <span class='ocrx_word' id='word_1_409' title='bbox 1822 4246 1906 4315; x_wconf 87' lang='lat' dir='ltr'><strong>lilius</strong></span> <span class='ocrx_word' id='word_1_410' title='bbox 1923 4246 2057 4329; x_wconf 83' lang='lat' dir='ltr'><strong>Mathis,</strong></span> <span class='ocrx_word' id='word_1_411' title='bbox 2080 4247 2268 4316; x_wconf 89' lang='lat' dir='ltr'><strong>Vinceucius</strong></span> <span class='ocrx_word' id='word_1_412' title='bbox 2281 4245 2361 4312; x_wconf 87' lang='lat' dir='ltr'><strong>filius</strong></span> 
     </span>
     <span class='ocr_line' id='line_1_39' title="bbox 815 4349 1526 4436; baseline -0.003 -16"><span class='ocrx_word' id='word_1_413' title='bbox 815 4349 960 4436; x_wconf 81' lang='lat' dir='ltr'><strong>Nemera,</strong></span> <span class='ocrx_word' id='word_1_414' title='bbox 981 4350 1114 4420; x_wconf 87' lang='lat' dir='ltr'><strong>Iacobus</strong></span> <span class='ocrx_word' id='word_1_415' title='bbox 1135 4351 1266 4419; x_wconf 88' lang='lat' dir='ltr'><strong>clericus</strong></span> <span class='ocrx_word' id='word_1_416' title='bbox 1287 4350 1371 4419; x_wconf 87' lang='lat' dir='ltr'><strong>filirrs</strong></span> <span class='ocrx_word' id='word_1_417' title='bbox 1392 4349 1526 4418; x_wconf 73' lang='lat' dir='ltr'><strong>alberti.</strong></span> 
     </span>
    </p>
   </div>
   <div class='ocr_carea' id='block_1_4' title="bbox 808 4555 2361 5365">
    <p class='ocr_par' dir='ltr' id='par_1_4' title="bbox 808 4555 2361 5365">
     <span class='ocr_line' id='line_1_40' title="bbox 918 4555 2360 4641; baseline -0.006 -16"><span class='ocrx_word' id='word_1_418' title='bbox 918 4555 1098 4641; x_wconf 85' lang='lat' dir='ltr'><strong>Paradlsns,</strong></span> <span class='ocrx_word' id='word_1_419' title='bbox 1121 4561 1272 4640; x_wconf 68' lang='lat' dir='ltr'><strong>Parenos.</strong></span> <span class='ocrx_word' id='word_1_420' title='bbox 1308 4555 1541 4638; x_wconf 84' lang='lat' dir='ltr'><strong>Pamentkowo,</strong></span> <span class='ocrx_word' id='word_1_421' title='bbox 1565 4555 1689 4635; x_wconf 78' lang='lat' dir='ltr'><strong>niepdpt</strong></span> <span class='ocrx_word' id='word_1_422' title='bbox 1713 4558 1809 4620; x_wconf 77' lang='lat' dir='ltr'><strong>modo</strong></span> <span class='ocrx_word' id='word_1_423' title='bbox 1838 4559 1905 4620; x_wconf 77' lang='lat' dir='ltr'><strong>aad</strong></span> <span class='ocrx_word' id='word_1_424' title='bbox 1922 4560 2073 4636; x_wconf 79' lang='lat' dir='ltr'><strong>jeziorem</strong></span> <span class='ocrx_word' id='word_1_425' title='bbox 2096 4556 2360 4638; x_wconf 61' lang='lat' dir='ltr'><strong>hermineico,</strong></span> 
     </span>
     <span class='ocr_line' id='line_1_41' title="bbox 815 4656 2359 4742; baseline -0.005 -17"><span class='ocrx_word' id='word_1_426' title='bbox 815 4657 884 4725; x_wconf 72' lang='lat' dir='ltr'><strong>aas</strong></span> <span class='ocrx_word' id='word_1_427' title='bbox 903 4662 1020 4726; x_wconf 65' lang='lat' dir='ltr'><strong>mrim.</strong></span> <span class='ocrx_word' id='word_1_428' title='bbox 1054 4658 1187 4742; x_wconf 75' lang='lat' dir='ltr'><strong>Sueten,</strong></span> <span class='ocrx_word' id='word_1_429' title='bbox 1211 4663 1364 4727; x_wconf 76' lang='lat' dir='ltr'><strong>Zakrzem.</strong></span> <span class='ocrx_word' id='word_1_430' title='bbox 1399 4657 1532 4741; x_wconf 85' lang='lat' dir='ltr'><strong>Boleliz‚</strong></span> <span class='ocrx_word' id='word_1_431' title='bbox 1554 4662 1703 4724; x_wconf 71' lang='lat' dir='ltr'><strong>Bolemee</strong></span> <span class='ocrx_word' id='word_1_432' title='bbox 1735 4656 1863 4740; x_wconf 80' lang='lat' dir='ltr'><strong>Galava,</strong></span> <span class='ocrx_word' id='word_1_433' title='bbox 1885 4661 2025 4725; x_wconf 70' lang='lat' dir='ltr'><strong>Katane</strong></span> <span class='ocrx_word' id='word_1_434' title='bbox 2050 4656 2191 4740; x_wconf 86' lang='lat' dir='ltr'><strong>Wisolre,</strong></span> <span class='ocrx_word' id='word_1_435' title='bbox 2218 4658 2359 4737; x_wconf 78' lang='lat' dir='ltr'><strong>Wysokie.</strong></span> 
     </span>
     <span class='ocr_line' id='line_1_42' title="bbox 815 4758 2359 4844; baseline -0.006 -15"><span class='ocrx_word' id='word_1_436' title='bbox 815 4759 922 4829; x_wconf 83' lang='lat' dir='ltr'><strong>Minor</strong></span> <span class='ocrx_word' id='word_1_437' title='bbox 939 4759 1026 4843; x_wconf 75' lang='lat' dir='ltr'><strong>Pisis,</strong></span> <span class='ocrx_word' id='word_1_438' title='bbox 1049 4765 1160 4830; x_wconf 69' lang='lat' dir='ltr'><strong>Piretis.</strong></span> <span class='ocrx_word' id='word_1_439' title='bbox 1191 4760 1367 4830; x_wconf 83' lang='lat' dir='ltr'><strong>Wissouou</strong></span> <span class='ocrx_word' id='word_1_440' title='bbox 1388 4762 1497 4843; x_wconf 85' lang='lat' dir='ltr'><strong>maior,</strong></span> <span class='ocrx_word' id='word_1_441' title='bbox 1520 4766 1554 4828; x_wconf 87' lang='lat' dir='ltr'><strong>et</strong></span> <span class='ocrx_word' id='word_1_442' title='bbox 1576 4758 1627 4826; x_wconf 86' lang='lat' dir='ltr'><strong>W.</strong></span> <span class='ocrx_word' id='word_1_443' title='bbox 1649 4759 1760 4843; x_wconf 88' lang='lat' dir='ltr'><strong>minor,</strong></span> <span class='ocrx_word' id='word_1_444' title='bbox 1791 4764 1991 4843; x_wconf 76' lang='lat' dir='ltr'><strong>Wyezmroroo.</strong></span> <span class='ocrx_word' id='word_1_445' title='bbox 2021 4760 2184 4844; x_wconf 84' lang='lat' dir='ltr'><strong>Grodisne,</strong></span> <span class='ocrx_word' id='word_1_446' title='bbox 2208 4760 2359 4825; x_wconf 76' lang='lat' dir='ltr'><strong>drodzr&#39;st.</strong></span> 
     </span>
     <span class='ocr_line' id='line_1_43' title="bbox 815 4860 2360 4949; baseline -0.006 -17"><span class='ocrx_word' id='word_1_447' title='bbox 815 4862 961 4949; x_wconf 81' lang='lat' dir='ltr'><strong>Kalpino‚</strong></span> <span class='ocrx_word' id='word_1_448' title='bbox 984 4863 1126 4945; x_wconf 84' lang='lat' dir='ltr'><strong>Kietpin.</strong></span> <span class='ocrx_word' id='word_1_449' title='bbox 1147 4864 1294 4946; x_wconf 84' lang='lat' dir='ltr'><strong>Camino,</strong></span> <span class='ocrx_word' id='word_1_450' title='bbox 1310 4865 1409 4929; x_wconf 81' lang='lat' dir='ltr'><strong>dzifz</strong></span> <span class='ocrx_word' id='word_1_451' title='bbox 1430 4866 1593 4928; x_wconf 76' lang='lat' dir='ltr'><strong>ruemteclra</strong></span> <span class='ocrx_word' id='word_1_452' title='bbox 1613 4866 1754 4928; x_wconf 61' lang='lat' dir='ltr'><strong>liemare</strong></span> <span class='ocrx_word' id='word_1_453' title='bbox 1776 4862 1966 4945; x_wconf 81' lang='lat' dir='ltr'><strong>Milostowo,</strong></span> <span class='ocrx_word' id='word_1_454' title='bbox 1990 4867 2169 4930; x_wconf 72' lang='lat' dir='ltr'><strong>mentm.</strong></span> <span class='ocrx_word' id='word_1_455' title='bbox 2200 4860 2360 4938; x_wconf 78' lang='lat' dir='ltr'><strong>Securior,</strong></span> 
     </span>
     <span class='ocr_line' id='line_1_44' title="bbox 817 4961 2359 5055; baseline -0.005 -22"><span class='ocrx_word' id='word_1_456' title='bbox 817 4969 933 5034; x_wconf 68' lang='lat' dir='ltr'><strong>secem</strong></span> <span class='ocrx_word' id='word_1_457' title='bbox 955 4964 1038 5047; x_wconf 74' lang='lat' dir='ltr'><strong>uni.</strong></span> <span class='ocrx_word' id='word_1_458' title='bbox 1053 4969 1148 5033; x_wconf 79' lang='lat' dir='ltr'><strong>diuis.</strong></span> <span class='ocrx_word' id='word_1_459' title='bbox 1173 4966 1336 5035; x_wconf 84' lang='lat' dir='ltr'><strong>Comonlrn</strong></span> <span class='ocrx_word' id='word_1_460' title='bbox 1356 4970 1431 5046; x_wconf 71' lang='lat' dir='ltr'><strong>cepti</strong></span> <span class='ocrx_word' id='word_1_461' title='bbox 1453 4969 1653 5047; x_wconf 68' lang='lat' dir='ltr'><strong>mimimo,</strong></span> <span class='ocrx_word' id='word_1_462' title='bbox 1676 4969 1770 5030; x_wconf 83' lang='lat' dir='ltr'><strong>oeado</strong></span> <span class='ocrx_word' id='word_1_463' title='bbox 1784 4969 1893 5030; x_wconf 69' lang='lat' dir='ltr'><strong>raticio</strong></span> <span class='ocrx_word' id='word_1_464' title='bbox 1909 4971 1977 5046; x_wconf 88' lang='lat' dir='ltr'><strong>pod</strong></span> <span class='ocrx_word' id='word_1_465' title='bbox 1989 4972 2063 5055; x_wconf 72' lang='lat' dir='ltr'><strong>meiq</strong></span> <span class='ocrx_word' id='word_1_466' title='bbox 2077 4971 2257 5033; x_wconf 75' lang='lat' dir='ltr'><strong>Korniomem</strong></span> <span class='ocrx_word' id='word_1_467' title='bbox 2279 4961 2359 5030; x_wconf 83' lang='lat' dir='ltr'><strong>Mle·</strong></span> 
     </span>
     <span class='ocr_line' id='line_1_45' title="bbox 816 5065 2361 5153; baseline -0.007 -15"><span class='ocrx_word' id='word_1_468' title='bbox 816 5066 948 5152; x_wconf 76' lang='lat' dir='ltr'><strong>mesko,</strong></span> <span class='ocrx_word' id='word_1_469' title='bbox 962 5069 1029 5134; x_wconf 72' lang='lat' dir='ltr'><strong>uzu</strong></span> <span class='ocrx_word' id='word_1_470' title='bbox 1041 5072 1097 5135; x_wconf 78' lang='lat' dir='ltr'><strong>tale</strong></span> <span class='ocrx_word' id='word_1_471' title='bbox 1110 5088 1202 5136; x_wconf 75' lang='lat' dir='ltr'><strong>amno.</strong></span> <span class='ocrx_word' id='word_1_472' title='bbox 1223 5069 1352 5152; x_wconf 80' lang='lat' dir='ltr'><strong>Groliz,</strong></span> <span class='ocrx_word' id='word_1_473' title='bbox 1367 5069 1464 5133; x_wconf 74' lang='lat' dir='ltr'><strong>dzfdz</strong></span> <span class='ocrx_word' id='word_1_474' title='bbox 1479 5073 1568 5135; x_wconf 78' lang='lat' dir='ltr'><strong>nferm</strong></span> <span class='ocrx_word' id='word_1_475' title='bbox 1588 5070 1722 5134; x_wconf 81' lang='lat' dir='ltr'><strong>Grridifz.</strong></span> <span class='ocrx_word' id='word_1_476' title='bbox 1747 5065 1903 5135; x_wconf 82' lang='lat' dir='ltr'><strong>Cholmen</strong></span> <span class='ocrx_word' id='word_1_477' title='bbox 1916 5068 1929 5134; x_wconf 92' lang='lat' dir='ltr'><strong>i</strong></span> <span class='ocrx_word' id='word_1_478' title='bbox 1942 5067 2082 5153; x_wconf 64' lang='lat' dir='ltr'><strong>mesko,</strong></span> <span class='ocrx_word' id='word_1_479' title='bbox 2097 5073 2222 5149; x_wconf 68' lang='lat' dir='ltr'><strong>mbjm</strong></span> <span class='ocrx_word' id='word_1_480' title='bbox 2233 5072 2284 5132; x_wconf 85' lang='lat' dir='ltr'><strong>nie</strong></span> <span class='ocrx_word' id='word_1_481' title='bbox 2297 5083 2361 5128; x_wconf 80' lang='lat' dir='ltr'><strong>osu·</strong></span> 
     </span>
     <span class='ocr_line' id='line_1_46' title="bbox 808 5169 2360 5255; baseline -0.002 -17"><span class='ocrx_word' id='word_1_482' title='bbox 808 5175 923 5249; x_wconf 78' lang='lat' dir='ltr'><strong>-dzone,</strong></span> <span class='ocrx_word' id='word_1_483' title='bbox 935 5171 1063 5253; x_wconf 77' lang='lat' dir='ltr'><strong>ktdrpob</strong></span> <span class='ocrx_word' id='word_1_484' title='bbox 1083 5191 1190 5255; x_wconf 74' lang='lat' dir='ltr'><strong>namq</strong></span> <span class='ocrx_word' id='word_1_485' title='bbox 1204 5174 1271 5239; x_wconf 83' lang='lat' dir='ltr'><strong>dzif</strong></span> <span class='ocrx_word' id='word_1_486' title='bbox 1283 5176 1393 5252; x_wconf 63' lang='lat' dir='ltr'><strong>sermio.</strong></span> <span class='ocrx_word' id='word_1_487' title='bbox 1413 5170 1542 5254; x_wconf 74' lang='lat' dir='ltr'><strong>hunnici,</strong></span> <span class='ocrx_word' id='word_1_488' title='bbox 1562 5176 1611 5237; x_wconf 80' lang='lat' dir='ltr'><strong>eric</strong></span> <span class='ocrx_word' id='word_1_489' title='bbox 1624 5174 1824 5252; x_wconf 76' lang='lat' dir='ltr'><strong>odpoduione.</strong></span> <span class='ocrx_word' id='word_1_490' title='bbox 1847 5170 2020 5255; x_wconf 83' lang='lat' dir='ltr'><strong>Zuborovo,</strong></span> <span class='ocrx_word' id='word_1_491' title='bbox 2043 5173 2197 5255; x_wconf 82' lang='lat' dir='ltr'><strong>Zukrevo,</strong></span> <span class='ocrx_word' id='word_1_492' title='bbox 2213 5169 2280 5236; x_wconf 74' lang='lat' dir='ltr'><strong>aa</strong></span> <span class='ocrx_word' id='word_1_493' title='bbox 2299 5177 2321 5233; x_wconf 83' lang='lat' dir='ltr'><strong>f.</strong></span> <span class='ocrx_word' id='word_1_494' title='bbox 2338 5185 2360 5227; x_wconf 70' lang='lat' dir='ltr'><strong>e·</strong></span> 
     </span>
     <span class='ocr_line' id='line_1_47' title="bbox 816 5273 2360 5365; baseline -0.01 -17"><span class='ocrx_word' id='word_1_495' title='bbox 816 5273 989 5359; x_wconf 76' lang='lat' dir='ltr'><strong>Simbstvo,</strong></span> <span class='ocrx_word' id='word_1_496' title='bbox 1009 5280 1175 5344; x_wconf 77' lang='lat' dir='ltr'><strong>Sroczemo.</strong></span> <span class='ocrx_word' id='word_1_497' title='bbox 1209 5275 1416 5359; x_wconf 77' lang='lat' dir='ltr'><strong>(ihsanstovo,</strong></span> <span class='ocrx_word' id='word_1_498' title='bbox 1442 5280 1635 5365; x_wconf 65' lang='lat' dir='ltr'><strong>direptores.</strong></span> <span class='ocrx_word' id='word_1_499' title='bbox 1670 5273 1893 5362; x_wconf 73' lang='lat' dir='ltr'><strong>albrechtovo,</strong></span> <span class='ocrx_word' id='word_1_500' title='bbox 1923 5276 2053 5362; x_wconf 78' lang='lat' dir='ltr'><strong>eiepdpf</strong></span> <span class='ocrx_word' id='word_1_501' title='bbox 2078 5279 2173 5344; x_wconf 74' lang='lat' dir='ltr'><strong>oredo</strong></span> <span class='ocrx_word' id='word_1_502' title='bbox 2200 5295 2227 5341; x_wconf 77' lang='lat' dir='ltr'><strong>re</strong></span> <span class='ocrx_word' id='word_1_503' title='bbox 2243 5273 2360 5356; x_wconf 68' lang='lat' dir='ltr'><strong>purten</strong></span> 
     </span>
    </p>
   </div>
   <div class='ocr_carea' id='block_1_5' title="bbox 0 0 2434 6180">
    <p class='ocr_par' dir='ltr' id='par_1_5' title="bbox 0 0 2434 6180">
     <span class='ocr_line' id='line_1_48' title="bbox 0 0 2434 6180; baseline 0 0"><span class='ocrx_word' id='word_1_504' title='bbox 0 0 2434 6180; x_wconf 95' lang='lat' dir='ltr'><strong> </strong></span> 
     </span>
    </p>
   </div>
  </div>
 </body>
</html>
