<?xml version="1.0" encoding="UTF-8"?>
<!DOCTYPE html PUBLIC "-//W3C//DTD XHTML 1.0 Transitional//EN"
    "http://www.w3.org/TR/xhtml1/DTD/xhtml1-transitional.dtd">
<html xmlns="http://www.w3.org/1999/xhtml" xml:lang="en" lang="en">
 <head>
  <title>
</title>
<meta http-equiv="Content-Type" content="text/html;charset=utf-8" />
  <meta name='ocr-system' content='tesseract 3.04.00' />
  <meta name='ocr-capabilities' content='ocr_page ocr_carea ocr_par ocr_line ocrx_word'/>
</head>
<body>
  <div class='ocr_page' id='page_1' title='image "./codexdiplomatic03zakrgoog_0446.png"; bbox 0 0 4860 6180; ppageno 0'>
   <div class='ocr_carea' id='block_1_1' title="bbox 1907 79 1980 155">
    <p class='ocr_par' dir='ltr' id='par_1_1' title="bbox 1907 79 1980 155">
     <span class='ocr_line' id='line_1_1' title="bbox 1907 79 1980 155; baseline -0.027 -1"><span class='ocrx_word' id='word_1_1' title='bbox 1907 79 1980 155; x_wconf 85' lang='lat'><strong>441</strong></span> 
     </span>
    </p>
   </div>
   <div class='ocr_carea' id='block_1_2' title="bbox 433 275 1985 877">
    <p class='ocr_par' dir='ltr' id='par_1_2' title="bbox 433 275 1985 877">
     <span class='ocr_line' id='line_1_2' title="bbox 440 275 1985 363; baseline -0.001 -17"><span class='ocrx_word' id='word_1_2' title='bbox 440 275 494 346; x_wconf 88' lang='lat' dir='ltr'><strong>tiis</strong></span> <span class='ocrx_word' id='word_1_3' title='bbox 512 295 575 344; x_wconf 94' lang='lat' dir='ltr'><strong>non</strong></span> <span class='ocrx_word' id='word_1_4' title='bbox 597 283 757 362; x_wconf 73' lang='lat' dir='ltr'><strong>parentes,</strong></span> <span class='ocrx_word' id='word_1_5' title='bbox 778 276 918 363; x_wconf 88' lang='lat' dir='ltr'><strong>gladium</strong></span> <span class='ocrx_word' id='word_1_6' title='bbox 945 295 1001 344; x_wconf 90' lang='lat' dir='ltr'><strong>sue</strong></span> <span class='ocrx_word' id='word_1_7' title='bbox 1023 275 1192 361; x_wconf 89' lang='lat' dir='ltr'><strong>potcstatis</strong></span> <span class='ocrx_word' id='word_1_8' title='bbox 1209 282 1244 345; x_wconf 91' lang='lat' dir='ltr'><strong>ct</strong></span> <span class='ocrx_word' id='word_1_9' title='bbox 1263 276 1472 359; x_wconf 77' lang='lat' dir='ltr'><strong>auctoritatis,</strong></span> <span class='ocrx_word' id='word_1_10' title='bbox 1499 275 1743 347; x_wconf 88' lang='lat' dir='ltr'><strong>eeclesiasticam</strong></span> <span class='ocrx_word' id='word_1_11' title='bbox 1766 277 1892 347; x_wconf 90' lang='lat' dir='ltr'><strong>scilicet</strong></span> <span class='ocrx_word' id='word_1_12' title='bbox 1913 297 1985 347; x_wconf 91' lang='lat' dir='ltr'><strong>oen-</strong></span> 
     </span>
     <span class='ocr_line' id='line_1_3' title="bbox 434 377 1930 467; baseline -0.001 -17"><span class='ocrx_word' id='word_1_13' title='bbox 434 397 541 450; x_wconf 87' lang='lat' dir='ltr'><strong>suram</strong></span> <span class='ocrx_word' id='word_1_14' title='bbox 560 378 753 464; x_wconf 83' lang='lat' dir='ltr'><strong>impendant,</strong></span> <span class='ocrx_word' id='word_1_15' title='bbox 774 399 871 465; x_wconf 91' lang='lat' dir='ltr'><strong>quum</strong></span> <span class='ocrx_word' id='word_1_16' title='bbox 892 379 933 447; x_wconf 92' lang='lat' dir='ltr'><strong>ab</strong></span> <span class='ocrx_word' id='word_1_17' title='bbox 955 378 1032 464; x_wconf 89' lang='lat' dir='ltr'><strong>ipsis</strong></span> <span class='ocrx_word' id='word_1_18' title='bbox 1052 377 1246 446; x_wconf 89' lang='lat' dir='ltr'><strong>secularibus</strong></span> <span class='ocrx_word' id='word_1_19' title='bbox 1268 378 1422 446; x_wconf 90' lang='lat' dir='ltr'><strong>iudicibus</strong></span> <span class='ocrx_word' id='word_1_20' title='bbox 1442 397 1538 463; x_wconf 90' lang='lat' dir='ltr'><strong>supcr</strong></span> <span class='ocrx_word' id='word_1_21' title='bbox 1559 379 1618 446; x_wconf 93' lang='lat' dir='ltr'><strong>lroc</strong></span> <span class='ocrx_word' id='word_1_22' title='bbox 1636 378 1754 448; x_wconf 90' lang='lat' dir='ltr'><strong>fucriut</strong></span> <span class='ocrx_word' id='word_1_23' title='bbox 1775 381 1930 467; x_wconf 77' lang='lat' dir='ltr'><strong>requisiti.</strong></span> 
     </span>
     <span class='ocr_line' id='line_1_4' title="bbox 537 481 1985 571; baseline 0.002 -21"><span class='ocrx_word' id='word_1_24' title='bbox 537 486 583 550; x_wconf 81' lang='lat' dir='ltr'><strong>Bc</strong></span> <span class='ocrx_word' id='word_1_25' title='bbox 603 488 864 565; x_wconf 69' lang='lat' dir='ltr'><strong>appellationibus.</strong></span> <span class='ocrx_word' id='word_1_26' title='bbox 908 482 1093 563; x_wconf 89' lang='lat' dir='ltr'><strong>Statuimus,</strong></span> <span class='ocrx_word' id='word_1_27' title='bbox 1116 481 1200 566; x_wconf 90' lang='lat' dir='ltr'><strong>quod</strong></span> <span class='ocrx_word' id='word_1_28' title='bbox 1219 501 1328 549; x_wconf 85' lang='lat' dir='ltr'><strong>omncs</strong></span> <span class='ocrx_word' id='word_1_29' title='bbox 1350 501 1443 552; x_wconf 83' lang='lat' dir='ltr'><strong>cause</strong></span> <span class='ocrx_word' id='word_1_30' title='bbox 1465 483 1506 550; x_wconf 87' lang='lat' dir='ltr'><strong>ad</strong></span> <span class='ocrx_word' id='word_1_31' title='bbox 1527 481 1630 550; x_wconf 86' lang='lat' dir='ltr'><strong>forum</strong></span> <span class='ocrx_word' id='word_1_32' title='bbox 1652 485 1899 553; x_wconf 79' lang='lat' dir='ltr'><strong>ecelesiasticam</strong></span> <span class='ocrx_word' id='word_1_33' title='bbox 1914 505 1985 571; x_wconf 90' lang='lat' dir='ltr'><strong>pcr-</strong></span> 
     </span>
     <span class='ocr_line' id='line_1_5' title="bbox 435 584 1985 673; baseline 0.001 -18"><span class='ocrx_word' id='word_1_34' title='bbox 435 588 582 668; x_wconf 91' lang='lat' dir='ltr'><strong>tinentos,</strong></span> <span class='ocrx_word' id='word_1_35' title='bbox 605 602 711 653; x_wconf 91' lang='lat' dir='ltr'><strong>coram</strong></span> <span class='ocrx_word' id='word_1_36' title='bbox 734 585 901 654; x_wconf 79' lang='lat' dir='ltr'><strong>ordinariis</strong></span> <span class='ocrx_word' id='word_1_37' title='bbox 922 584 972 652; x_wconf 94' lang='lat' dir='ltr'><strong>vcl</strong></span> <span class='ocrx_word' id='word_1_38' title='bbox 994 584 1212 651; x_wconf 76' lang='lat' dir='ltr'><strong>emlosimtics</strong></span> <span class='ocrx_word' id='word_1_39' title='bbox 1235 584 1390 652; x_wconf 91' lang='lat' dir='ltr'><strong>iudicibus</strong></span> <span class='ocrx_word' id='word_1_40' title='bbox 1404 587 1494 652; x_wconf 80' lang='lat' dir='ltr'><strong>iuxta</strong></span> <span class='ocrx_word' id='word_1_41' title='bbox 1507 605 1614 653; x_wconf 86' lang='lat' dir='ltr'><strong>sacrus</strong></span> <span class='ocrx_word' id='word_1_42' title='bbox 1629 593 1663 653; x_wconf 91' lang='lat' dir='ltr'><strong>ct</strong></span> <span class='ocrx_word' id='word_1_43' title='bbox 1677 586 1835 673; x_wconf 90' lang='lat' dir='ltr'><strong>legitimas</strong></span> <span class='ocrx_word' id='word_1_44' title='bbox 1849 591 1985 657; x_wconf 82' lang='lat' dir='ltr'><strong>sancho·</strong></span> 
     </span>
     <span class='ocr_line' id='line_1_6' title="bbox 433 686 1985 774; baseline -0.001 -14"><span class='ocrx_word' id='word_1_45' title='bbox 433 709 489 760; x_wconf 87' lang='lat' dir='ltr'><strong>nea</strong></span> <span class='ocrx_word' id='word_1_46' title='bbox 509 688 635 774; x_wconf 88' lang='lat' dir='ltr'><strong>agitari,</strong></span> <span class='ocrx_word' id='word_1_47' title='bbox 659 691 791 755; x_wconf 85' lang='lat' dir='ltr'><strong>tractari</strong></span> <span class='ocrx_word' id='word_1_48' title='bbox 812 688 862 756; x_wconf 93' lang='lat' dir='ltr'><strong>vcl</strong></span> <span class='ocrx_word' id='word_1_49' title='bbox 883 687 1030 755; x_wconf 87' lang='lat' dir='ltr'><strong>ventilari</strong></span> <span class='ocrx_word' id='word_1_50' title='bbox 1049 686 1194 768; x_wconf 89' lang='lat' dir='ltr'><strong>debeant,</strong></span> <span class='ocrx_word' id='word_1_51' title='bbox 1217 693 1251 753; x_wconf 91' lang='lat' dir='ltr'><strong>ct</strong></span> <span class='ocrx_word' id='word_1_52' title='bbox 1271 706 1329 772; x_wconf 89' lang='lat' dir='ltr'><strong>per</strong></span> <span class='ocrx_word' id='word_1_53' title='bbox 1350 706 1405 755; x_wconf 93' lang='lat' dir='ltr'><strong>cos</strong></span> <span class='ocrx_word' id='word_1_54' title='bbox 1433 688 1532 755; x_wconf 92' lang='lat' dir='ltr'><strong>libere</strong></span> <span class='ocrx_word' id='word_1_55' title='bbox 1557 695 1591 756; x_wconf 92' lang='lat' dir='ltr'><strong>ct</strong></span> <span class='ocrx_word' id='word_1_56' title='bbox 1618 688 1737 773; x_wconf 89' lang='lat' dir='ltr'><strong>ubsque</strong></span> <span class='ocrx_word' id='word_1_57' title='bbox 1761 690 1985 774; x_wconf 88' lang='lat' dir='ltr'><strong>impedimento</strong></span> 
     </span>
     <span class='ocr_line' id='line_1_7' title="bbox 434 778 1984 877; baseline -0.001 -16"><span class='ocrx_word' id='word_1_58' title='bbox 434 793 499 862; x_wconf 91' lang='lat' dir='ltr'><strong>ullo</strong></span> <span class='ocrx_word' id='word_1_59' title='bbox 519 791 570 860; x_wconf 87' lang='lat' dir='ltr'><strong>vel</strong></span> <span class='ocrx_word' id='word_1_60' title='bbox 591 791 755 860; x_wconf 89' lang='lat' dir='ltr'><strong>obstaculo</strong></span> <span class='ocrx_word' id='word_1_61' title='bbox 778 791 954 859; x_wconf 88' lang='lat' dir='ltr'><strong>temriuari:</strong></span> <span class='ocrx_word' id='word_1_62' title='bbox 978 795 1012 857; x_wconf 89' lang='lat' dir='ltr'><strong>et</strong></span> <span class='ocrx_word' id='word_1_63' title='bbox 1033 790 1060 856; x_wconf 92' lang='lat' dir='ltr'><strong>ai</strong></span> <span class='ocrx_word' id='word_1_64' title='bbox 1083 789 1252 874; x_wconf 91' lang='lat' dir='ltr'><strong>aliquando</strong></span> <span class='ocrx_word' id='word_1_65' title='bbox 1274 808 1370 874; x_wconf 89' lang='lat' dir='ltr'><strong>super</strong></span> <span class='ocrx_word' id='word_1_66' title='bbox 1391 778 1570 858; x_wconf 80' lang='lat' dir='ltr'><strong>huiusmodi</strong></span> <span class='ocrx_word' id='word_1_67' title='bbox 1592 792 1697 860; x_wconf 91' lang='lat' dir='ltr'><strong>causis</strong></span> <span class='ocrx_word' id='word_1_68' title='bbox 1715 792 1757 859; x_wconf 88' lang='lat' dir='ltr'><strong>ad</strong></span> <span class='ocrx_word' id='word_1_69' title='bbox 1777 792 1984 877; x_wconf 87' lang='lat' dir='ltr'><strong>apostolicam</strong></span> 
     </span>
    </p>
   </div>
   <div class='ocr_carea' id='block_1_3' title="bbox 375 892 2049 5174">
    <p class='ocr_par' dir='ltr' id='par_1_3' title="bbox 431 892 1987 2824">
     <span class='ocr_line' id='line_1_8' title="bbox 437 892 1985 979; baseline -0.002 -14"><span class='ocrx_word' id='word_1_70' title='bbox 437 895 549 965; x_wconf 88' lang='lat' dir='ltr'><strong>Sedcnr</strong></span> <span class='ocrx_word' id='word_1_71' title='bbox 570 913 609 962; x_wconf 88' lang='lat' dir='ltr'><strong>ac</strong></span> <span class='ocrx_word' id='word_1_72' title='bbox 629 894 708 961; x_wconf 88' lang='lat' dir='ltr'><strong>alios</strong></span> <span class='ocrx_word' id='word_1_73' title='bbox 730 896 917 979; x_wconf 76' lang='lat' dir='ltr'><strong>superiores,</strong></span> <span class='ocrx_word' id='word_1_74' title='bbox 945 893 986 959; x_wconf 90' lang='lat' dir='ltr'><strong>ad</strong></span> <span class='ocrx_word' id='word_1_75' title='bbox 1007 911 1086 976; x_wconf 91' lang='lat' dir='ltr'><strong>quos</strong></span> <span class='ocrx_word' id='word_1_76' title='bbox 1112 892 1272 977; x_wconf 90' lang='lat' dir='ltr'><strong>appellare</strong></span> <span class='ocrx_word' id='word_1_77' title='bbox 1301 893 1373 960; x_wconf 91' lang='lat' dir='ltr'><strong>iura</strong></span> <span class='ocrx_word' id='word_1_78' title='bbox 1396 893 1595 977; x_wconf 89' lang='lat' dir='ltr'><strong>permittunt,</strong></span> <span class='ocrx_word' id='word_1_79' title='bbox 1625 895 1778 979; x_wconf 85' lang='lat' dir='ltr'><strong>appclhtri</strong></span> <span class='ocrx_word' id='word_1_80' title='bbox 1807 896 1985 979; x_wconf 84' lang='lat' dir='ltr'><strong>contigerit,</strong></span> 
     </span>
     <span class='ocr_line' id='line_1_9' title="bbox 434 993 1986 1084; baseline 0.001 -18"><span class='ocrx_word' id='word_1_81' title='bbox 434 1008 500 1068; x_wconf 88' lang='lat' dir='ltr'><strong>tam</strong></span> <span class='ocrx_word' id='word_1_82' title='bbox 517 997 716 1084; x_wconf 75' lang='lat' dir='ltr'><strong>appellantes</strong></span> <span class='ocrx_word' id='word_1_83' title='bbox 737 1016 832 1081; x_wconf 89' lang='lat' dir='ltr'><strong>quam</strong></span> <span class='ocrx_word' id='word_1_84' title='bbox 854 994 1016 1081; x_wconf 89' lang='lat' dir='ltr'><strong>appellati,</strong></span> <span class='ocrx_word' id='word_1_85' title='bbox 1040 994 1080 1062; x_wconf 92' lang='lat' dir='ltr'><strong>ad</strong></span> <span class='ocrx_word' id='word_1_86' title='bbox 1101 994 1259 1078; x_wconf 78' lang='lat' dir='ltr'><strong>prefatam</strong></span> <span class='ocrx_word' id='word_1_87' title='bbox 1281 993 1393 1061; x_wconf 79' lang='lat' dir='ltr'><strong>Selom</strong></span> <span class='ocrx_word' id='word_1_88' title='bbox 1414 1012 1471 1062; x_wconf 88' lang='lat' dir='ltr'><strong>seu</strong></span> <span class='ocrx_word' id='word_1_89' title='bbox 1491 996 1532 1062; x_wconf 92' lang='lat' dir='ltr'><strong>ad</strong></span> <span class='ocrx_word' id='word_1_90' title='bbox 1554 999 1731 1080; x_wconf 83' lang='lat' dir='ltr'><strong>superiores</strong></span> <span class='ocrx_word' id='word_1_91' title='bbox 1752 997 1911 1083; x_wconf 87' lang='lat' dir='ltr'><strong>predictos</strong></span> <span class='ocrx_word' id='word_1_92' title='bbox 1933 1018 1986 1067; x_wconf 89' lang='lat' dir='ltr'><strong>nc·</strong></span> 
     </span>
     <span class='ocr_line' id='line_1_10' title="bbox 437 1095 1986 1186; baseline 0.001 -17"><span class='ocrx_word' id='word_1_93' title='bbox 437 1101 547 1170; x_wconf 85' lang='lat' dir='ltr'><strong>cedere</strong></span> <span class='ocrx_word' id='word_1_94' title='bbox 564 1118 659 1186; x_wconf 87' lang='lat' dir='ltr'><strong>super·</strong></span> <span class='ocrx_word' id='word_1_95' title='bbox 677 1099 923 1184; x_wconf 79' lang='lat' dir='ltr'><strong>appellationum</strong></span> <span class='ocrx_word' id='word_1_96' title='bbox 946 1095 1216 1182; x_wconf 81' lang='lat' dir='ltr'><strong>prosecutionibus</strong></span> <span class='ocrx_word' id='word_1_97' title='bbox 1241 1096 1338 1164; x_wconf 90' lang='lat' dir='ltr'><strong>libere</strong></span> <span class='ocrx_word' id='word_1_98' title='bbox 1365 1103 1400 1163; x_wconf 91' lang='lat' dir='ltr'><strong>et</strong></span> <span class='ocrx_word' id='word_1_99' title='bbox 1427 1096 1546 1181; x_wconf 91' lang='lat' dir='ltr'><strong>absque</strong></span> <span class='ocrx_word' id='word_1_100' title='bbox 1575 1099 1761 1168; x_wconf 86' lang='lat' dir='ltr'><strong>inhibitione</strong></span> <span class='ocrx_word' id='word_1_101' title='bbox 1786 1101 1895 1186; x_wconf 83' lang='lat' dir='ltr'><strong>aliqva</strong></span> <span class='ocrx_word' id='word_1_102' title='bbox 1915 1120 1986 1186; x_wconf 88' lang='lat' dir='ltr'><strong>per·</strong></span> 
     </span>
     <span class='ocr_line' id='line_1_11' title="bbox 432 1193 1985 1287; baseline -0.001 -15"><span class='ocrx_word' id='word_1_103' title='bbox 432 1205 613 1272; x_wconf 86' lang='lat' dir='ltr'><strong>mittantur.</strong></span> <span class='ocrx_word' id='word_1_104' title='bbox 658 1201 693 1269; x_wconf 89' lang='lat' dir='ltr'><strong>Si</strong></span> <span class='ocrx_word' id='word_1_105' title='bbox 714 1220 788 1270; x_wconf 89' lang='lat' dir='ltr'><strong>vero</strong></span> <span class='ocrx_word' id='word_1_106' title='bbox 808 1221 863 1269; x_wconf 79' lang='lat' dir='ltr'><strong>rex</strong></span> <span class='ocrx_word' id='word_1_107' title='bbox 880 1193 936 1268; x_wconf 87' lang='lat' dir='ltr'><strong>seu</strong></span> <span class='ocrx_word' id='word_1_108' title='bbox 957 1200 1065 1282; x_wconf 86' lang='lat' dir='ltr'><strong>regina</strong></span> <span class='ocrx_word' id='word_1_109' title='bbox 1086 1199 1134 1265; x_wconf 84' lang='lat' dir='ltr'><strong>vel</strong></span> <span class='ocrx_word' id='word_1_110' title='bbox 1156 1199 1345 1282; x_wconf 82' lang='lat' dir='ltr'><strong>quicumque</strong></span> <span class='ocrx_word' id='word_1_111' title='bbox 1366 1199 1421 1266; x_wconf 89' lang='lat' dir='ltr'><strong>alii</strong></span> <span class='ocrx_word' id='word_1_112' title='bbox 1449 1199 1488 1266; x_wconf 91' lang='lat' dir='ltr'><strong>dc</strong></span> <span class='ocrx_word' id='word_1_113' title='bbox 1511 1219 1609 1285; x_wconf 91' lang='lat' dir='ltr'><strong>regno</strong></span> <span class='ocrx_word' id='word_1_114' title='bbox 1639 1201 1790 1287; x_wconf 89' lang='lat' dir='ltr'><strong>predicto,</strong></span> <span class='ocrx_word' id='word_1_115' title='bbox 1816 1209 1985 1287; x_wconf 89' lang='lat' dir='ltr'><strong>postquam</strong></span> 
     </span>
     <span class='ocr_line' id='line_1_12' title="bbox 433 1299 1985 1399; baseline -0.001 -24"><span class='ocrx_word' id='word_1_116' title='bbox 433 1323 540 1375; x_wconf 81' lang='lat' dir='ltr'><strong>coram</strong></span> <span class='ocrx_word' id='word_1_117' title='bbox 560 1304 637 1390; x_wconf 89' lang='lat' dir='ltr'><strong>ipsis</strong></span> <span class='ocrx_word' id='word_1_118' title='bbox 657 1304 697 1399; x_wconf 75' lang='lat' dir='ltr'><strong>de</strong></span> <span class='ocrx_word' id='word_1_119' title='bbox 717 1303 777 1371; x_wconf 93' lang='lat' dir='ltr'><strong>lroc</strong></span> <span class='ocrx_word' id='word_1_120' title='bbox 796 1309 1005 1389; x_wconf 87' lang='lat' dir='ltr'><strong>protestatum</strong></span> <span class='ocrx_word' id='word_1_121' title='bbox 1027 1299 1122 1367; x_wconf 91' lang='lat' dir='ltr'><strong>fuerit</strong></span> <span class='ocrx_word' id='word_1_122' title='bbox 1143 1301 1192 1368; x_wconf 90' lang='lat' dir='ltr'><strong>vel</strong></span> <span class='ocrx_word' id='word_1_123' title='bbox 1209 1308 1384 1384; x_wconf 79' lang='lat' dir='ltr'><strong>exceptum,</strong></span> <span class='ocrx_word' id='word_1_124' title='bbox 1406 1308 1518 1368; x_wconf 88' lang='lat' dir='ltr'><strong>contra</strong></span> <span class='ocrx_word' id='word_1_125' title='bbox 1532 1305 1791 1372; x_wconf 90' lang='lat' dir='ltr'><strong>constitutionem</strong></span> <span class='ocrx_word' id='word_1_126' title='bbox 1806 1306 1985 1373; x_wconf 90' lang='lat' dir='ltr'><strong>huiusmodi</strong></span> 
     </span>
     <span class='ocr_line' id='line_1_13' title="bbox 432 1393 1986 1492; baseline -0.001 -15"><span class='ocrx_word' id='word_1_127' title='bbox 432 1410 576 1477; x_wconf 84' lang='lat' dir='ltr'><strong>venerint</strong></span> <span class='ocrx_word' id='word_1_128' title='bbox 595 1407 636 1475; x_wconf 89' lang='lat' dir='ltr'><strong>de</strong></span> <span class='ocrx_word' id='word_1_129' title='bbox 655 1393 758 1474; x_wconf 77' lang='lat' dir='ltr'><strong>causis</strong></span> <span class='ocrx_word' id='word_1_130' title='bbox 780 1405 958 1473; x_wconf 89' lang='lat' dir='ltr'><strong>huiusmodi</strong></span> <span class='ocrx_word' id='word_1_131' title='bbox 979 1403 1202 1489; x_wconf 90' lang='lat' dir='ltr'><strong>cognoscendo,</strong></span> <span class='ocrx_word' id='word_1_132' title='bbox 1221 1404 1271 1470; x_wconf 91' lang='lat' dir='ltr'><strong>vel</strong></span> <span class='ocrx_word' id='word_1_133' title='bbox 1292 1404 1489 1488; x_wconf 81' lang='lat' dir='ltr'><strong>appellantes</strong></span> <span class='ocrx_word' id='word_1_134' title='bbox 1511 1405 1552 1472; x_wconf 79' lang='lat' dir='ltr'><strong>orl</strong></span> <span class='ocrx_word' id='word_1_135' title='bbox 1574 1405 1687 1474; x_wconf 86' lang='lat' dir='ltr'><strong>Sedcm</strong></span> <span class='ocrx_word' id='word_1_136' title='bbox 1708 1409 1915 1492; x_wconf 89' lang='lat' dir='ltr'><strong>apostolicam</strong></span> <span class='ocrx_word' id='word_1_137' title='bbox 1929 1428 1986 1476; x_wconf 90' lang='lat' dir='ltr'><strong>seu</strong></span> 
     </span>
     <span class='ocr_line' id='line_1_14' title="bbox 432 1506 1985 1596; baseline 0.001 -18"><span class='ocrx_word' id='word_1_138' title='bbox 432 1510 609 1596; x_wconf 76' lang='lat' dir='ltr'><strong>superiores</strong></span> <span class='ocrx_word' id='word_1_139' title='bbox 631 1507 825 1592; x_wconf 87' lang='lat' dir='ltr'><strong>prelatorum</strong></span> <span class='ocrx_word' id='word_1_140' title='bbox 843 1528 864 1575; x_wconf 92' lang='lat' dir='ltr'><strong>a</strong></span> <span class='ocrx_word' id='word_1_141' title='bbox 883 1507 1102 1593; x_wconf 88' lang='lat' dir='ltr'><strong>prosecutione</strong></span> <span class='ocrx_word' id='word_1_142' title='bbox 1116 1506 1363 1591; x_wconf 88' lang='lat' dir='ltr'><strong>appellationum</strong></span> <span class='ocrx_word' id='word_1_143' title='bbox 1379 1507 1520 1592; x_wconf 90' lang='lat' dir='ltr'><strong>ipsarum</strong></span> <span class='ocrx_word' id='word_1_144' title='bbox 1534 1510 1768 1593; x_wconf 86' lang='lat' dir='ltr'><strong>quomodolibet</strong></span> <span class='ocrx_word' id='word_1_145' title='bbox 1780 1510 1985 1595; x_wconf 87' lang='lat' dir='ltr'><strong>prohibendo,</strong></span> 
     </span>
     <span class='ocr_line' id='line_1_15' title="bbox 432 1609 1984 1705; baseline -0.001 -23"><span class='ocrx_word' id='word_1_146' title='bbox 432 1632 489 1682; x_wconf 91' lang='lat' dir='ltr'><strong>seu</strong></span> <span class='ocrx_word' id='word_1_147' title='bbox 505 1611 586 1680; x_wconf 83' lang='lat' dir='ltr'><strong>alios</strong></span> <span class='ocrx_word' id='word_1_148' title='bbox 606 1617 718 1680; x_wconf 89' lang='lat' dir='ltr'><strong>contra</strong></span> <span class='ocrx_word' id='word_1_149' title='bbox 739 1610 996 1678; x_wconf 89' lang='lat' dir='ltr'><strong>constitutionem</strong></span> <span class='ocrx_word' id='word_1_150' title='bbox 1017 1609 1194 1705; x_wconf 85' lang='lat' dir='ltr'><strong>huiusmodi</strong></span> <span class='ocrx_word' id='word_1_151' title='bbox 1217 1610 1403 1692; x_wconf 71' lang='lat' dir='ltr'><strong>exedendo,</strong></span> <span class='ocrx_word' id='word_1_152' title='bbox 1425 1609 1466 1678; x_wconf 93' lang='lat' dir='ltr'><strong>ab</strong></span> <span class='ocrx_word' id='word_1_153' title='bbox 1488 1611 1666 1680; x_wconf 90' lang='lat' dir='ltr'><strong>huiusmodi</strong></span> <span class='ocrx_word' id='word_1_154' title='bbox 1680 1612 1902 1698; x_wconf 88' lang='lat' dir='ltr'><strong>prohibitione,</strong></span> <span class='ocrx_word' id='word_1_155' title='bbox 1925 1614 1984 1681; x_wconf 89' lang='lat' dir='ltr'><strong>im·</strong></span> 
     </span>
     <span class='ocr_line' id='line_1_16' title="bbox 432 1713 1985 1806; baseline 0 -22"><span class='ocrx_word' id='word_1_156' title='bbox 432 1718 612 1806; x_wconf 87' lang='lat' dir='ltr'><strong>pedimento</strong></span> <span class='ocrx_word' id='word_1_157' title='bbox 633 1734 690 1782; x_wconf 90' lang='lat' dir='ltr'><strong>seu</strong></span> <span class='ocrx_word' id='word_1_158' title='bbox 711 1715 890 1798; x_wconf 81' lang='lat' dir='ltr'><strong>cognitione</strong></span> <span class='ocrx_word' id='word_1_159' title='bbox 911 1714 1038 1781; x_wconf 91' lang='lat' dir='ltr'><strong>omnino</strong></span> <span class='ocrx_word' id='word_1_160' title='bbox 1060 1732 1122 1780; x_wconf 92' lang='lat' dir='ltr'><strong>uon</strong></span> <span class='ocrx_word' id='word_1_161' title='bbox 1145 1713 1337 1794; x_wconf 89' lang='lat' dir='ltr'><strong>destiterint,</strong></span> <span class='ocrx_word' id='word_1_162' title='bbox 1359 1714 1427 1798; x_wconf 90' lang='lat' dir='ltr'><strong>regi</strong></span> <span class='ocrx_word' id='word_1_163' title='bbox 1447 1732 1505 1781; x_wconf 89' lang='lat' dir='ltr'><strong>seu</strong></span> <span class='ocrx_word' id='word_1_164' title='bbox 1526 1716 1634 1799; x_wconf 87' lang='lat' dir='ltr'><strong>regine</strong></span> <span class='ocrx_word' id='word_1_165' title='bbox 1654 1713 1787 1799; x_wconf 84' lang='lat' dir='ltr'><strong>prefatis</strong></span> <span class='ocrx_word' id='word_1_166' title='bbox 1808 1716 1842 1782; x_wconf 94' lang='lat' dir='ltr'><strong>in</strong></span> <span class='ocrx_word' id='word_1_167' title='bbox 1863 1717 1985 1801; x_wconf 87' lang='lat' dir='ltr'><strong>predio·</strong></span> 
     </span>
     <span class='ocr_line' id='line_1_17' title="bbox 433 1815 1986 1902; baseline -0.002 -12"><span class='ocrx_word' id='word_1_168' title='bbox 433 1822 477 1890; x_wconf 83' lang='lat' dir='ltr'><strong>tis</strong></span> <span class='ocrx_word' id='word_1_169' title='bbox 497 1817 719 1889; x_wconf 68' lang='lat' dir='ltr'><strong>excolentibus</strong></span> <span class='ocrx_word' id='word_1_170' title='bbox 742 1824 809 1885; x_wconf 88' lang='lat' dir='ltr'><strong>tam</strong></span> <span class='ocrx_word' id='word_1_171' title='bbox 830 1817 886 1884; x_wconf 92' lang='lat' dir='ltr'><strong>diu</strong></span> <span class='ocrx_word' id='word_1_172' title='bbox 907 1815 1036 1884; x_wconf 88' lang='lat' dir='ltr'><strong>eecleeie</strong></span> <span class='ocrx_word' id='word_1_173' title='bbox 1054 1816 1098 1882; x_wconf 88' lang='lat' dir='ltr'><strong>sit</strong></span> <span class='ocrx_word' id='word_1_174' title='bbox 1115 1815 1305 1884; x_wconf 89' lang='lat' dir='ltr'><strong>interdictus</strong></span> <span class='ocrx_word' id='word_1_175' title='bbox 1326 1816 1496 1900; x_wconf 79' lang='lat' dir='ltr'><strong>ingressum,</strong></span> <span class='ocrx_word' id='word_1_176' title='bbox 1519 1835 1682 1902; x_wconf 88' lang='lat' dir='ltr'><strong>quousque</strong></span> <span class='ocrx_word' id='word_1_177' title='bbox 1707 1835 1833 1885; x_wconf 89' lang='lat' dir='ltr'><strong>omnem</strong></span> <span class='ocrx_word' id='word_1_178' title='bbox 1861 1837 1986 1902; x_wconf 80' lang='lat' dir='ltr'><strong>proees-</strong></span> 
     </span>
     <span class='ocr_line' id='line_1_18' title="bbox 434 1918 1986 2008; baseline -0.003 -16"><span class='ocrx_word' id='word_1_179' title='bbox 434 1942 505 1992; x_wconf 91' lang='lat' dir='ltr'><strong>aum</strong></span> <span class='ocrx_word' id='word_1_180' title='bbox 523 1940 581 2008; x_wconf 89' lang='lat' dir='ltr'><strong>per</strong></span> <span class='ocrx_word' id='word_1_181' title='bbox 602 1939 657 1989; x_wconf 89' lang='lat' dir='ltr'><strong>eos</strong></span> <span class='ocrx_word' id='word_1_182' title='bbox 675 1919 818 1988; x_wconf 92' lang='lat' dir='ltr'><strong>habitum</strong></span> <span class='ocrx_word' id='word_1_183' title='bbox 839 1921 873 1986; x_wconf 92' lang='lat' dir='ltr'><strong>in</strong></span> <span class='ocrx_word' id='word_1_184' title='bbox 895 1919 998 1986; x_wconf 91' lang='lat' dir='ltr'><strong>causis</strong></span> <span class='ocrx_word' id='word_1_185' title='bbox 1016 1918 1178 2004; x_wconf 81' lang='lat' dir='ltr'><strong>predictis,</strong></span> <span class='ocrx_word' id='word_1_186' title='bbox 1200 1936 1295 2002; x_wconf 91' lang='lat' dir='ltr'><strong>quem</strong></span> <span class='ocrx_word' id='word_1_187' title='bbox 1316 1936 1440 1986; x_wconf 87' lang='lat' dir='ltr'><strong>cassum</strong></span> <span class='ocrx_word' id='word_1_188' title='bbox 1459 1923 1492 1986; x_wconf 90' lang='lat' dir='ltr'><strong>et</strong></span> <span class='ocrx_word' id='word_1_189' title='bbox 1505 1919 1633 1986; x_wconf 91' lang='lat' dir='ltr'><strong>irritum</strong></span> <span class='ocrx_word' id='word_1_190' title='bbox 1645 1920 1842 2002; x_wconf 89' lang='lat' dir='ltr'><strong>nunciamus,</strong></span> <span class='ocrx_word' id='word_1_191' title='bbox 1864 1939 1986 1988; x_wconf 92' lang='lat' dir='ltr'><strong>omnes·</strong></span> 
     </span>
     <span class='ocr_line' id='line_1_19' title="bbox 432 2020 1986 2111; baseline -0.001 -19"><span class='ocrx_word' id='word_1_192' title='bbox 432 2044 496 2111; x_wconf 92' lang='lat' dir='ltr'><strong>que</strong></span> <span class='ocrx_word' id='word_1_193' title='bbox 516 2022 745 2110; x_wconf 85' lang='lat' dir='ltr'><strong>prohibitiones</strong></span> <span class='ocrx_word' id='word_1_194' title='bbox 766 2029 800 2089; x_wconf 91' lang='lat' dir='ltr'><strong>et</strong></span> <span class='ocrx_word' id='word_1_195' title='bbox 820 2023 1005 2107; x_wconf 78' lang='lat' dir='ltr'><strong>gravamina</strong></span> <span class='ocrx_word' id='word_1_196' title='bbox 1024 2021 1240 2089; x_wconf 89' lang='lat' dir='ltr'><strong>revocaverint</strong></span> <span class='ocrx_word' id='word_1_197' title='bbox 1261 2039 1333 2088; x_wconf 83' lang='lat' dir='ltr'><strong>cunm</strong></span> <span class='ocrx_word' id='word_1_198' title='bbox 1363 2020 1486 2089; x_wconf 69' lang='lat' dir='ltr'><strong>edeam</strong></span> <span class='ocrx_word' id='word_1_199' title='bbox 1530 2023 1596 2089; x_wconf 81' lang='lat' dir='ltr'><strong>Alii</strong></span> <span class='ocrx_word' id='word_1_200' title='bbox 1617 2041 1692 2090; x_wconf 89' lang='lat' dir='ltr'><strong>vera</strong></span> <span class='ocrx_word' id='word_1_201' title='bbox 1717 2022 1824 2104; x_wconf 89' lang='lat' dir='ltr'><strong>duces,</strong></span> <span class='ocrx_word' id='word_1_202' title='bbox 1852 2022 1986 2092; x_wconf 88' lang='lat' dir='ltr'><strong>barones</strong></span> 
     </span>
     <span class='ocr_line' id='line_1_20' title="bbox 431 2115 1986 2210; baseline -0.001 -14"><span class='ocrx_word' id='word_1_203' title='bbox 431 2134 467 2196; x_wconf 88' lang='lat' dir='ltr'><strong>et</strong></span> <span class='ocrx_word' id='word_1_204' title='bbox 486 2127 542 2195; x_wconf 86' lang='lat' dir='ltr'><strong>alii</strong></span> <span class='ocrx_word' id='word_1_205' title='bbox 560 2125 723 2194; x_wconf 82' lang='lat' dir='ltr'><strong>inferiores</strong></span> <span class='ocrx_word' id='word_1_206' title='bbox 744 2126 862 2192; x_wconf 89' lang='lat' dir='ltr'><strong>iudices</strong></span> <span class='ocrx_word' id='word_1_207' title='bbox 892 2132 1003 2192; x_wconf 75' lang='lat' dir='ltr'><strong>uonna</strong></span> <span class='ocrx_word' id='word_1_208' title='bbox 1031 2125 1290 2191; x_wconf 86' lang='lat' dir='ltr'><strong>constitutionem</strong></span> <span class='ocrx_word' id='word_1_209' title='bbox 1310 2125 1498 2193; x_wconf 82' lang='lat' dir='ltr'><strong>excedentes</strong></span> <span class='ocrx_word' id='word_1_210' title='bbox 1517 2133 1706 2210; x_wconf 88' lang='lat' dir='ltr'><strong>presentem,</strong></span> <span class='ocrx_word' id='word_1_211' title='bbox 1733 2127 1797 2194; x_wconf 91' lang='lat' dir='ltr'><strong>nisi</strong></span> <span class='ocrx_word' id='word_1_212' title='bbox 1825 2115 1986 2194; x_wconf 86' lang='lat' dir='ltr'><strong>infratri·</strong></span> 
     </span>
     <span class='ocr_line' id='line_1_21' title="bbox 432 2227 1985 2316; baseline -0.001 -18"><span class='ocrx_word' id='word_1_213' title='bbox 432 2231 541 2311; x_wconf 89' lang='lat' dir='ltr'><strong>duum,</strong></span> <span class='ocrx_word' id='word_1_214' title='bbox 562 2236 730 2316; x_wconf 87' lang='lat' dir='ltr'><strong>postquam</strong></span> <span class='ocrx_word' id='word_1_215' title='bbox 750 2247 855 2297; x_wconf 91' lang='lat' dir='ltr'><strong>coram</strong></span> <span class='ocrx_word' id='word_1_216' title='bbox 876 2228 923 2295; x_wconf 91' lang='lat' dir='ltr'><strong>eis</strong></span> <span class='ocrx_word' id='word_1_217' title='bbox 941 2232 979 2294; x_wconf 89' lang='lat' dir='ltr'><strong>ut</strong></span> <span class='ocrx_word' id='word_1_218' title='bbox 1000 2245 1097 2312; x_wconf 91' lang='lat' dir='ltr'><strong>supra</strong></span> <span class='ocrx_word' id='word_1_219' title='bbox 1117 2227 1350 2308; x_wconf 89' lang='lat' dir='ltr'><strong>denunciatum,</strong></span> <span class='ocrx_word' id='word_1_220' title='bbox 1379 2233 1592 2312; x_wconf 87' lang='lat' dir='ltr'><strong>protestatum</strong></span> <span class='ocrx_word' id='word_1_221' title='bbox 1617 2227 1715 2295; x_wconf 86' lang='lat' dir='ltr'><strong>fuerit</strong></span> <span class='ocrx_word' id='word_1_222' title='bbox 1738 2228 1789 2296; x_wconf 92' lang='lat' dir='ltr'><strong>vel</strong></span> <span class='ocrx_word' id='word_1_223' title='bbox 1809 2236 1985 2314; x_wconf 82' lang='lat' dir='ltr'><strong>exceptum,</strong></span> 
     </span>
     <span class='ocr_line' id='line_1_22' title="bbox 434 2319 1987 2419; baseline -0.001 -17"><span class='ocrx_word' id='word_1_224' title='bbox 434 2332 671 2419; x_wconf 80' lang='lat' dir='ltr'><strong>prohibitiones,</strong></span> <span class='ocrx_word' id='word_1_225' title='bbox 693 2330 926 2415; x_wconf 89' lang='lat' dir='ltr'><strong>impedimenta,</strong></span> <span class='ocrx_word' id='word_1_226' title='bbox 947 2330 1130 2413; x_wconf 81' lang='lat' dir='ltr'><strong>gravamina</strong></span> <span class='ocrx_word' id='word_1_227' title='bbox 1151 2349 1189 2398; x_wconf 88' lang='lat' dir='ltr'><strong>ac</strong></span> <span class='ocrx_word' id='word_1_228' title='bbox 1210 2319 1379 2415; x_wconf 79' lang='lat' dir='ltr'><strong>¹processus</strong></span> <span class='ocrx_word' id='word_1_229' title='bbox 1408 2349 1504 2415; x_wconf 91' lang='lat' dir='ltr'><strong>super</strong></span> <span class='ocrx_word' id='word_1_230' title='bbox 1526 2330 1706 2398; x_wconf 88' lang='lat' dir='ltr'><strong>huiusmodi</strong></span> <span class='ocrx_word' id='word_1_231' title='bbox 1731 2331 1835 2400; x_wconf 91' lang='lat' dir='ltr'><strong>causis</strong></span> <span class='ocrx_word' id='word_1_232' title='bbox 1861 2349 1987 2400; x_wconf 86' lang='lat' dir='ltr'><strong>revoca·</strong></span> 
     </span>
     <span class='ocr_line' id='line_1_23' title="bbox 431 2431 1987 2516; baseline 0 -14"><span class='ocrx_word' id='word_1_233' title='bbox 431 2437 536 2504; x_wconf 83' lang='lat' dir='ltr'><strong>verint</strong></span> <span class='ocrx_word' id='word_1_234' title='bbox 553 2453 625 2503; x_wconf 92' lang='lat' dir='ltr'><strong>curn</strong></span> <span class='ocrx_word' id='word_1_235' title='bbox 645 2432 760 2502; x_wconf 82' lang='lat' dir='ltr'><strong>ellectu</strong></span> <span class='ocrx_word' id='word_1_236' title='bbox 780 2451 818 2499; x_wconf 90' lang='lat' dir='ltr'><strong>ac</strong></span> <span class='ocrx_word' id='word_1_237' title='bbox 839 2431 1035 2516; x_wconf 87' lang='lat' dir='ltr'><strong>procedendo</strong></span> <span class='ocrx_word' id='word_1_238' title='bbox 1056 2432 1089 2499; x_wconf 92' lang='lat' dir='ltr'><strong>in</strong></span> <span class='ocrx_word' id='word_1_239' title='bbox 1110 2434 1215 2500; x_wconf 90' lang='lat' dir='ltr'><strong>causis</strong></span> <span class='ocrx_word' id='word_1_240' title='bbox 1236 2432 1416 2500; x_wconf 89' lang='lat' dir='ltr'><strong>huiusmodi</strong></span> <span class='ocrx_word' id='word_1_241' title='bbox 1438 2433 1630 2516; x_wconf 87' lang='lat' dir='ltr'><strong>destiterint,</strong></span> <span class='ocrx_word' id='word_1_242' title='bbox 1656 2434 1726 2516; x_wconf 92' lang='lat' dir='ltr'><strong>ipso</strong></span> <span class='ocrx_word' id='word_1_243' title='bbox 1750 2432 1835 2501; x_wconf 88' lang='lat' dir='ltr'><strong>facto</strong></span> <span class='ocrx_word' id='word_1_244' title='bbox 1864 2452 1987 2502; x_wconf 83' lang='lat' dir='ltr'><strong>exeom-</strong></span> 
     </span>
     <span class='ocr_line' id='line_1_24' title="bbox 432 2533 1986 2620; baseline -0.003 -13"><span class='ocrx_word' id='word_1_245' title='bbox 432 2537 655 2607; x_wconf 88' lang='lat' dir='ltr'><strong>municationis</strong></span> <span class='ocrx_word' id='word_1_246' title='bbox 676 2534 834 2603; x_wconf 89' lang='lat' dir='ltr'><strong>sententie</strong></span> <span class='ocrx_word' id='word_1_247' title='bbox 855 2552 890 2602; x_wconf 89' lang='lat' dir='ltr'><strong>se</strong></span> <span class='ocrx_word' id='word_1_248' title='bbox 918 2535 1064 2601; x_wconf 90' lang='lat' dir='ltr'><strong>noverint</strong></span> <span class='ocrx_word' id='word_1_249' title='bbox 1087 2535 1259 2617; x_wconf 88' lang='lat' dir='ltr'><strong>subiacere,</strong></span> <span class='ocrx_word' id='word_1_250' title='bbox 1279 2554 1300 2601; x_wconf 89' lang='lat' dir='ltr'><strong>a</strong></span> <span class='ocrx_word' id='word_1_251' title='bbox 1320 2553 1394 2619; x_wconf 89' lang='lat' dir='ltr'><strong>qua,</strong></span> <span class='ocrx_word' id='word_1_252' title='bbox 1421 2552 1561 2618; x_wconf 89' lang='lat' dir='ltr'><strong>congrua</strong></span> <span class='ocrx_word' id='word_1_253' title='bbox 1585 2533 1800 2603; x_wconf 81' lang='lat' dir='ltr'><strong>satisfactione</strong></span> <span class='ocrx_word' id='word_1_254' title='bbox 1820 2537 1986 2620; x_wconf 85' lang='lat' dir='ltr'><strong>premissa,</strong></span> 
     </span>
     <span class='ocr_line' id='line_1_25' title="bbox 433 2636 1986 2726; baseline -0.002 -18"><span class='ocrx_word' id='word_1_255' title='bbox 433 2641 475 2711; x_wconf 89' lang='lat' dir='ltr'><strong>ab</strong></span> <span class='ocrx_word' id='word_1_256' title='bbox 496 2639 661 2726; x_wconf 89' lang='lat' dir='ltr'><strong>episcopia,</strong></span> <span class='ocrx_word' id='word_1_257' title='bbox 682 2639 717 2705; x_wconf 94' lang='lat' dir='ltr'><strong>in</strong></span> <span class='ocrx_word' id='word_1_258' title='bbox 739 2654 872 2722; x_wconf 88' lang='lat' dir='ltr'><strong>quorum</strong></span> <span class='ocrx_word' id='word_1_259' title='bbox 894 2637 1011 2704; x_wconf 83' lang='lat' dir='ltr'><strong>diocesi</strong></span> <span class='ocrx_word' id='word_1_260' title='bbox 1031 2655 1167 2721; x_wconf 84' lang='lat' dir='ltr'><strong>persona</strong></span> <span class='ocrx_word' id='word_1_261' title='bbox 1185 2637 1235 2704; x_wconf 90' lang='lat' dir='ltr'><strong>vel</strong></span> <span class='ocrx_word' id='word_1_262' title='bbox 1257 2656 1308 2705; x_wconf 90' lang='lat' dir='ltr'><strong>res</strong></span> <span class='ocrx_word' id='word_1_263' title='bbox 1332 2655 1428 2722; x_wconf 89' lang='lat' dir='ltr'><strong>super</strong></span> <span class='ocrx_word' id='word_1_264' title='bbox 1450 2636 1566 2721; x_wconf 89' lang='lat' dir='ltr'><strong>quibus</strong></span> <span class='ocrx_word' id='word_1_265' title='bbox 1588 2636 1640 2704; x_wconf 92' lang='lat' dir='ltr'><strong>vel</strong></span> <span class='ocrx_word' id='word_1_266' title='bbox 1665 2642 1777 2706; x_wconf 90' lang='lat' dir='ltr'><strong>eontra</strong></span> <span class='ocrx_word' id='word_1_267' title='bbox 1804 2655 1886 2721; x_wconf 90' lang='lat' dir='ltr'><strong>quos</strong></span> <span class='ocrx_word' id='word_1_268' title='bbox 1912 2655 1986 2721; x_wconf 90' lang='lat' dir='ltr'><strong>pro·</strong></span> 
     </span>
     <span class='ocr_line' id='line_1_26' title="bbox 432 2731 1954 2824; baseline -0.005 -11"><span class='ocrx_word' id='word_1_269' title='bbox 432 2745 586 2813; x_wconf 87' lang='lat' dir='ltr'><strong>cesserint</strong></span> <span class='ocrx_word' id='word_1_270' title='bbox 606 2742 649 2810; x_wconf 91' lang='lat' dir='ltr'><strong>sit</strong></span> <span class='ocrx_word' id='word_1_271' title='bbox 670 2741 853 2821; x_wconf 87' lang='lat' dir='ltr'><strong>constituta,</strong></span> <span class='ocrx_word' id='word_1_272' title='bbox 875 2739 965 2806; x_wconf 80' lang='lat' dir='ltr'><strong>iuxta</strong></span> <span class='ocrx_word' id='word_1_273' title='bbox 985 2739 1119 2806; x_wconf 89' lang='lat' dir='ltr'><strong>formam</strong></span> <span class='ocrx_word' id='word_1_274' title='bbox 1140 2739 1281 2808; x_wconf 79' lang='lat' dir='ltr'><strong>Ecclesia</strong></span> <span class='ocrx_word' id='word_1_275' title='bbox 1302 2741 1426 2824; x_wconf 86' lang='lat' dir='ltr'><strong>possint</strong></span> <span class='ocrx_word' id='word_1_276' title='bbox 1443 2740 1573 2808; x_wconf 89' lang='lat' dir='ltr'><strong>absolvi.</strong></span> <span class='ocrx_word' id='word_1_277' title='bbox 1949 2731 1954 2746; x_wconf 56' lang='lat'><strong><em>¹</em></strong></span> 
     </span>
    </p>

    <p class='ocr_par' dir='ltr' id='par_1_4' title="bbox 375 2841 2049 5087">
     <span class='ocr_line' id='line_1_27' title="bbox 537 2841 1987 2928; baseline -0.001 -15"><span class='ocrx_word' id='word_1_278' title='bbox 537 2849 583 2913; x_wconf 83' lang='lat' dir='ltr'><strong>Be</strong></span> <span class='ocrx_word' id='word_1_279' title='bbox 600 2849 787 2911; x_wconf 67' lang='lat' dir='ltr'><strong>madore</strong></span> <span class='ocrx_word' id='word_1_280' title='bbox 807 2847 1018 2908; x_wconf 77' lang='lat' dir='ltr'><strong>coelectastioa.</strong></span> <span class='ocrx_word' id='word_1_281' title='bbox 1062 2841 1165 2922; x_wconf 84' lang='lat' dir='ltr'><strong>Quum</strong></span> <span class='ocrx_word' id='word_1_282' title='bbox 1186 2861 1304 2928; x_wconf 83' lang='lat' dir='ltr'><strong>regum,</strong></span> <span class='ocrx_word' id='word_1_283' title='bbox 1333 2844 1520 2928; x_wconf 90' lang='lat' dir='ltr'><strong>principum,</strong></span> <span class='ocrx_word' id='word_1_284' title='bbox 1544 2842 1697 2910; x_wconf 89' lang='lat' dir='ltr'><strong>baronum</strong></span> <span class='ocrx_word' id='word_1_285' title='bbox 1717 2847 1751 2909; x_wconf 91' lang='lat' dir='ltr'><strong>et</strong></span> <span class='ocrx_word' id='word_1_286' title='bbox 1771 2842 1906 2909; x_wconf 89' lang='lat' dir='ltr'><strong>aliorum</strong></span> <span class='ocrx_word' id='word_1_287' title='bbox 1935 2861 1987 2912; x_wconf 88' lang='lat' dir='ltr'><strong>ea·</strong></span> 
     </span>
     <span class='ocr_line' id='line_1_28' title="bbox 433 2943 1988 3029; baseline -0.002 -12"><span class='ocrx_word' id='word_1_288' title='bbox 433 2949 622 3017; x_wconf 89' lang='lat' dir='ltr'><strong>tholicorum</strong></span> <span class='ocrx_word' id='word_1_289' title='bbox 644 2944 784 3013; x_wconf 91' lang='lat' dir='ltr'><strong>fidelium</strong></span> <span class='ocrx_word' id='word_1_290' title='bbox 804 2946 966 3029; x_wconf 89' lang='lat' dir='ltr'><strong>proprium</strong></span> <span class='ocrx_word' id='word_1_291' title='bbox 989 2949 1022 3011; x_wconf 90' lang='lat' dir='ltr'><strong>et</strong></span> <span class='ocrx_word' id='word_1_292' title='bbox 1042 2945 1200 3029; x_wconf 89' lang='lat' dir='ltr'><strong>peculiare</strong></span> <span class='ocrx_word' id='word_1_293' title='bbox 1222 2944 1416 3028; x_wconf 88' lang='lat' dir='ltr'><strong>abantiquo</strong></span> <span class='ocrx_word' id='word_1_294' title='bbox 1438 2943 1536 3012; x_wconf 83' lang='lat' dir='ltr'><strong>finisse</strong></span> <span class='ocrx_word' id='word_1_295' title='bbox 1553 2950 1712 3025; x_wconf 88' lang='lat' dir='ltr'><strong>noscatur,</strong></span> <span class='ocrx_word' id='word_1_296' title='bbox 1740 2944 1899 3027; x_wconf 82' lang='lat' dir='ltr'><strong>ecclesias,</strong></span> <span class='ocrx_word' id='word_1_297' title='bbox 1920 2963 1988 3014; x_wconf 90' lang='lat' dir='ltr'><strong>nro·</strong></span> 
     </span>
     <span class='ocr_line' id='line_1_29' title="bbox 423 3035 2049 3134; baseline -0.004 -13"><span class='ocrx_word' id='word_1_298' title='bbox 423 3051 573 3129; x_wconf 81' lang='lat' dir='ltr'><strong>,nasteria</strong></span> <span class='ocrx_word' id='word_1_299' title='bbox 590 3049 722 3134; x_wconf 87' lang='lat' dir='ltr'><strong>locaque</strong></span> <span class='ocrx_word' id='word_1_300' title='bbox 743 3066 835 3116; x_wconf 91' lang='lat' dir='ltr'><strong>sacra</strong></span> <span class='ocrx_word' id='word_1_301' title='bbox 855 3047 923 3114; x_wconf 90' lang='lat' dir='ltr'><strong>Deo</strong></span> <span class='ocrx_word' id='word_1_302' title='bbox 944 3046 1098 3128; x_wconf 89' lang='lat' dir='ltr'><strong>edificare,</strong></span> <span class='ocrx_word' id='word_1_303' title='bbox 1118 3047 1297 3115; x_wconf 73' lang='lat' dir='ltr'><strong>dmhuetas</strong></span> <span class='ocrx_word' id='word_1_304' title='bbox 1319 3048 1394 3114; x_wconf 78' lang='lat' dir='ltr'><strong>iero</strong></span> <span class='ocrx_word' id='word_1_305' title='bbox 1415 3047 1482 3114; x_wconf 89' lang='lat' dir='ltr'><strong>sive</strong></span> <span class='ocrx_word' id='word_1_306' title='bbox 1503 3047 1654 3129; x_wconf 86' lang='lat' dir='ltr'><strong>concisas,</strong></span> <span class='ocrx_word' id='word_1_307' title='bbox 1675 3053 1732 3113; x_wconf 89' lang='lat' dir='ltr'><strong>aut</strong></span> <span class='ocrx_word' id='word_1_308' title='bbox 1752 3047 1786 3113; x_wconf 94' lang='lat' dir='ltr'><strong>in</strong></span> <span class='ocrx_word' id='word_1_309' title='bbox 1808 3064 1843 3114; x_wconf 91' lang='lat' dir='ltr'><strong>se</strong></span> <span class='ocrx_word' id='word_1_310' title='bbox 1865 3048 1932 3115; x_wconf 89' lang='lat' dir='ltr'><strong>sive</strong></span> <span class='ocrx_word' id='word_1_311' title='bbox 1953 3049 1987 3115; x_wconf 93' lang='lat' dir='ltr'><strong>in</strong></span> <span class='ocrx_word' id='word_1_312' title='bbox 2045 3035 2049 3042; x_wconf 73' lang='grc'><strong>’</strong></span> 
     </span>
     <span class='ocr_line' id='line_1_30' title="bbox 432 3148 1988 3235; baseline -0.003 -13"><span class='ocrx_word' id='word_1_313' title='bbox 432 3153 596 3235; x_wconf 85' lang='lat' dir='ltr'><strong>ministris,</strong></span> <span class='ocrx_word' id='word_1_314' title='bbox 618 3151 668 3219; x_wconf 93' lang='lat' dir='ltr'><strong>vel</strong></span> <span class='ocrx_word' id='word_1_315' title='bbox 689 3152 722 3217; x_wconf 93' lang='lat' dir='ltr'><strong>in</strong></span> <span class='ocrx_word' id='word_1_316' title='bbox 745 3149 960 3230; x_wconf 90' lang='lat' dir='ltr'><strong>facultatibus,</strong></span> <span class='ocrx_word' id='word_1_317' title='bbox 980 3148 1110 3231; x_wconf 90' lang='lat' dir='ltr'><strong>iuribus,</strong></span> <span class='ocrx_word' id='word_1_318' title='bbox 1133 3149 1304 3234; x_wconf 88' lang='lat' dir='ltr'><strong>privilegiis</strong></span> <span class='ocrx_word' id='word_1_319' title='bbox 1325 3149 1375 3216; x_wconf 92' lang='lat' dir='ltr'><strong>vel</strong></span> <span class='ocrx_word' id='word_1_320' title='bbox 1396 3148 1649 3216; x_wconf 91' lang='lat' dir='ltr'><strong>immunitatibus</strong></span> <span class='ocrx_word' id='word_1_321' title='bbox 1670 3149 1736 3216; x_wconf 91' lang='lat' dir='ltr'><strong>suis</strong></span> <span class='ocrx_word' id='word_1_322' title='bbox 1750 3149 1908 3217; x_wconf 90' lang='lat' dir='ltr'><strong>diminuta</strong></span> <span class='ocrx_word' id='word_1_323' title='bbox 1922 3151 1988 3218; x_wconf 90' lang='lat' dir='ltr'><strong>sive</strong></span> 
     </span>
     <span class='ocr_line' id='line_1_31' title="bbox 432 3250 1987 3343; baseline -0.004 -17"><span class='ocrx_word' id='word_1_324' title='bbox 432 3273 584 3343; x_wconf 86' lang='lat' dir='ltr'><strong>oppressa</strong></span> <span class='ocrx_word' id='word_1_325' title='bbox 603 3253 753 3334; x_wconf 88' lang='lat' dir='ltr'><strong>relevare,</strong></span> <span class='ocrx_word' id='word_1_326' title='bbox 776 3250 915 3334; x_wconf 89' lang='lat' dir='ltr'><strong>relicere,</strong></span> <span class='ocrx_word' id='word_1_327' title='bbox 933 3250 1100 3319; x_wconf 87' lang='lat' dir='ltr'><strong>defendere</strong></span> <span class='ocrx_word' id='word_1_328' title='bbox 1121 3253 1274 3320; x_wconf 86' lang='lat' dir='ltr'><strong>ucetiam</strong></span> <span class='ocrx_word' id='word_1_329' title='bbox 1295 3258 1485 3334; x_wconf 88' lang='lat' dir='ltr'><strong>restaurare,</strong></span> <span class='ocrx_word' id='word_1_330' title='bbox 1508 3259 1605 3336; x_wconf 90' lang='lat' dir='ltr'><strong>prout</strong></span> <span class='ocrx_word' id='word_1_331' title='bbox 1625 3270 1682 3336; x_wconf 88' lang='lat' dir='ltr'><strong>per</strong></span> <span class='ocrx_word' id='word_1_332' title='bbox 1695 3251 1772 3320; x_wconf 87' lang='lat' dir='ltr'><strong>facti</strong></span> <span class='ocrx_word' id='word_1_333' title='bbox 1786 3251 1987 3335; x_wconf 88' lang='lat' dir='ltr'><strong>evidentiam,</strong></span> 
     </span>
     <span class='ocr_line' id='line_1_32' title="bbox 375 3352 1990 3443; baseline -0.001 -17"><span class='ocrx_word' id='word_1_334' title='bbox 375 3410 378 3413; x_wconf 82' lang='lat'>-</span> <span class='ocrx_word' id='word_1_335' title='bbox 432 3359 656 3443; x_wconf 86' lang='lat' dir='ltr'><strong>videlicetper</strong></span> <span class='ocrx_word' id='word_1_336' title='bbox 677 3352 916 3436; x_wconf 88' lang='lat' dir='ltr'><strong>edificationem,</strong></span> <span class='ocrx_word' id='word_1_337' title='bbox 936 3354 1137 3422; x_wconf 90' lang='lat' dir='ltr'><strong>refectionem</strong></span> <span class='ocrx_word' id='word_1_338' title='bbox 1164 3360 1198 3422; x_wconf 90' lang='lat' dir='ltr'><strong>et</strong></span> <span class='ocrx_word' id='word_1_339' title='bbox 1225 3355 1458 3439; x_wconf 89' lang='lat' dir='ltr'><strong>reparationem</strong></span> <span class='ocrx_word' id='word_1_340' title='bbox 1487 3355 1690 3423; x_wconf 83' lang='lat' dir='ltr'><strong>ecclesiarum</strong></span> <span class='ocrx_word' id='word_1_341' title='bbox 1719 3360 1753 3422; x_wconf 90' lang='lat' dir='ltr'><strong>ct</strong></span> <span class='ocrx_word' id='word_1_342' title='bbox 1781 3356 1990 3424; x_wconf 88' lang='lat' dir='ltr'><strong>monasterio·</strong></span> 
     </span>
     <span class='ocr_line' id='line_1_33' title="bbox 432 3455 1989 3545; baseline -0.004 -15"><span class='ocrx_word' id='word_1_343' title='bbox 432 3481 514 3545; x_wconf 91' lang='lat' dir='ltr'><strong>rum,</strong></span> <span class='ocrx_word' id='word_1_344' title='bbox 535 3459 646 3529; x_wconf 88' lang='lat' dir='ltr'><strong>multis</strong></span> <span class='ocrx_word' id='word_1_345' title='bbox 661 3464 694 3526; x_wconf 91' lang='lat' dir='ltr'><strong>ct</strong></span> <span class='ocrx_word' id='word_1_346' title='bbox 716 3457 790 3525; x_wconf 90' lang='lat' dir='ltr'><strong>latis</strong></span> <span class='ocrx_word' id='word_1_347' title='bbox 805 3457 1062 3542; x_wconf 79' lang='lat' dir='ltr'><strong>possessionibus,</strong></span> <span class='ocrx_word' id='word_1_348' title='bbox 1085 3455 1226 3538; x_wconf 89' lang='lat' dir='ltr'><strong>edificiis,</strong></span> <span class='ocrx_word' id='word_1_349' title='bbox 1249 3456 1382 3540; x_wconf 89' lang='lat' dir='ltr'><strong>iuribus,</strong></span> <span class='ocrx_word' id='word_1_350' title='bbox 1401 3456 1583 3541; x_wconf 87' lang='lat' dir='ltr'><strong>privilegiis,</strong></span> <span class='ocrx_word' id='word_1_351' title='bbox 1607 3457 1814 3541; x_wconf 87' lang='lat' dir='ltr'><strong>prerogativis</strong></span> <span class='ocrx_word' id='word_1_352' title='bbox 1828 3462 1863 3524; x_wconf 92' lang='lat' dir='ltr'><strong>et</strong></span> <span class='ocrx_word' id='word_1_353' title='bbox 1876 3457 1989 3524; x_wconf 91' lang='lat' dir='ltr'><strong>immu-</strong></span> 
     </span>
     <span class='ocr_line' id='line_1_34' title="bbox 432 3557 1986 3644; baseline -0.002 -11"><span class='ocrx_word' id='word_1_354' title='bbox 432 3563 587 3633; x_wconf 80' lang='lat' dir='ltr'><strong>nitatibus</strong></span> <span class='ocrx_word' id='word_1_355' title='bbox 605 3561 797 3642; x_wconf 85' lang='lat' dir='ltr'><strong>dotatorum,</strong></span> <span class='ocrx_word' id='word_1_356' title='bbox 819 3560 994 3644; x_wconf 88' lang='lat' dir='ltr'><strong>antiquitas</strong></span> <span class='ocrx_word' id='word_1_357' title='bbox 1014 3559 1085 3643; x_wconf 91' lang='lat' dir='ltr'><strong>ipsa</strong></span> <span class='ocrx_word' id='word_1_358' title='bbox 1105 3557 1191 3626; x_wconf 90' lang='lat' dir='ltr'><strong>omni</strong></span> <span class='ocrx_word' id='word_1_359' title='bbox 1220 3557 1315 3642; x_wconf 89' lang='lat' dir='ltr'><strong>digna</strong></span> <span class='ocrx_word' id='word_1_360' title='bbox 1336 3559 1538 3626; x_wconf 89' lang='lat' dir='ltr'><strong>veneratione</strong></span> <span class='ocrx_word' id='word_1_361' title='bbox 1567 3565 1601 3625; x_wconf 89' lang='lat' dir='ltr'><strong>et</strong></span> <span class='ocrx_word' id='word_1_362' title='bbox 1627 3560 1805 3628; x_wconf 81' lang='lat' dir='ltr'><strong>imitatione</strong></span> <span class='ocrx_word' id='word_1_363' title='bbox 1835 3566 1986 3630; x_wconf 88' lang='lat' dir='ltr'><strong>testatur:</strong></span> 
     </span>
     <span class='ocr_line' id='line_1_35' title="bbox 432 3660 1989 3752; baseline -0.004 -16"><span class='ocrx_word' id='word_1_364' title='bbox 432 3667 568 3736; x_wconf 88' lang='lat' dir='ltr'><strong>multam</strong></span> <span class='ocrx_word' id='word_1_365' title='bbox 589 3664 731 3752; x_wconf 88' lang='lat' dir='ltr'><strong>profecto</strong></span> <span class='ocrx_word' id='word_1_366' title='bbox 752 3662 793 3731; x_wconf 89' lang='lat' dir='ltr'><strong>ab</strong></span> <span class='ocrx_word' id='word_1_367' title='bbox 814 3663 1017 3747; x_wconf 89' lang='lat' dir='ltr'><strong>antiquorum</strong></span> <span class='ocrx_word' id='word_1_368' title='bbox 1037 3667 1071 3729; x_wconf 90' lang='lat' dir='ltr'><strong>et</strong></span> <span class='ocrx_word' id='word_1_369' title='bbox 1092 3661 1248 3729; x_wconf 87' lang='lat' dir='ltr'><strong>maiorum</strong></span> <span class='ocrx_word' id='word_1_370' title='bbox 1275 3679 1403 3728; x_wconf 83' lang='lat' dir='ltr'><strong>suomm</strong></span> <span class='ocrx_word' id='word_1_371' title='bbox 1430 3660 1578 3729; x_wconf 79' lang='lat' dir='ltr'><strong>videnhur</strong></span> <span class='ocrx_word' id='word_1_372' title='bbox 1601 3662 1742 3746; x_wconf 83' lang='lat' dir='ltr'><strong>vestigiis</strong></span> <span class='ocrx_word' id='word_1_373' title='bbox 1771 3663 1907 3745; x_wconf 89' lang='lat' dir='ltr'><strong>deviare,</strong></span> <span class='ocrx_word' id='word_1_374' title='bbox 1933 3664 1989 3748; x_wconf 89' lang='lat' dir='ltr'><strong>qui</strong></span> 
     </span>
     <span class='ocr_line' id='line_1_36' title="bbox 434 3762 1990 3852; baseline -0.003 -14"><span class='ocrx_word' id='word_1_375' title='bbox 434 3768 584 3838; x_wconf 86' lang='lat' dir='ltr'><strong>ecclesias</strong></span> <span class='ocrx_word' id='word_1_376' title='bbox 602 3767 688 3852; x_wconf 88' lang='lat' dir='ltr'><strong>ipsas</strong></span> <span class='ocrx_word' id='word_1_377' title='bbox 709 3766 759 3832; x_wconf 92' lang='lat' dir='ltr'><strong>vel</strong></span> <span class='ocrx_word' id='word_1_378' title='bbox 781 3783 889 3832; x_wconf 87' lang='lat' dir='ltr'><strong>earum</strong></span> <span class='ocrx_word' id='word_1_379' title='bbox 911 3763 994 3831; x_wconf 92' lang='lat' dir='ltr'><strong>bona</strong></span> <span class='ocrx_word' id='word_1_380' title='bbox 1015 3782 1072 3831; x_wconf 90' lang='lat' dir='ltr'><strong>seu</strong></span> <span class='ocrx_word' id='word_1_381' title='bbox 1092 3764 1164 3830; x_wconf 92' lang='lat' dir='ltr'><strong>iura</strong></span> <span class='ocrx_word' id='word_1_382' title='bbox 1184 3762 1364 3846; x_wconf 88' lang='lat' dir='ltr'><strong>destruunt,</strong></span> <span class='ocrx_word' id='word_1_383' title='bbox 1386 3763 1544 3846; x_wconf 80' lang='lat' dir='ltr'><strong>sdndunt,</strong></span> <span class='ocrx_word' id='word_1_384' title='bbox 1566 3771 1724 3849; x_wconf 90' lang='lat' dir='ltr'><strong>occupant</strong></span> <span class='ocrx_word' id='word_1_385' title='bbox 1749 3764 1799 3833; x_wconf 89' lang='lat' dir='ltr'><strong>vel</strong></span> <span class='ocrx_word' id='word_1_386' title='bbox 1826 3766 1990 3852; x_wconf 88' lang='lat' dir='ltr'><strong>invadunt,</strong></span> 
     </span>
     <span class='ocr_line' id='line_1_37' title="bbox 433 3866 1989 3954; baseline -0.002 -14"><span class='ocrx_word' id='word_1_387' title='bbox 433 3891 491 3941; x_wconf 89' lang='lat' dir='ltr'><strong>seu</strong></span> <span class='ocrx_word' id='word_1_388' title='bbox 512 3889 623 3940; x_wconf 88' lang='lat' dir='ltr'><strong>earum</strong></span> <span class='ocrx_word' id='word_1_389' title='bbox 644 3868 810 3954; x_wconf 88' lang='lat' dir='ltr'><strong>privilegia</strong></span> <span class='ocrx_word' id='word_1_390' title='bbox 831 3872 865 3934; x_wconf 91' lang='lat' dir='ltr'><strong>et</strong></span> <span class='ocrx_word' id='word_1_391' title='bbox 886 3867 1102 3934; x_wconf 84' lang='lat' dir='ltr'><strong>immunitates</strong></span> <span class='ocrx_word' id='word_1_392' title='bbox 1124 3868 1315 3934; x_wconf 90' lang='lat' dir='ltr'><strong>imminuunt</strong></span> <span class='ocrx_word' id='word_1_393' title='bbox 1334 3876 1370 3935; x_wconf 93' lang='lat' dir='ltr'><strong>et</strong></span> <span class='ocrx_word' id='word_1_394' title='bbox 1387 3866 1572 3952; x_wconf 83' lang='lat' dir='ltr'><strong>infringunt,</strong></span> <span class='ocrx_word' id='word_1_395' title='bbox 1595 3873 1654 3935; x_wconf 91' lang='lat' dir='ltr'><strong>aut</strong></span> <span class='ocrx_word' id='word_1_396' title='bbox 1674 3868 1729 3951; x_wconf 93' lang='lat' dir='ltr'><strong>qui</strong></span> <span class='ocrx_word' id='word_1_397' title='bbox 1751 3867 1868 3935; x_wconf 87' lang='lat' dir='ltr'><strong>talibus</strong></span> <span class='ocrx_word' id='word_1_398' title='bbox 1891 3869 1989 3937; x_wconf 87' lang='lat' dir='ltr'><strong>tacite</strong></span> 
     </span>
     <span class='ocr_line' id='line_1_38' title="bbox 433 3969 1989 4060; baseline 0.001 -20"><span class='ocrx_word' id='word_1_399' title='bbox 433 3974 484 4042; x_wconf 87' lang='lat' dir='ltr'><strong>vel</strong></span> <span class='ocrx_word' id='word_1_400' title='bbox 505 3992 653 4060; x_wconf 85' lang='lat' dir='ltr'><strong>expresse</strong></span> <span class='ocrx_word' id='word_1_401' title='bbox 670 3972 882 4052; x_wconf 90' lang='lat' dir='ltr'><strong>consentiunt,</strong></span> <span class='ocrx_word' id='word_1_402' title='bbox 905 3988 961 4036; x_wconf 91' lang='lat' dir='ltr'><strong>seu</strong></span> <span class='ocrx_word' id='word_1_403' title='bbox 982 3971 1037 4054; x_wconf 92' lang='lat' dir='ltr'><strong>qui</strong></span> <span class='ocrx_word' id='word_1_404' title='bbox 1060 3970 1139 4038; x_wconf 85' lang='lat' dir='ltr'><strong>talia</strong></span> <span class='ocrx_word' id='word_1_405' title='bbox 1160 3976 1194 4037; x_wconf 91' lang='lat' dir='ltr'><strong>et</strong></span> <span class='ocrx_word' id='word_1_406' title='bbox 1215 3969 1265 4036; x_wconf 89' lang='lat' dir='ltr'><strong>his</strong></span> <span class='ocrx_word' id='word_1_407' title='bbox 1286 3970 1403 4037; x_wconf 89' lang='lat' dir='ltr'><strong>similia</strong></span> <span class='ocrx_word' id='word_1_408' title='bbox 1424 3976 1537 4038; x_wconf 90' lang='lat' dir='ltr'><strong>contra</strong></span> <span class='ocrx_word' id='word_1_409' title='bbox 1550 3969 1653 4037; x_wconf 89' lang='lat' dir='ltr'><strong>Deum</strong></span> <span class='ocrx_word' id='word_1_410' title='bbox 1668 3970 1798 4055; x_wconf 89' lang='lat' dir='ltr'><strong>eiusque</strong></span> <span class='ocrx_word' id='word_1_411' title='bbox 1811 3971 1989 4041; x_wconf 88' lang='lat' dir='ltr'><strong>Ecclesiam</strong></span> 
     </span>
     <span class='ocr_line' id='line_1_39' title="bbox 432 4072 1988 4161; baseline -0.001 -17"><span class='ocrx_word' id='word_1_412' title='bbox 432 4083 531 4161; x_wconf 91' lang='lat' dir='ltr'><strong>atque</strong></span> <span class='ocrx_word' id='word_1_413' title='bbox 552 4076 714 4144; x_wconf 89' lang='lat' dir='ltr'><strong>ministros</strong></span> <span class='ocrx_word' id='word_1_414' title='bbox 735 4073 831 4157; x_wconf 90' lang='lat' dir='ltr'><strong>impie</strong></span> <span class='ocrx_word' id='word_1_415' title='bbox 852 4073 1085 4141; x_wconf 82' lang='lat' dir='ltr'><strong>committentes</strong></span> <span class='ocrx_word' id='word_1_416' title='bbox 1104 4091 1161 4156; x_wconf 88' lang='lat' dir='ltr'><strong>per</strong></span> <span class='ocrx_word' id='word_1_417' title='bbox 1180 4077 1342 4156; x_wconf 90' lang='lat' dir='ltr'><strong>assumpte</strong></span> <span class='ocrx_word' id='word_1_418' title='bbox 1361 4073 1531 4156; x_wconf 87' lang='lat' dir='ltr'><strong>potestatis</strong></span> <span class='ocrx_word' id='word_1_419' title='bbox 1545 4072 1595 4140; x_wconf 90' lang='lat' dir='ltr'><strong>vel</strong></span> <span class='ocrx_word' id='word_1_420' title='bbox 1610 4073 1835 4141; x_wconf 86' lang='lat' dir='ltr'><strong>iurisdictionis</strong></span> <span class='ocrx_word' id='word_1_421' title='bbox 1851 4073 1988 4143; x_wconf 88' lang='lat' dir='ltr'><strong>officium</strong></span> 
     </span>
     <span class='ocr_line' id='line_1_40' title="bbox 435 4175 1989 4264; baseline -0.001 -16"><span class='ocrx_word' id='word_1_422' title='bbox 435 4199 499 4248; x_wconf 94' lang='lat' dir='ltr'><strong>non</strong></span> <span class='ocrx_word' id='word_1_423' title='bbox 520 4182 732 4264; x_wconf 88' lang='lat' dir='ltr'><strong>compescunt,</strong></span> <span class='ocrx_word' id='word_1_424' title='bbox 754 4182 788 4243; x_wconf 92' lang='lat' dir='ltr'><strong>et</strong></span> <span class='ocrx_word' id='word_1_425' title='bbox 807 4176 848 4243; x_wconf 94' lang='lat' dir='ltr'><strong>ab</strong></span> <span class='ocrx_word' id='word_1_426' title='bbox 869 4176 947 4260; x_wconf 89' lang='lat' dir='ltr'><strong>ipsis</strong></span> <span class='ocrx_word' id='word_1_427' title='bbox 961 4175 1112 4243; x_wconf 89' lang='lat' dir='ltr'><strong>desistere</strong></span> <span class='ocrx_word' id='word_1_428' title='bbox 1132 4194 1189 4259; x_wconf 89' lang='lat' dir='ltr'><strong>per</strong></span> <span class='ocrx_word' id='word_1_429' title='bbox 1206 4175 1347 4241; x_wconf 91' lang='lat' dir='ltr'><strong>remedia</strong></span> <span class='ocrx_word' id='word_1_430' title='bbox 1359 4182 1539 4259; x_wconf 89' lang='lat' dir='ltr'><strong>opportuna</strong></span> <span class='ocrx_word' id='word_1_431' title='bbox 1553 4195 1617 4243; x_wconf 93' lang='lat' dir='ltr'><strong>uon</strong></span> <span class='ocrx_word' id='word_1_432' title='bbox 1631 4182 1757 4260; x_wconf 91' lang='lat' dir='ltr'><strong>cogunt.</strong></span> <span class='ocrx_word' id='word_1_433' title='bbox 1783 4177 1989 4246; x_wconf 87' lang='lat' dir='ltr'><strong>Declaramus</strong></span> 
     </span>
     <span class='ocr_line' id='line_1_41' title="bbox 435 4279 1989 4370; baseline -0.003 -19"><span class='ocrx_word' id='word_1_434' title='bbox 435 4285 534 4370; x_wconf 89' lang='lat' dir='ltr'><strong>igitur</strong></span> <span class='ocrx_word' id='word_1_435' title='bbox 553 4289 651 4367; x_wconf 88' lang='lat' dir='ltr'><strong>atque</strong></span> <span class='ocrx_word' id='word_1_436' title='bbox 672 4281 878 4362; x_wconf 87' lang='lat' dir='ltr'><strong>decernimus,</strong></span> <span class='ocrx_word' id='word_1_437' title='bbox 901 4279 1047 4347; x_wconf 83' lang='lat' dir='ltr'><strong>ccclesias</strong></span> <span class='ocrx_word' id='word_1_438' title='bbox 1068 4286 1102 4345; x_wconf 90' lang='lat' dir='ltr'><strong>et</strong></span> <span class='ocrx_word' id='word_1_439' title='bbox 1122 4279 1353 4346; x_wconf 89' lang='lat' dir='ltr'><strong>ecclesiasticas</strong></span> <span class='ocrx_word' id='word_1_440' title='bbox 1375 4297 1525 4362; x_wconf 88' lang='lat' dir='ltr'><strong>personas</strong></span> <span class='ocrx_word' id='word_1_441' title='bbox 1554 4279 1596 4346; x_wconf 88' lang='lat' dir='ltr'><strong>ab</strong></span> <span class='ocrx_word' id='word_1_442' title='bbox 1624 4280 1768 4347; x_wconf 90' lang='lat' dir='ltr'><strong>omuibus</strong></span> <span class='ocrx_word' id='word_1_443' title='bbox 1794 4281 1934 4364; x_wconf 87' lang='lat' dir='ltr'><strong>angariis</strong></span> <span class='ocrx_word' id='word_1_444' title='bbox 1954 4287 1989 4349; x_wconf 91' lang='lat' dir='ltr'><strong>et</strong></span> 
     </span>
     <span class='ocr_line' id='line_1_42' title="bbox 433 4381 1990 4471; baseline 0.001 -20"><span class='ocrx_word' id='word_1_445' title='bbox 433 4385 637 4471; x_wconf 84' lang='lat' dir='ltr'><strong>perangariis,</strong></span> <span class='ocrx_word' id='word_1_446' title='bbox 663 4382 877 4451; x_wconf 74' lang='lat' dir='ltr'><strong>exactionibus</strong></span> <span class='ocrx_word' id='word_1_447' title='bbox 899 4387 933 4448; x_wconf 95' lang='lat' dir='ltr'><strong>ct</strong></span> <span class='ocrx_word' id='word_1_448' title='bbox 953 4381 1093 4448; x_wconf 88' lang='lat' dir='ltr'><strong>collectis</strong></span> <span class='ocrx_word' id='word_1_449' title='bbox 1111 4387 1145 4448; x_wconf 91' lang='lat' dir='ltr'><strong>et</strong></span> <span class='ocrx_word' id='word_1_450' title='bbox 1163 4382 1234 4448; x_wconf 89' lang='lat' dir='ltr'><strong>aliis</strong></span> <span class='ocrx_word' id='word_1_451' title='bbox 1256 4381 1595 4465; x_wconf 86' lang='lat' dir='ltr'><strong>superinductionibus,</strong></span> <span class='ocrx_word' id='word_1_452' title='bbox 1617 4382 1764 4450; x_wconf 89' lang='lat' dir='ltr'><strong>oneribus</strong></span> <span class='ocrx_word' id='word_1_453' title='bbox 1792 4391 1826 4451; x_wconf 86' lang='lat' dir='ltr'><strong>et</strong></span> <span class='ocrx_word' id='word_1_454' title='bbox 1851 4385 1990 4452; x_wconf 89' lang='lat' dir='ltr'><strong>muneri·</strong></span> 
     </span>
     <span class='ocr_line' id='line_1_43' title="bbox 433 4485 1987 4571; baseline -0.002 -14"><span class='ocrx_word' id='word_1_455' title='bbox 433 4489 492 4557; x_wconf 90' lang='lat' dir='ltr'><strong>bus</strong></span> <span class='ocrx_word' id='word_1_456' title='bbox 506 4488 640 4557; x_wconf 81' lang='lat' dir='ltr'><strong>soniidis</strong></span> <span class='ocrx_word' id='word_1_457' title='bbox 655 4488 817 4567; x_wconf 85' lang='lat' dir='ltr'><strong>laicorum,</strong></span> <span class='ocrx_word' id='word_1_458' title='bbox 840 4505 960 4553; x_wconf 93' lang='lat' dir='ltr'><strong>necnon</strong></span> <span class='ocrx_word' id='word_1_459' title='bbox 972 4503 993 4551; x_wconf 92' lang='lat' dir='ltr'><strong>n</strong></span> <span class='ocrx_word' id='word_1_460' title='bbox 1007 4485 1252 4569; x_wconf 88' lang='lat' dir='ltr'><strong>prestationibus</strong></span> <span class='ocrx_word' id='word_1_461' title='bbox 1267 4485 1468 4566; x_wconf 88' lang='lat' dir='ltr'><strong>tributorum,</strong></span> <span class='ocrx_word' id='word_1_462' title='bbox 1484 4485 1688 4568; x_wconf 90' lang='lat' dir='ltr'><strong>pedagiorum</strong></span> <span class='ocrx_word' id='word_1_463' title='bbox 1703 4504 1760 4552; x_wconf 92' lang='lat' dir='ltr'><strong>scu</strong></span> <span class='ocrx_word' id='word_1_464' title='bbox 1775 4488 1987 4571; x_wconf 85' lang='lat' dir='ltr'><strong>vectigalium,</strong></span> 
     </span>
     <span class='ocr_line' id='line_1_44' title="bbox 434 4588 1988 4676; baseline -0.003 -15"><span class='ocrx_word' id='word_1_465' title='bbox 434 4611 491 4676; x_wconf 93' lang='lat' dir='ltr'><strong>pro</strong></span> <span class='ocrx_word' id='word_1_466' title='bbox 522 4590 740 4661; x_wconf 85' lang='lat' dir='ltr'><strong>ecclesiasticis</strong></span> <span class='ocrx_word' id='word_1_467' title='bbox 772 4589 913 4673; x_wconf 82' lang='lat' dir='ltr'><strong>personis</strong></span> <span class='ocrx_word' id='word_1_468' title='bbox 945 4588 1156 4655; x_wconf 88' lang='lat' dir='ltr'><strong>evectionibus</strong></span> <span class='ocrx_word' id='word_1_469' title='bbox 1189 4594 1223 4656; x_wconf 93' lang='lat' dir='ltr'><strong>ct</strong></span> <span class='ocrx_word' id='word_1_470' title='bbox 1255 4588 1348 4654; x_wconf 88' lang='lat' dir='ltr'><strong>rebus</strong></span> <span class='ocrx_word' id='word_1_471' title='bbox 1381 4589 1531 4672; x_wconf 87' lang='lat' dir='ltr'><strong>ipsorum,</strong></span> <span class='ocrx_word' id='word_1_472' title='bbox 1569 4588 1625 4672; x_wconf 92' lang='lat' dir='ltr'><strong>qui</strong></span> <span class='ocrx_word' id='word_1_473' title='bbox 1655 4606 1717 4655; x_wconf 93' lang='lat' dir='ltr'><strong>non</strong></span> <span class='ocrx_word' id='word_1_474' title='bbox 1748 4608 1845 4657; x_wconf 88' lang='lat' dir='ltr'><strong>causa</strong></span> <span class='ocrx_word' id='word_1_475' title='bbox 1876 4591 1988 4658; x_wconf 90' lang='lat' dir='ltr'><strong>merci·</strong></span> 
     </span>
     <span class='ocr_line' id='line_1_45' title="bbox 435 4690 1988 4778; baseline 0 -18"><span class='ocrx_word' id='word_1_476' title='bbox 435 4695 531 4762; x_wconf 89' lang='lat' dir='ltr'><strong>monii</strong></span> <span class='ocrx_word' id='word_1_477' title='bbox 552 4695 617 4762; x_wconf 87' lang='lat' dir='ltr'><strong>sive</strong></span> <span class='ocrx_word' id='word_1_478' title='bbox 640 4693 873 4778; x_wconf 82' lang='lat' dir='ltr'><strong>negotiationis,</strong></span> <span class='ocrx_word' id='word_1_479' title='bbox 896 4691 952 4757; x_wconf 90' lang='lat' dir='ltr'><strong>sed</strong></span> <span class='ocrx_word' id='word_1_480' title='bbox 974 4709 1031 4775; x_wconf 92' lang='lat' dir='ltr'><strong>pro</strong></span> <span class='ocrx_word' id='word_1_481' title='bbox 1052 4691 1118 4756; x_wconf 91' lang='lat' dir='ltr'><strong>suis</strong></span> <span class='ocrx_word' id='word_1_482' title='bbox 1139 4697 1173 4758; x_wconf 86' lang='lat' dir='ltr'><strong>cl</strong></span> <span class='ocrx_word' id='word_1_483' title='bbox 1192 4691 1393 4758; x_wconf 90' lang='lat' dir='ltr'><strong>ecclesiarum</strong></span> <span class='ocrx_word' id='word_1_484' title='bbox 1415 4709 1543 4756; x_wconf 91' lang='lat' dir='ltr'><strong>suarum</strong></span> <span class='ocrx_word' id='word_1_485' title='bbox 1571 4690 1812 4758; x_wconf 86' lang='lat' dir='ltr'><strong>necessitatibus</strong></span> <span class='ocrx_word' id='word_1_486' title='bbox 1839 4713 1897 4776; x_wconf 91' lang='lat' dir='ltr'><strong>per</strong></span> <span class='ocrx_word' id='word_1_487' title='bbox 1923 4699 1988 4760; x_wconf 89' lang='lat' dir='ltr'><strong>ter·</strong></span> 
     </span>
     <span class='ocr_line' id='line_1_46' title="bbox 435 4793 1989 4882; baseline -0.001 -19"><span class='ocrx_word' id='word_1_488' title='bbox 435 4815 502 4866; x_wconf 88' lang='lat' dir='ltr'><strong>ram</strong></span> <span class='ocrx_word' id='word_1_489' title='bbox 524 4798 591 4865; x_wconf 88' lang='lat' dir='ltr'><strong>sive</strong></span> <span class='ocrx_word' id='word_1_490' title='bbox 612 4817 669 4882; x_wconf 91' lang='lat' dir='ltr'><strong>per</strong></span> <span class='ocrx_word' id='word_1_491' title='bbox 689 4815 805 4880; x_wconf 85' lang='lat' dir='ltr'><strong>aquam</strong></span> <span class='ocrx_word' id='word_1_492' title='bbox 827 4794 947 4860; x_wconf 90' lang='lat' dir='ltr'><strong>ducunt</strong></span> <span class='ocrx_word' id='word_1_493' title='bbox 969 4812 1025 4860; x_wconf 90' lang='lat' dir='ltr'><strong>seu</strong></span> <span class='ocrx_word' id='word_1_494' title='bbox 1047 4800 1223 4874; x_wconf 83' lang='lat' dir='ltr'><strong>tnnnseunt,</strong></span> <span class='ocrx_word' id='word_1_495' title='bbox 1246 4795 1372 4859; x_wconf 89' lang='lat' dir='ltr'><strong>omniuo</strong></span> <span class='ocrx_word' id='word_1_496' title='bbox 1394 4793 1548 4859; x_wconf 83' lang='lat' dir='ltr'><strong>immunes</strong></span> <span class='ocrx_word' id='word_1_497' title='bbox 1570 4799 1604 4860; x_wconf 90' lang='lat' dir='ltr'><strong>et</strong></span> <span class='ocrx_word' id='word_1_498' title='bbox 1625 4800 1786 4878; x_wconf 82' lang='lat' dir='ltr'><strong>exemptos</strong></span> <span class='ocrx_word' id='word_1_499' title='bbox 1808 4813 1878 4861; x_wconf 91' lang='lat' dir='ltr'><strong>csse</strong></span> <span class='ocrx_word' id='word_1_500' title='bbox 1898 4796 1989 4862; x_wconf 84' lang='lat' dir='ltr'><strong>iuxta</strong></span> 
     </span>
     <span class='ocr_line' id='line_1_47' title="bbox 436 4896 1987 4981; baseline -0.001 -14"><span class='ocrx_word' id='word_1_501' title='bbox 436 4901 600 4967; x_wconf 87' lang='lat' dir='ltr'><strong>canonicas</strong></span> <span class='ocrx_word' id='word_1_502' title='bbox 621 4907 655 4967; x_wconf 90' lang='lat' dir='ltr'><strong>ct</strong></span> <span class='ocrx_word' id='word_1_503' title='bbox 673 4899 829 4980; x_wconf 73' lang='lat' dir='ltr'><strong>legitimas</strong></span> <span class='ocrx_word' id='word_1_504' title='bbox 851 4898 1040 4978; x_wconf 87' lang='lat' dir='ltr'><strong>sanctiones,</strong></span> <span class='ocrx_word' id='word_1_505' title='bbox 1063 4917 1119 4965; x_wconf 84' lang='lat' dir='ltr'><strong>nce</strong></span> <span class='ocrx_word' id='word_1_506' title='bbox 1134 4918 1191 4981; x_wconf 87' lang='lat' dir='ltr'><strong>por</strong></span> <span class='ocrx_word' id='word_1_507' title='bbox 1211 4898 1344 4980; x_wconf 87' lang='lat' dir='ltr'><strong>aliquos,</strong></span> <span class='ocrx_word' id='word_1_508' title='bbox 1372 4896 1596 4980; x_wconf 79' lang='lat' dir='ltr'><strong>cuiuscumque</strong></span> <span class='ocrx_word' id='word_1_509' title='bbox 1622 4896 1812 4979; x_wconf 88' lang='lat' dir='ltr'><strong>altitudinis,</strong></span> <span class='ocrx_word' id='word_1_510' title='bbox 1844 4897 1987 4965; x_wconf 86' lang='lat' dir='ltr'><strong>iurisdic-</strong></span> 
     </span>
     <span class='ocr_line' id='line_1_48' title="bbox 438 4999 1863 5087; baseline -0.001 -19"><span class='ocrx_word' id='word_1_511' title='bbox 438 5003 531 5070; x_wconf 87' lang='lat' dir='ltr'><strong>tionis</strong></span> <span class='ocrx_word' id='word_1_512' title='bbox 551 5021 607 5070; x_wconf 93' lang='lat' dir='ltr'><strong>scu</strong></span> <span class='ocrx_word' id='word_1_513' title='bbox 629 5003 725 5070; x_wconf 84' lang='lat' dir='ltr'><strong>ctiam</strong></span> <span class='ocrx_word' id='word_1_514' title='bbox 748 5001 927 5087; x_wconf 79' lang='lat' dir='ltr'><strong>potcstatis,</strong></span> <span class='ocrx_word' id='word_1_515' title='bbox 949 5000 990 5065; x_wconf 88' lang='lat' dir='ltr'><strong>nd</strong></span> <span class='ocrx_word' id='word_1_516' title='bbox 1014 4999 1124 5067; x_wconf 82' lang='lat' dir='ltr'><strong>tabum</strong></span> <span class='ocrx_word' id='word_1_517' title='bbox 1143 5000 1368 5086; x_wconf 66' lang='lat' dir='ltr'><strong>pimenionem</strong></span> <span class='ocrx_word' id='word_1_518' title='bbox 1390 5019 1483 5085; x_wconf 90' lang='lat' dir='ltr'><strong>posse</strong></span> <span class='ocrx_word' id='word_1_519' title='bbox 1504 5001 1553 5066; x_wconf 93' lang='lat' dir='ltr'><strong>vcl</strong></span> <span class='ocrx_word' id='word_1_520' title='bbox 1571 4999 1686 5068; x_wconf 86' lang='lat' dir='ltr'><strong>debaro</strong></span> <span class='ocrx_word' id='word_1_521' title='bbox 1707 4999 1863 5084; x_wconf 87' lang='lat' dir='ltr'><strong>compelli.</strong></span> 
     </span>
    </p>

    <p class='ocr_par' dir='ltr' id='par_1_5' title="bbox 1795 5118 1831 5174">
     <span class='ocr_line' id='line_1_49' title="bbox 1795 5118 1831 5174; baseline 0 0"><span class='ocrx_word' id='word_1_522' title='bbox 1795 5118 1831 5174; x_wconf 77' lang='lat' dir='ltr'><strong>do</strong></span> 
     </span>
    </p>
   </div>
   <div class='ocr_carea' id='block_1_4' title="bbox 0 0 2437 6180">
    <p class='ocr_par' dir='ltr' id='par_1_6' title="bbox 0 0 2437 6180">
     <span class='ocr_line' id='line_1_50' title="bbox 0 0 2437 6180; baseline 0 0"><span class='ocrx_word' id='word_1_523' title='bbox 0 0 2437 6180; x_wconf 95' lang='lat' dir='ltr'><strong> </strong></span> 
     </span>
    </p>
   </div>
  </div>
 </body>
</html>
