4860 6180
1039 751 1041 755 ’
1096 758 1169 847 Nr.
1210 754 1337 845 579..

533 968 720 1056 Saonndna
746 971 902 1056 Promid
929 972 1006 1054 dux
1031 975 1179 1057 Paionia
1198 977 1336 1055 1287
1355 970 1769 1073 romannorum
1798 996 1901 1058 raam
1926 990 1983 1057 ra-

429 1092 484 1159 bot
504 1093 779 1160 commutationum
802 1093 987 1159 hereditatis
1008 1094 1191 1161 Tiroodorioi
1214 1094 1355 1160 canonici
1378 1092 1601 1160 Ponuarricnsis
1622 1098 1655 1157 et
1671 1091 1880 1175 Mroorkonis,
1900 1094 1981 1160 tilio-

431 1213 502 1262 rum
524 1195 682 1280 quondam
705 1195 828 1261 comitis
850 1194 972 1277 loracii,
995 1196 1098 1263 dictae
1119 1195 1266 1278 Orkowo,
1286 1215 1357 1264 cum
1371 1194 1455 1261 viliis
1470 1194 1620 1262 ccclesiae
1634 1194 1868 1275 Poznaniensis,
1890 1195 1985 1263 dictis

431 1297 537 1366 Borek
559 1303 592 1366 et
613 1297 789 1383 Skrzyrrka.

535 1406 673 1482 Pnourn.
693 1406 810 1482 onom.
845 1405 985 1467 Sermrek
998 1403 1162 1485 jedmobau
1182 1407 1310 1483 siciano,
1334 1423 1352 1465 z
1371 1399 1495 1480 latorem
1514 1399 1636 1487 pieozfd
1658 1401 1776 1465 aridia

535 1502 671 1572 Patami.
717 1507 834 1569 Arcbm
859 1508 1000 1584 captarit.
1047 1506 1145 1581 1,12.

533 1706 572 1775 In
593 1708 720 1776 nornine
740 1707 868 1775 Domini
890 1727 991 1775 amen.
1035 1708 1147 1776 Multis
1169 1707 1341 1777 incomodis
1362 1707 1536 1792 prudenter
1561 1707 1766 1789 occurrimus,
1797 1723 1869 1774 eum
1891 1706 1988 1774 etatis

433 1815 541 1878 nostre
562 1811 691 1894 negocia
712 1810 891 1877 litterarum
909 1815 943 1877 et
965 1811 1094 1878 testium
1116 1812 1289 1878 munimine
1310 1809 1504 1877 roboramus.
1535 1809 1602 1876 Nos
1616 1809 1714 1893 igitur
1735 1809 1892 1877 secundus
1913 1809 1988 1877 Pre-

433 1912 505 1980 misi
525 1910 586 1980 Dei
606 1913 713 1995 gracia
730 1911 794 1978 dur
813 1911 943 1980 Polonie
963 1918 1075 1979 notum
1096 1911 1229 1981 facimus
1252 1913 1405 1980 universis
1425 1918 1492 1979 taur
1520 1911 1719 1996 presentibus
1749 1931 1845 1998 quarn
1874 1911 1989 1978 futuris

433 2021 611 2100 presentem
631 2015 777 2099 paginam
800 2016 999 2099 inspecturis,
1022 2017 1106 2100 quod
1125 2017 1158 2084 in
1181 2023 1292 2084 nostra
1306 2021 1550 2098 nostrorumque
1564 2014 1718 2081 baronum
1731 2015 1895 2098 presencia
1909 2013 1990 2080 bone

432 2118 583 2186 memorie
603 2117 762 2203 quondam
782 2118 929 2186 dominns
950 2119 1107 2188 Iohannes
1127 2120 1296 2204 episcopus
1316 2117 1552 2198 Poznaniensis,
1579 2122 1613 2182 et
1628 2116 1776 2212 dominus
1798 2115 1990 2183 Theodricus

433 2219 602 2288 canonicus
622 2226 657 2286 et
677 2220 810 2289 Mrooko
836 2220 963 2304 fratres,
992 2220 1050 2289 filii
1079 2220 1238 2306 quondam
1268 2219 1394 2288 comitis
1423 2217 1547 2300 Iaracii,
1576 2218 1703 2302 publice
1731 2223 1990 2304 recognoverunt,

433 2319 626 2390 hereditates
648 2320 788 2404 Oreowo,
818 2323 925 2392 Borek
946 2330 981 2390 et
1002 2323 1117 2392 (trinea
1136 2324 1311 2408 vulgariter
1339 2327 1537 2408 nuncupatas
1563 2321 1604 2388 ad
1628 2321 1761 2389 invicem
1792 2327 1991 2405 permutasse

434 2422 494 2491 snb
514 2442 553 2491 eo
573 2423 683 2491 modo:
705 2424 852 2492 videlicet
872 2426 957 2511 quod
971 2425 1085 2510 prefati
1107 2425 1222 2493 fratres
1243 2425 1436 2493 Tbeodricus
1458 2430 1491 2493 et
1512 2423 1644 2491 Mrooko
1659 2423 1821 2492 adomino
1842 2425 1990 2510 episeopo

436 2532 471 2595 ct
490 2525 623 2594 ccclesia
643 2525 850 2594 Poznaniensi
877 2545 935 2611 pro
965 2527 1141 2595 hereditate
1160 2515 1307 2612 ipsorum
1336 2526 1466 2595 Orcorm
1493 2531 1681 2611 receperunt
1706 2526 1799 2594 villu
1824 2524 1930 2593 Borek
1957 2533 1992 2593 et

437 2627 592 2711 Grinonm,
614 2628 694 2697 sitas
716 2648 814 2713 prope
835 2629 990 2712 Pirenam,
1012 2630 1200 2714 recipientes
1221 2629 1261 2697 nd
1284 2630 1344 2697 hoo
1362 2630 1573 2715 qnadraginta
1593 2647 1718 2696 marcas
1746 2631 1881 2714 argenti,
1911 2648 1991 2714 quas

435 2749 542 2799 eoram
561 2729 653 2798 nobis
674 2729 808 2799 confessi
829 2737 905 2798 sunt
926 2750 960 2799 se
980 2731 1023 2800 ab
1044 2731 1152 2799 eodem
1174 2751 1214 2799 ex
1228 2732 1354 2816 integro
1368 2733 1540 2817 recepisse3
1564 2733 1787 2817 promittentes
1802 2750 1883 2799 nnus
1897 2731 1992 2800 alteri

434 2833 476 2902 nd
496 2833 628 2902 invicem
650 2832 863 2918 solempnibus
885 2834 1146 2918 stipulacionibus
1167 2834 1241 2902 binc
1263 2833 1337 2900 inde
1356 2834 1646 2916 intervenientibus,
1677 2834 1766 2901 litem
1792 2833 1843 2900 rel
1866 2839 1991 2902 contro·

434 2936 570 3004 versiam
586 2935 627 3003 do
646 2955 680 3004 re
700 2955 722 3003 a
743 2955 777 3004 se
797 2942 978 3021 permutata
995 2937 1088 3004 alteri
1110 2937 1176 3004 ullo
1199 2943 1340 3022 tempore
1358 2955 1421 3003 non
1443 2935 1568 3019 inferre,
1598 2956 1657 3005 nec
1683 2936 1831 3003 inferenti
1862 2954 2013 3026 consen·-

436 3038 507 3121 tire,
529 3044 562 3106 et
583 3039 758 3123 predictam
779 3041 1045 3123 permutationem
1065 3045 1189 3123 gratam
1211 3047 1245 3106 et
1266 3047 1370 3106 ratam
1391 3040 1517 3122 babere,
1549 3046 1583 3106 et
1608 3059 1671 3107 non
1702 3037 1915 3107 contrafacere
1941 3038 1992 3106 vei
2088 3049 2089 3053 ’

435 3141 551 3209 venire.
595 3142 662 3211 Nos
683 3161 759 3210 rero
779 3143 967 3210 venerabilis
988 3145 1090 3227 patris
1111 3143 1232 3211 domini
1254 3142 1403 3211 Iohannis
1424 3142 1562 3224 secundi,
1590 3142 1728 3225 episcopi
1754 3141 1991 3222 Poznaniensis,

399 3232 408 3243 '
436 3243 529 3311 iustis
550 3243 758 3328 peticionibus
772 3262 912 3311 annuere
927 3245 1097 3328 cupientes,
1121 3245 1238 3312 dictam
1254 3246 1521 3328 permutacionem
1536 3245 1620 3311 iuter
1633 3243 1886 3328 predecessorem
1901 3261 1994 3310 suum

437 3351 471 3412 et
492 3345 555 3413 iarn
576 3346 679 3413 dictos
697 3345 904 3413 Theodricnm
927 3351 961 3411 et
981 3345 1185 3414 Mrookonem
1208 3346 1350 3414 habitam
1364 3354 1490 3430 matam
1503 3353 1538 3414 et
1551 3352 1655 3413 ratam
1669 3346 1831 3427 habentes,
1852 3345 1894 3412 nd
1909 3351 1993 3412 eter-

437 3465 511 3516 nam
532 3448 579 3515 rei
600 3448 783 3515 memoriam
805 3448 907 3513 nostri
929 3447 1025 3530 sigilli
1047 3449 1219 3517 munimine
1239 3449 1425 3516 roboramus
1451 3448 1649 3533 presentibus
1677 3449 1739 3515 hiis
1766 3447 1915 3516 testibus:
1943 3465 2015 3525 oo·¹

437 3549 515 3617 mite
534 3549 688 3618 Petrcone
710 3550 881 3618 castellano
899 3548 1115 3630 Poznaniensi,
1139 3551 1253 3618 comite
1277 3551 1414 3620 [ohanne
1442 3551 1605 3618 subindioe
1630 3550 1849 3630 Poznaniensi,
1879 3550 1998 3619 comite.

437 3651 545 3720 Grnba
564 3651 801 3720 subteznurario
823 3651 1039 3718 Poznnniensi.
1084 3652 1205 3720 Datum
1228 3653 1262 3719 in
1283 3651 1410 3720 Poznan
1431 3671 1514 3720 anno
1535 3652 1663 3720 Domini
1678 3649 1994 3734 accumula

437 3754 536 3822 tercio
557 3753 646 3822 Ydus
667 3754 750 3837 Iulii,
772 3773 830 3839 per
850 3773 962 3821 manus
983 3753 1123 3821 Iascoms
1145 3755 1263 3824 notorii
1285 3754 1371 3822 curie
1392 3760 1510 3822 nostre.

541 3958 683 4042 Orrowo,
711 3963 845 4026 orioro.
890 3958 1005 4041 Borek,
1029 3965 1123 4026 orado
1144 3965 1259 4027 mitio.
1305 3959 1430 4042 Criuoa,
1454 3963 1625 4042 Sirzpolru
1669 3957 1792 4042 Pirene,
1815 3962 1993 4026 Pierzcioo.

1111 4327 1184 4414 Nr.
1218 4325 1320 4413 580.

544 4523 795 4606 Wlbtiidslaus
823 4524 901 4606 dux
927 4523 1080 4628 Syradia
1108 4530 1174 4609 eid.
1192 4529 1326 4606 1287
1353 4547 1382 4606 8.
1410 4524 1446 4607 d.
1465 4528 1501 4606 oi
1518 4524 1560 4626 l.;
1581 4543 1639 4608 dat
1652 4543 1803 4608 marmiae
1818 4542 1997 4608 Gueznonsi

439 4644 565 4710 domum
588 4645 620 4710 in
644 4645 772 4711 civitate
793 4644 931 4709 lirakow
962 4650 997 4710 et
1023 4647 1223 4711 irradiatorem
1254 4645 1346 4710 villae
1375 4645 1486 4728 Prrusy,
1514 4645 1603 4709 ouius
1629 4644 1763 4709 alteram
1792 4643 1996 4711 medictatem

440 4745 471 4812 b.
495 4764 536 4812 ur.
559 4746 731 4826 Bolanum,
754 4747 817 4811 dur
841 4746 1019 4827 cracoviae,
1042 4748 1141 4813 ridorrr
1165 4748 1315 4814 rucluriau
1339 4747 1400 4812 ianr
1423 4745 1544 4829 pridem
1566 4746 1752 4811 contuierat

544 4852 685 4928 I’erpour.
709 4857 825 4928 orpora.
871 4855 918 4914 Nu
947 4856 1067 4913 oriciorlr
1088 4855 1240 4928 jesbaam.
1267 4855 1450 4930 muniamini.
1472 4855 1698 4930 prapaterzono
1723 4849 1858 4934 pieozpd,
1880 4852 1990 4929 przcd·

440 4957 547 5014 strrrrr'u
567 4957 662 5029 podio
684 4955 777 5015 Zierui
801 4952 995 5030 lr'ujuuariu'r'J',
1017 4959 1107 5032 sarpis
1130 4962 1256 5032 rodurn.

551 5056 694 5119 Gaiezno.
740 5059 857 5119 Arcdio.
886 5060 1017 5132 (raptori
1042 5059 1197 5133 rilrlrupol.
1223 5057 1277 5120 Nr.
1300 5058 1352 5119 45.

547 5256 583 5323 In
606 5257 730 5322 nonrirro
754 5257 879 5324 Domini
895 5277 997 5324 aaron.
1045 5258 1131 5324 liert
1153 5276 1264 5325 rursus
1287 5278 1391 5324 rorum
1411 5258 1630 5341 tonrpornlium
1652 5255 1781 5322 floridus
1803 5263 1837 5323 ct
1856 5258 1998 5325 sincerus

443 5358 605 5425 euidenter
628 5359 741 5425 rrotioir·
764 5361 922 5427 surbinorut
946 5361 1150 5439 sirruuiorurn,
1183 5363 1345 5428 corrsuorit
1372 5361 1591 5426 uiririiorrriuus
1612 5360 1793 5442 nuuaoiuur
1817 5361 1999 5438 inmornnoin

1786 5478 1837 5534 68·
