4860 6180
1859 132 1933 220 279

390 345 602 432 reanimatur,
624 365 688 414 non
708 352 784 413 sunt
805 349 911 413 ιιιιιι
931 344 1157 430 postponenda,
1179 345 1274 415 immo
1288 344 1476 432 preferenda
1488 345 1652 415 salutifere
1666 345 1777 415 Crucis
1790 346 1936 432 insignia,

391 460 429 524 ut
447 468 504 519 ros
525 448 645 517 athlete
667 447 786 516 Christi
807 448 853 516 eis
874 447 1076 516 laudabiliter
1094 448 1243 533 insigniti,
1266 451 1316 518 cni
1337 451 1410 518 duci
1431 450 1626 533 deserviatis,
1659 451 1821 519 euidenter
1841 469 1938 536 appa·

391 560 471 636 rest,
493 570 531 621 ac
552 570 610 636 per
629 551 698 619 eius
718 552 868 620 virtutem
890 551 923 617 in
944 569 1007 634 qua
1029 549 1175 618 Christus
1196 551 1365 620 debellavit
1377 572 1486 620 aereos
1500 559 1685 638 potestates,
1707 555 1847 638 ipsorum
1859 555 1938 623 Tar·

392 667 532 730 taronrru
565 654 738 722 novesium
771 655 901 722 mirifice
926 653 1014 720 vobis
1041 654 1141 722 cedat
1186 655 1259 723 Non
1284 657 1409 724 videtur
1434 657 1543 741 itaque
1568 656 1788 742 prestolandns
1809 657 1939 725 buccine

391 764 527 845 clangor,
549 776 613 825 nou
634 758 776 824 inuitatis
797 758 955 841 suggestio
977 757 1115 824 creditur
1135 766 1322 843 opportuna,
1349 766 1387 828 ut
1408 760 1441 827 in
1464 765 1554 828 tauto
1578 760 1776 827 ιιιιιιίιιιιίι
1804 758 1939 828 articulo

391 866 430 937 «l
447 861 583 949 prelium
604 861 664 929 hoc
680 878 738 928 vos
759 861 876 927 excitet
896 860 1102 945 preliandum,
1125 879 1195 928 cunr
1217 863 1250 927 iu
1270 862 1358 928 vobis
1379 863 1594 930 existimemus
1616 863 1701 929 illins
1722 863 1827 945 vigere
1840 862 1938 930 ratio-

392 968 441 1038 nis
462 965 621 1045 indicium,
645 963 739 1049 quod,
760 963 848 1031 nullo
869 965 965 1031 etiam
984 983 1039 1031 uos
1060 964 1101 1031 ad
1121 964 1154 1030 id
1173 966 1337 1048 invitante,
1359 972 1520 1035 maturato
1542 966 1679 1052 presidio
1701 965 1825 1033 ausibus
1847 984 1939 1033 eura·

392 1068 467 1140 bitis
487 1085 651 1134 occurrere
673 1073 738 1133 tani
759 1066 881 1133 votivis.
926 1066 1161 1150 Verumtamen,
1188 1086 1228 1135 ne
1257 1068 1392 1136 salutem
1417 1075 1556 1136 rosham
1582 1068 1745 1136 videamur
1771 1068 1938 1152 negligere,

391 1190 429 1243 ac
449 1170 577 1254 sangnis
597 1175 703 1236 vester
723 1169 904 1252 requiratur
923 1189 944 1236 a
964 1169 1054 1236 uobis
1086 1168 1265 1254 gerentibus
1297 1170 1505 1255 speculatoris
1531 1169 1669 1238 officinm
1694 1169 1722 1237 si
1748 1188 1821 1237 euru
1848 1169 1939 1237 uobis

392 1272 568 1345 tacentibus
585 1272 709 1357 gladius
730 1270 876 1338 effuderit
896 1271 1072 1355 impiorum,
1092 1270 1241 1339 dilectum
1262 1271 1361 1340 lilium
1378 1323 1409 1340 ..
1439 1272 1588 1341 abbatem
1613 1272 1654 1340 de
1681 1273 1815 1340 Meeano
1835 1272 1939 1340 virum

391 1395 512 1448 morum
533 1375 699 1443 honestate
720 1375 930 1458 conspicuum,
952 1375 1111 1459 preditum
1132 1376 1264 1443 seientia
1283 1376 1449 1444 literarum
1470 1395 1508 1444 ac
1526 1375 1618 1443 nobis
1637 1382 1672 1444 ιι
1691 1375 1845 1443 iratribus
1865 1393 1939 1444 nos·

391 1480 450 1551 trls
470 1478 584 1547 menta
611 1497 669 1546 sue
697 1477 863 1563 probitatis
897 1484 1071 1561 acceptum,
1103 1479 1145 1546 ad
1170 1499 1225 1546 uos
1251 1481 1417 1547 commisso
1443 1477 1504 1546 sibi
1538 1481 1631 1564 plene
1649 1479 1815 1563 legationis
1836 1477 1939 1546 officio

391 1581 518 1673 provide
538 1581 685 1649 demimus
705 1579 937 1661 desinendum,
958 1580 1093 1647 utinibi
1115 1587 1243 1649 auctore
1263 1583 1398 1649 Domino
1420 1587 1571 1666 tanquam
1593 1582 1727 1666 diligens
1749 1582 1853 1650 uultur
1869 1580 1939 1666 agri

391 1683 537 1756 dominici
558 1684 675 1752 evellat
701 1691 735 1750 et
759 1682 913 1764 destmsat,
943 1683 1084 1766 dissipet
1113 1683 1238 1752 edificet
1263 1692 1297 1752 et
1325 1686 1451 1769 plantet
1471 1690 1568 1769 prout
1588 1684 1649 1751 sibi
1670 1685 1825 1752 Dominus
1846 1683 1939 1751 mini·

391 1785 515 1870 strubit,
537 1792 575 1852 ιι
595 1806 653 1872 per
673 1805 708 1853 se
729 1791 764 1853 et
782 1785 863 1851 alios
884 1803 963 1869 quos
985 1784 1109 1852 adhoc
1136 1786 1264 1853 idoneos
1289 1786 1412 1853 nouerit
1439 1787 1473 1853 in
1496 1787 1653 1871 sapientia
1676 1786 1815 1871 Spiritus
1836 1787 1939 1854 sancti

391 1889 540 1959 divinitus
560 1887 726 1970 attributa,
745 1886 834 1954 uobis
856 1892 967 1953 contra
987 1887 1072 1969 ipsos
1093 1886 1242 1954 Tartarus
1257 1906 1294 1956 ae
1308 1889 1406 1956 etiam
1420 1889 1500 1956 alios
1514 1908 1662 1974 paganos,
1687 1887 1940 1956 Christianorum

392 1993 574 2077 sangninem
596 2010 660 2059 nou
681 1991 784 2058 minus
806 1989 924 2057 eisdem
944 1989 1087 2057 Tartaris
1108 1991 1260 2073 sitientes,
1281 1991 1446 2076 predicans
1468 1991 1596 2059 uerbum
1619 1990 1740 2072 Crucis,
1768 1991 1868 2075 ipsius
1889 1991 1939 2058 ln·

393 2095 472 2182 dgul
493 2099 655 2162 caractere
676 2111 732 2158 uos
753 2093 881 2159 studeat
902 2091 1090 2176 premunire.
1120 2092 1285 2160 Monemns
1306 2094 1415 2178 itaque
1429 2094 1666 2162 uniuersitatem
1681 2100 1819 2161 vestram
1833 2099 1940 2161 atten-

356 2181 365 2199 ’
393 2200 456 2267 tius
475 2201 510 2264 et
530 2194 697 2262 honamur
717 2195 750 2261 in
771 2194 905 2261 Domino
926 2211 984 2276 per
1004 2187 1179 2277 apostolica
1191 2193 1279 2261 vobis
1293 2195 1413 2280 scripta
1426 2195 1627 2280 precipiendo
1642 2195 1838 2276 mandmtes,
1860 2213 1939 2280 qua·

393 2307 483 2370 tenus
503 2297 607 2382 ιριιιι
630 2304 782 2382 tanquam
804 2296 944 2381 legatum
965 2294 1055 2363 Sedis
1079 2297 1258 2380 apostolice,
1280 2298 1376 2365 ἰιιιιι
1398 2315 1567 2381 pomonam
1593 2304 1736 2366 rosham
1757 2299 1791 2366 in
1817 2315 1866 2380 eo,
1889 2316 1939 2366 re-

393 2401 541 2487 cipientes
562 2399 716 2484 hylariter
736 2405 770 2467 et
790 2400 922 2466 honeste
941 2390 1127 2480 tractantes,
1146 2399 1245 2482 ipsius
1267 2396 1446 2467 salubribus
1468 2400 1596 2466 monitis
1610 2405 1644 2468 et
1657 2401 1816 2468 mundatis
1830 2401 1939 2484 pronis

392 2502 547 2573 mentibus
567 2503 695 2571 obedire
715 2503 841 2584 curetis,
862 2519 924 2584 que
943 2502 1028 2567 iuter
1048 2517 1104 2567 uos
1125 2500 1293 2567 statuenda
1313 2500 1442 2568 duxerit
1462 2507 1614 2585 tanquam
1632 2502 1691 2569 filii
1711 2502 1940 2570 benedictionis

393 2605 523 2674 hrmiter
541 2603 760 2672 observantes:
788 2605 929 2688 ahoquin
950 2603 1124 2670 mntentias
1145 2620 1225 2687 quas
1246 2603 1308 2669 rite
1335 2602 1446 2670 buerit
1466 2604 1501 2670 in
1522 2604 1666 2687 rebelles,
1694 2621 1794 2689 usque
1820 2604 1862 2671 ad
1886 2622 1939 2671 sa·

393 2707 600 2776 ιίιιιιιὶιιιιι
622 2707 807 2791 condignam
834 2707 1017 2773 firmitatem
1044 2704 1239 2772 decernimus
1267 2703 1406 2772 debitam
1434 2706 1588 2774 obtinere
1632 2705 1681 2774 Ut
1706 2714 1813 2774 autem
1841 2704 1939 2773 nichil

392 2809 516 2878 omnino
537 2809 622 2876 desit
644 2809 685 2876 ad
707 2815 773 2876 tam
795 2808 921 2876 salubre
946 2807 1107 2890 negotium
1129 2805 1388 2891 prosequendum,
1411 2807 1557 2875 omuibus
1578 2808 1634 2893 qui
1654 2809 1696 2876 ab
1718 2809 1787 2892 ipso
1803 2825 1939 2876 commo·

392 2912 452 2980 uiti
471 2917 584 2979 contm
604 2911 761 2997 predictos
782 2911 932 2980 Tartaros
961 2910 1139 2994 receperint
1166 2910 1290 2993 siguum
1320 2908 1440 2991 cmcis,
1468 2910 1555 2978 illum
1581 2929 1710 2978 suorum
1737 2917 1960 2994 peccatorum-

333 3052 344 3064 ·
392 3013 512 3080 amiam
533 3013 675 3098 illudque
695 3014 890 3099 privilegium
912 3013 1092 3096 elargimur,
1118 3030 1180 3096 que
1201 3012 1422 3080 accedentibus
1442 3014 1477 3080 in
1498 3013 1594 3081 Terre
1624 3018 1734 3081 sancte
1763 3013 1938 3080 subsidium

393 3115 616 3185 conceduntur.
659 3116 778 3185 Datum
799 3117 896 3184 Asisii
915 3115 949 3183 Il
969 3116 1045 3182 Idus
1062 3114 1150 3198 Maii,
1171 3114 1373 3199 pontificatus
1392 3114 1496 3182 nostri
1513 3135 1597 3183 anno
1618 3115 1750 3184 decimo.

960 3350 963 3355 ’
1067 3412 1141 3498 ιιι.
1173 3408 1272 3498 ιιι

491 3607 711 3694 boleslavus
737 3610 815 3692 dux
841 3609 991 3692 Polouie
1018 3610 1150 3688 1253
1182 3606 1270 3689 liei.
1302 3607 1629 3711 ιι,ιιι1ιιιιι;
1655 3625 1940 3694 commatrem

392 3726 508 3797 tionum
527 3729 732 3797 haereditatis
753 3729 905 3812 Kosauty,
926 3746 1021 3812 qnam
1044 3746 1147 3795 comes
1168 3727 1293 3810 Bogusa
1313 3727 1504 3795 monasterio
1525 3728 1566 3796 de
1584 3727 1654 3814 had
1674 3726 1803 3796 iecerat

491 3835 635 3912 eam.
657 3836 774 3912 uran-
825 3833 864 3894 W
881 3835 1055 3912 τιὶιὶιιιι
1080 3835 1199 3911 maye
1224 3831 1337 3910 buca
1359 3835 1481 3916 nesea
1503 3850 1700 3912 mmmm
1726 3834 1768 3897 vd
1787 3835 1940 3912 mente

392 3937 495 3998 ’ΖΜ
509 3933 624 4013 Μ
637 3939 782 4019 simii&

499 4037 684 4101 Verrem.
733 4039 843 4116 Zbiorp
863 4038 1049 4101 Raeiecldcla
1068 4039 1246 4116 boboam
1261 4070 1305 4084 -
1324 4038 1512 4117 sapam.
1533 4039 1697 4102 mon.
1724 4041 1794 4102 dod
1818 4039 1939 4120 diplom,

397 4137 546 4221 Poleam,
571 4140 597 4205 1.
619 4140 676 4204 Νι.
698 4139 751 4203 41.
783 4161 787 4168 ·

493 4339 533 4409 In
549 4342 677 4410 nomine
695 4342 821 4409 Domini
841 4360 943 4408 amon.
987 4340 1141 4422 Quoniam
1163 4346 1259 4407 nutus
1287 4341 1409 4409 dierum
1435 4360 1507 4409 cnm
1536 4361 1631 4410 ιιιιιι
1658 4345 1809 4428 temporis
1834 4344 1940 4414 subito

394 4445 565 4522 ιιιιιιιιίι
584 4451 619 4513 ιι
639 4445 774 4512 humane
801 4450 915 4511 nature
944 4445 1094 4511 memoria
1123 4442 1214 4511 facilc
1243 4443 1276 4510 iu
1302 4443 1490 4510 obliuione·
1515 4444 1643 4528 labitur,
1676 4465 1804 4515 necasse
1832 4453 1882 4515 ιιι
1903 4451 1941 4515 ιι

394 4548 466 4614 utta
484 4545 648 4616 homiuum
669 4554 778 4615 tenore
798 4547 976 4614 litterarum
999 4565 1037 4615 ac
1059 4546 1194 4613 testibus
1215 4545 1378 4630 fidelignis
1396 4546 1531 4615 firmite
1551 4547 1749 4616 iuberentur.
1792 4549 1877 4616 ilinc
1890 4555 1941 4616 ιιι

394 4647 478 4727 quod
497 4667 557 4717 nos
578 4649 761 4717 Boleslasm
782 4649 843 4716 Dei
862 4650 970 4734 gracia
989 4649 1054 4715 dux
1074 4649 1203 4715 Polonie
1222 4653 1332 4714 uotum
1354 4648 1488 4715 iacimus
1514 4651 1668 4718 universis
1698 4649 1819 4720 Christi
1840 4649 1940 4719 ildeh-

395 4740 450 4814 bus
470 4755 505 4818 et
525 4750 725 4838 presentibus
746 4758 968 4836 protestamur,
991 4750 1075 4836 quod
1097 4769 1200 4819 comes
1222 4751 1367 4834 Boguzsa
1387 4751 1479 4818 heres
1491 4750 1531 4818 de
1546 4750 1706 4822 cossutha
1718 4754 1752 4820 in
1767 4752 1939 4821 remedium

396 4848 496 4920 uiae
517 4871 576 4922 sue
595 4873 635 4923 ac
655 4872 785 4921 suorum
806 4859 972 4940 parentum
995 4853 1110 4937 legavit
1132 4853 1261 4920 cenobio
1282 4853 1440 4921 leudensi
1458 4853 1667 4923 hereditatem
1688 4875 1780 4923 suam
1802 4855 1940 4924 Cossuth

396 4950 548 5030 bresetum
569 4974 641 5024 eum
661 4956 805 5024 omnibns
826 4955 965 5023 sortibus
990 4954 1199 5023 attinentibus
1224 4963 1319 5040 prout
1344 4957 1377 5022 in
1404 4957 1636 5041 presenciarum
1664 4958 1815 5042 possidet,
1842 4957 1940 5026 nichil

397 5053 518 5132 Mlius
539 5058 732 5144 excipiendo,
751 5060 798 5128 ita
819 5065 938 5128 tamem
961 5060 989 5125 si
1009 5059 1072 5125 duo
1090 5055 1148 5124 tilii
1168 5059 1228 5143 sui,
1256 5058 1446 5128 (ὶιιιιιιίιι
1468 5065 1502 5128 et
1522 5058 1712 5129 Grimislaus
1740 5059 1845 5128 adhuc
1872 5061 1939 5129 exi·
