4860 6180
1906 219 2000 343 su

430 466 577 536 indicare.
622 468 657 537 Si
678 468 734 554 qui
755 473 862 538 autem
883 468 963 537 aleo
984 463 1227 552 periujheriat,
1251 473 1410 552 exponant
1430 465 1645 551 ewangelium,
1666 465 1708 534 al
1727 465 1812 535 bona
1824 484 1923 551 opera
1935 465 1984 535 la·
2119 490 2121 493 ’

434 569 545 637 cienda
564 574 599 639 et
619 571 701 638 vicia
721 571 878 655 fugienda,
897 576 931 638 et
950 569 993 637 ad
1014 568 1153 635 divinum
1175 568 1315 637 odicium
1335 575 1392 637 ant
1413 569 1527 637 saltem
1540 569 1582 634 ad
1598 567 1721 654 Corpus
1736 569 1857 638 christi
1871 569 1981 636 videa·

438 671 524 755 dum,
547 673 697 758 populum
720 673 912 741 inducentes.
956 671 1002 738 ut
1022 677 1097 738 ante
1120 672 1337 740 Elevationem
1358 690 1512 756 campana
1532 671 1677 755 pulsetur
1696 679 1734 738 ut
1755 672 1896 739 homines
1911 690 1984 738 eon·

435 780 575 856 canant,
605 794 643 844 ac
664 775 776 843 deinde
802 782 840 843 ut
860 779 952 841 orent
980 793 1039 859 pro
1060 774 1188 841 domino
1211 775 1297 858 Papa
1319 781 1352 840 et
1369 776 1455 841 omni
1484 774 1586 858 gradu
1607 773 1755 855 Eccledc,
1779 792 1836 859 pro
1858 774 1984 858 regibus

434 881 468 943 et
487 877 682 962 principibus
703 885 879 962 cunctoque
900 876 1017 960 populo
1040 875 1231 956 Christiano,
1251 895 1311 961 pro
1333 893 1408 959 pace
1429 882 1464 944 et
1485 875 1567 943 bono
1586 880 1676 943 statu
1697 880 1791 956 terre,
1813 880 1848 942 at
1862 876 1985 944 cunctis

435 996 496 1063 que
517 985 592 1046 snut
619 982 836 1048 universorum
866 985 900 1048 ct
920 979 1115 1062 ungulorum
1143 978 1252 1045 usibus
1273 977 1453 1061 prolatura;
1481 978 1663 1062 specialiter
1682 983 1790 1044 anum
1811 995 1869 1062 pro
1890 977 1985 1045 benc·

433 1079 605 1150 holeribus
627 1087 660 1149 et
679 1084 832 1165 patronis,
854 1100 893 1149 ac
913 1081 1117 1165 singulariter
1138 1098 1195 1164 pro
1217 1080 1306 1161 vivis,
1327 1084 1361 1146 et
1381 1078 1538 1146 defunctis
1559 1079 1604 1146 ibi
1625 1080 1768 1164 sepultis.

536 1183 694 1266 Pmtarea,
716 1190 755 1251 ut
775 1185 911 1270 populns
931 1202 1006 1251 suas
1028 1201 1092 1249 aon
1110 1181 1320 1264 subterfugiat
1340 1183 1497 1263 ecclesias,
1523 1183 1658 1248 maxime
1679 1182 1713 1247 in
1733 1181 1907 1265 sepulturis
1928 1179 1985 1247 eli·

435 1285 555 1370 madia,
582 1286 638 1353 sed
658 1286 698 1354 ad
721 1305 774 1354 aas
800 1288 909 1372 pocius
930 1286 1032 1370 ipsius
1053 1284 1178 1352 devotio
1200 1285 1366 1364 excitetur,
1396 1285 1567 1350 statuimus
1585 1289 1620 1351 ct
1640 1283 1774 1350 tirmiter
1795 1283 1985 1368 precipimus

435 1387 610 1456 observari:
633 1392 670 1455 ut
691 1388 843 1458 beneficia
863 1395 898 1457 et
918 1388 1047 1457 nomina
1064 1386 1297 1454 beneiauornm
1318 1386 1447 1454 ecclesie
1468 1385 1636 1454 cuiushbet
1657 1385 1833 1454 habeantur
1854 1386 1888 1452 in
1909 1386 1986 1454 scri·

434 1491 509 1575 ptis,
531 1496 658 1574 etpost
677 1491 927 1561 exhortationem
948 1490 1127 1558 huiusmodi
1148 1489 1273 1573 publice
1295 1490 1468 1558 reduntur
1488 1494 1526 1555 ut
1547 1506 1606 1572 pro
1625 1489 1702 1572 ipsis
1723 1488 1782 1555 tiat
1795 1489 1900 1556 oracio
1914 1506 1986 1572 spe·

436 1585 536 1675 ciulis',
559 1598 594 1661 et
614 1592 682 1659 dies
703 1593 809 1661 obitus
835 1611 945 1661 eoram
963 1591 1108 1659 inlibris
1135 1597 1168 1659 et
1188 1609 1286 1676 prope
1308 1590 1453 1674 sepulcra
1478 1590 1652 1674 parietibus
1674 1591 1871 1672 munientem
1894 1595 1928 1657 et
1948 1595 1987 1657 ιιι

436 1712 545 1761 eornm
566 1695 814 1763 anniversarium
829 1694 1013 1779 parentibus
1034 1695 1212 1776 nunciatur,
1232 1694 1289 1777 qui
1309 1693 1352 1760 ad
1373 1711 1482 1760 eornm
1500 1693 1674 1761 lanientur
1687 1695 1847 1778 aequius,
1869 1692 1987 1760 talibus

437 1794 628 1880 precipimus
660 1795 821 1864 celebrari
865 1796 902 1863 ln
928 1795 992 1864 fine
1022 1800 1129 1864 autern
1160 1794 1393 1863 exhortacionis
1425 1794 1614 1879 huiusmodi,
1646 1796 1781 1883 populus
1806 1795 1985 1880 generalem

437 1895 662 1965 confessionem
683 1897 780 1966 lauat
799 1898 834 1965 iu
855 1898 914 1966 hec
933 1899 1043 1967 verba:
1066 1899 1206 1984 Kaysese
1227 1899 1318 1983 Bogu
1339 1905 1400 1967 ete.
1743 1890 1750 1898 ’

537 1999 619 2068 Item
640 2001 820 2082 statuimus,
850 2006 887 2067 nt
908 2001 941 2067 in
959 2001 1104 2069 omnibns
1125 2000 1265 2069 ecclesiis
1286 2006 1394 2067 nostre
1420 2000 1581 2084 provincie
1599 1999 1839 2069 kathedralibus
1860 2005 1894 2068 et
1912 2017 1987 2068 cou-

436 2101 638 2170 veutnalibus
659 2102 803 2188 hystoria
820 2102 907 2171 beati
927 2102 1095 2172 Adalberti
1115 2103 1272 2171 habeatnr
1292 2103 1326 2169 in
1347 2102 1485 2187 scriptis,
1506 2106 1541 2170 et
1560 2102 1601 2171 ab
1622 2101 1767 2170 omnibus
1789 2103 1928 2170 asiana
1949 2108 1983 2171 et

436 2208 590 2272 antean.

539 2304 868 2392 Statuimusiusuper
887 2308 928 2376 ad
950 2306 1222 2375 eonsemaciouem
1242 2312 1276 2374 et
1296 2305 1529 2391 promocionem
1550 2304 1665 2391 lingva
1686 2305 1847 2374 Polonice:
1868 2305 1902 2372 iu
1922 2305 1987 2373 sin·

434 2407 517 2492 gulis
548 2408 626 2476 locis
651 2409 853 2477 emlesiarurn
878 2409 1113 2477 kathedralium
1141 2414 1175 2476 et
1195 2407 1459 2490 conventualium,
1489 2413 1523 2475 et
1543 2408 1616 2474 aliis
1641 2408 1880 2493 quibuscunque
1909 2408 1987 2476 locis

436 2529 500 2578 nna
520 2516 680 2594 ponanbrr
706 2516 845 2596 rectores
871 2511 1050 2593 scolarium,
1077 2509 1299 2595 nisilinguam
1321 2509 1500 2578 Polonicam
1526 2510 1653 2594 proprie
1673 2511 1785 2594 achat,
1807 2516 1842 2578 at
1862 2510 1987 2595 possint

436 2613 543 2696 pueris
563 2618 709 2681 aucwres
730 2631 886 2697 exponere
907 2612 941 2679 in
962 2613 1113 2681 Polonica
1132 2613 1251 2696 lingua

538 2713 620 2781 Item
641 2714 786 2782 volumus
800 2719 834 2782 et
848 2716 1027 2799 statuimus,
1048 2721 1087 2783 ιιι
1106 2715 1338 2801 archidyaconi,
1359 2715 1435 2782 dnm
1449 2714 1588 2783 odicium
1603 2715 1795 2783 visitacionis
1810 2721 1987 2800 auoeant,

436 2816 477 2885 ab
498 2816 643 2885 omnibus
664 2816 857 2901 presbyteris
876 2817 936 2885 sibi
957 2817 1107 2885 subiectis
1125 2818 1236 2884 audire
1259 2817 1417 2884 canonem
1440 2824 1619 2901 teneamur,
1645 2821 1680 2885 et
1701 2836 1765 2900 eos,
1786 2819 1814 2885 si
1835 2819 1922 2903 quod
1943 2820 1988 2886 le·
2043 2833 2046 2838 ·

436 2925 516 3004 gunt
538 2919 573 2986 in
589 2917 693 2987 nitido
721 2919 820 2988 Missa
847 2920 1037 3005 intelligant,
1071 2921 1252 2988 meminere
1278 2926 1349 2987 toto
1375 2919 1493 3004 ordine,
1528 2922 1562 2987 iu
1583 2919 1698 3002 verbis,
1723 2920 1865 3004 gestibus
1890 2928 1989 3006 atque
2025 2995 2026 2999 Ἴ

437 3021 547 3119 signia
587 3021 672 3090 Huic
697 3023 797 3089 eciam
826 3023 1045 3091 constitutioni
1072 3023 1244 3091 adicientes
1268 3023 1449 3106 statuimus,
1479 3028 1517 3090 ιιι
1535 3029 1612 3090 tanc
1640 3029 1803 3108 presentes
1833 3024 1988 3090 constitn-

438 3122 539 3191 tiones
568 3123 653 3208 apud
680 3124 766 3209 ipsos
792 3125 992 3211 presbyteros
1021 3125 1148 3193 adeam
1172 3131 1206 3193 et
1228 3126 1261 3192 in
1282 3126 1329 3192 eis
1349 3126 1435 3211 ipsos
1460 3126 1650 3209 examinent,
1684 3126 1712 3192 si
1733 3143 1787 3193 eas
1816 3130 2002 3193 exeoeutur·
2052 3121 2086 3144 ·’

435 3224 618 3312 diligencim
639 3227 843 3312 inquirentes.

537 3328 619 3397 Item
640 3330 820 3412 statuimus,
855 3335 893 3397 ut
913 3329 1090 3414 presbyteri
1118 3330 1169 3397 vel
1187 3335 1327 3397 rectores
1350 3328 1563 3413 cadmiamm,
1592 3328 1800 3397 sacerdotalia
1821 3335 1855 3397 et
1875 3329 1988 3396 nltads

436 3431 554 3500 munda
575 3451 700 3518 semper
724 3433 864 3501 habeant
885 3439 1079 3502 ornamenta
1123 3434 1286 3501 Adicimus
1312 3434 1420 3516 sciara,
1449 3438 1487 3500 ut
1506 3431 1720 3499 Eucaristiam
1749 3438 1783 3500 et
1802 3432 1869 3500 alia
1889 3432 1987 3500 ecclc·

438 3535 567 3618 mesdeo
587 3534 793 3604 Sacramenta
814 3536 929 3604 mande
949 3554 1075 3604 servare
1095 3536 1232 3604 debeant
1253 3542 1287 3603 et
1306 3535 1463 3602 decenter.

541 3636 719 3706 Statuimus
745 3640 854 3725 eciam,
887 3643 925 3706 ut
944 3639 1090 3707 ecclesias
1119 3656 1193 3706 snas
1214 3637 1330 3705 babere
1358 3637 1494 3705 debeant
1519 3636 1651 3704 interius
1675 3642 1709 3704 et
1727 3637 1872 3722 superius
1900 3636 1987 3706 omni

436 3740 528 3809 sorde
550 3742 742 3824 mundatas;
765 3762 837 3809 nam
858 3742 1068 3810 verecundum
1086 3746 1137 3808 est
1157 3742 1190 3807 in
1211 3742 1320 3823 sacris,
1340 3740 1424 3825 quod
1444 3741 1575 3808 dedecet
1595 3740 1629 3806 in
1650 3741 1831 3826 prophanis.

543 3843 624 3912 Item
644 3847 825 3928 statuimus,
848 3851 968 3912 utnon
989 3844 1165 3914 vendantur
1186 3843 1399 3924 ecclesiastica
1421 3842 1636 3926 Sacramenta,
1659 3862 1730 3910 cum
1748 3844 1852 3927 gratia
1876 3843 1991 3912 debeut

436 3945 536 4030 gaha
557 3945 638 4014 dari

540 4049 721 4118 adicientes
742 4051 839 4118 eciam
860 4051 1040 4131 statuimus,
1062 4056 1100 4116 nt
1117 4050 1232 4116 intirmi
1254 4050 1322 4116 sinc
1343 4048 1497 4116 dhcione
1517 4049 1667 4132 quociens
1688 4068 1767 4133 opus
1788 4055 1839 4117 est
1856 4049 1988 4116 visiten-

438 4156 501 4233 tur,
523 4158 557 4219 et
578 4152 663 4236 qnod
685 4153 865 4220 Encaristia
886 4172 943 4237 per
964 4155 1142 4220 sacerdotes
1161 4153 1347 4235 precedente
1361 4170 1439 4218 sono
1453 4170 1614 4236 campane,
1637 4152 1672 4218 ia
1685 4151 1866 4220 dvitatibus
1881 4158 1989 4219 autem

439 4254 628 4337 precedente
650 4255 778 4338 lumine,
800 4256 969 4324 honorilice
990 4255 1159 4323 deleratur.

539 4356 689 4425 Preterea
710 4360 890 4440 statuimus,
913 4363 950 4424 ut
971 4358 1010 4425 de
1032 4359 1093 4423 hiis
1112 4356 1256 4423 ominbus
1278 4362 1312 4422 et
1332 4356 1404 4423 aliis
1425 4374 1488 4440 quc
1501 4357 1542 4422 ad
1556 4355 1694 4424 otileinm
1711 4357 1871 4441 pertineat
1884 4376 1988 4424 sacer·

436 4456 545 4524 dotum
567 4464 602 4527 et
622 4459 758 4526 aliorum
779 4459 992 4542 quorumlibet
1012 4466 1164 4542 statuunt,
1187 4477 1249 4541 qno
1271 4465 1366 4525 cauta
1388 4466 1472 4539 sunt,
1495 4477 1552 4542 per
1571 4460 1805 4525 archidiaconos
1826 4465 1884 4526 ant
1905 4461 1989 4544 ipso·

437 4578 507 4627 rum
529 4561 674 4644 vicarios,
696 4562 772 4627 dum
791 4563 984 4629 visitacionis
1006 4567 1154 4629 exerrent
1175 4562 1323 4643 effidem,
1344 4580 1451 4628 onrrres
1470 4561 1646 4644 presbyteri
1669 4564 1878 4646 inquirantur,
1900 4570 1935 4629 et
1957 4564 1989 4629 in

437 4660 499 4727 biis
519 4661 749 4746 (delinquentes,
782 4665 951 4730 secundum
974 4666 1161 4748 qualitatem
1190 4664 1297 4731 delicti
1319 4664 1360 4731 ab
1382 4663 1513 4730 hiisdem
1543 4663 1779 4749 archidyaconis
1807 4667 1989 4750 puniantur.

541 4763 692 4832 Preterea
713 4768 894 4848 statuimus,
917 4773 954 4834 ιιι
975 4767 1130 4833 cimiteria
1151 4785 1273 4850 scalper
1294 4767 1360 4832 siat
1381 4764 1501 4848 plancis
1523 4765 1718 4832 circumdata
1737 4764 1929 4849 vetimento,
1952 4773 1990 4834 ut

437 4884 502 4934 noa
522 4885 646 4934 sacrum
665 4868 849 4936 dinoscatur
870 4887 1007 4935 asuero.

540 4969 651 5036 Preter
669 4969 726 5036 hcc
757 4979 862 5038 autern
885 4972 1085 5056 precipiendo
1114 4972 1309 5052 nvnrrdamus,
1330 4976 1367 5037 ut
1389 4970 1494 5037 trullus
1515 4971 1644 5039 missam
1672 4971 1782 5040 audiat
1802 4973 1988 5058 presbyteri,

438 5089 530 5154 quem
552 5073 613 5138 scit
634 5073 839 5140 concubinam
863 5074 980 5142 lrabere
1003 5074 1218 5141 indubitanter
1233 5075 1281 5140 vel
1300 5073 1572 5140 subintroductam
1586 5075 1759 5143 mulierem.
1783 5075 1875 5142 Unde
1889 5077 1989 5143 eciam

439 5173 508 5259 ipsu
524 5179 635 5242 ιιιιιιιι
656 5174 801 5261 Synodus
819 5177 878 5244 hoc
900 5177 1073 5263 capitulum
1095 5175 1154 5242 suh
1173 5177 1495 5244 excommunicatione
1515 5177 1641 5259 statuit,
1661 5179 1781 5246 diurnus:
1805 5178 1989 5265 Quicunque
