<?xml version="1.0" encoding="UTF-8"?>
<!DOCTYPE html PUBLIC "-//W3C//DTD XHTML 1.0 Transitional//EN"
    "http://www.w3.org/TR/xhtml1/DTD/xhtml1-transitional.dtd">
<html xmlns="http://www.w3.org/1999/xhtml" xml:lang="en" lang="en">
 <head>
  <title>
</title>
<meta http-equiv="Content-Type" content="text/html;charset=utf-8" />
  <meta name='ocr-system' content='tesseract 3.04.00' />
  <meta name='ocr-capabilities' content='ocr_page ocr_carea ocr_par ocr_line ocrx_word'/>
</head>
<body>
  <div class='ocr_page' id='page_1' title='image "./codexdiplomatic03zakrgoog_0020.png"; bbox 0 0 4860 6180; ppageno 0'>
   <div class='ocr_carea' id='block_1_1' title="bbox 1107 529 1314 619">
    <p class='ocr_par' dir='ltr' id='par_1_1' title="bbox 1107 529 1314 619">
     <span class='ocr_line' id='line_1_1' title="bbox 1107 529 1314 619; baseline 0.005 -3"><span class='ocrx_word' id='word_1_1' title='bbox 1107 531 1181 619; x_wconf 87' lang='lat' dir='ltr'><strong>Nr.</strong></span> <span class='ocrx_word' id='word_1_2' title='bbox 1213 529 1314 617; x_wconf 83' lang='lat'><strong>344.</strong></span> 
     </span>
    </p>
   </div>
   <div class='ocr_carea' id='block_1_2' title="bbox 406 722 1985 1342">
    <p class='ocr_par' dir='ltr' id='par_1_2' title="bbox 406 722 1985 1139">
     <span class='ocr_line' id='line_1_2' title="bbox 406 722 1984 830; baseline 0 -22"><span class='ocrx_word' id='word_1_3' title='bbox 406 725 412 736; x_wconf 86' lang='lat'><em>&#39;</em></span> <span class='ocrx_word' id='word_1_4' title='bbox 535 722 727 808; x_wconf 78' lang='lat' dir='ltr'><strong>Boleslauu</strong></span> <span class='ocrx_word' id='word_1_5' title='bbox 754 725 832 810; x_wconf 89' lang='lat' dir='ltr'><strong>dux</strong></span> <span class='ocrx_word' id='word_1_6' title='bbox 856 726 1003 810; x_wconf 86' lang='lat' dir='ltr'><strong>Polonie</strong></span> <span class='ocrx_word' id='word_1_7' title='bbox 1032 731 1164 810; x_wconf 77' lang='lat'>1256</span> <span class='ocrx_word' id='word_1_8' title='bbox 1191 750 1220 811; x_wconf 86' lang='lat' dir='ltr'><strong>s.</strong></span> <span class='ocrx_word' id='word_1_9' title='bbox 1247 728 1291 828; x_wconf 81' lang='lat' dir='ltr'><strong>b,</strong></span> <span class='ocrx_word' id='word_1_10' title='bbox 1317 728 1360 810; x_wconf 91' lang='lat' dir='ltr'><strong>ln</strong></span> <span class='ocrx_word' id='word_1_11' title='bbox 1388 725 1554 830; x_wconf 62' lang='lat' dir='ltr'><strong>Gnarum</strong></span> <span class='ocrx_word' id='word_1_12' title='bbox 1582 750 1684 811; x_wconf 78' lang='lat' dir='ltr'><strong>mom</strong></span> <span class='ocrx_word' id='word_1_13' title='bbox 1706 741 1802 810; x_wconf 78' lang='lat' dir='ltr'><strong>nabet</strong></span> <span class='ocrx_word' id='word_1_14' title='bbox 1823 746 1984 825; x_wconf 61' lang='lat' dir='ltr'><strong>prmum·</strong></span> 
     </span>
     <span class='ocr_line' id='line_1_3' title="bbox 434 843 1985 933; baseline -0.003 -18"><span class='ocrx_word' id='word_1_15' title='bbox 434 846 552 916; x_wconf 90' lang='lat' dir='ltr'><strong>tionem</strong></span> <span class='ocrx_word' id='word_1_16' title='bbox 577 846 772 929; x_wconf 85' lang='lat' dir='ltr'><strong>quorundum</strong></span> <span class='ocrx_word' id='word_1_17' title='bbox 791 845 1002 915; x_wconf 81' lang='lat' dir='ltr'><strong>herslitatum</strong></span> <span class='ocrx_word' id='word_1_18' title='bbox 1024 853 1057 916; x_wconf 90' lang='lat' dir='ltr'><strong>ot</strong></span> <span class='ocrx_word' id='word_1_19' title='bbox 1078 848 1293 929; x_wconf 88' lang='lat' dir='ltr'><strong>ecclesiarum,</strong></span> <span class='ocrx_word' id='word_1_20' title='bbox 1319 864 1418 933; x_wconf 75' lang='lat' dir='ltr'><strong>uuam</strong></span> <span class='ocrx_word' id='word_1_21' title='bbox 1440 846 1541 915; x_wconf 84' lang='lat' dir='ltr'><strong>frater</strong></span> <span class='ocrx_word' id='word_1_22' title='bbox 1558 866 1635 914; x_wconf 90' lang='lat' dir='ltr'><strong>suus</strong></span> <span class='ocrx_word' id='word_1_23' title='bbox 1656 845 1790 914; x_wconf 87' lang='lat' dir='ltr'><strong>Promisi</strong></span> <span class='ocrx_word' id='word_1_24' title='bbox 1809 844 1874 910; x_wconf 88' lang='lat' dir='ltr'><strong>dux</strong></span> <span class='ocrx_word' id='word_1_25' title='bbox 1891 843 1985 911; x_wconf 89' lang='lat' dir='ltr'><strong>Polo·</strong></span> 
     </span>
     <span class='ocr_line' id='line_1_4' title="bbox 434 946 1984 1035; baseline -0.003 -17"><span class='ocrx_word' id='word_1_26' title='bbox 434 949 506 1018; x_wconf 78' lang='lat' dir='ltr'><strong>ulae</strong></span> <span class='ocrx_word' id='word_1_27' title='bbox 524 952 560 1016; x_wconf 86' lang='lat' dir='ltr'><strong>at</strong></span> <span class='ocrx_word' id='word_1_28' title='bbox 579 946 694 1018; x_wconf 73' lang='lat' dir='ltr'><strong>unua</strong></span> <span class='ocrx_word' id='word_1_29' title='bbox 715 948 890 1033; x_wconf 77' lang='lat' dir='ltr'><strong>Hospitalis</strong></span> <span class='ocrx_word' id='word_1_30' title='bbox 909 971 935 1019; x_wconf 89' lang='lat' dir='ltr'><strong>s.</strong></span> <span class='ocrx_word' id='word_1_31' title='bbox 957 952 1104 1019; x_wconf 79' lang='lat' dir='ltr'><strong>Iohannis</strong></span> <span class='ocrx_word' id='word_1_32' title='bbox 1126 953 1158 1019; x_wconf 91' lang='lat' dir='ltr'><strong>in</strong></span> <span class='ocrx_word' id='word_1_33' title='bbox 1180 950 1306 1018; x_wconf 84' lang='lat' dir='ltr'><strong>Pozuari</strong></span> <span class='ocrx_word' id='word_1_34' title='bbox 1328 969 1438 1018; x_wconf 90' lang='lat' dir='ltr'><strong>seeum</strong></span> <span class='ocrx_word' id='word_1_35' title='bbox 1460 950 1615 1035; x_wconf 84' lang='lat' dir='ltr'><strong>iecerunt,</strong></span> <span class='ocrx_word' id='word_1_36' title='bbox 1649 955 1683 1018; x_wconf 90' lang='lat' dir='ltr'><strong>et</strong></span> <span class='ocrx_word' id='word_1_37' title='bbox 1710 946 1795 1015; x_wconf 84' lang='lat' dir='ltr'><strong>villis</strong></span> <span class='ocrx_word' id='word_1_38' title='bbox 1813 946 1984 1015; x_wconf 87' lang='lat' dir='ltr'><strong>eorundem</strong></span> 
     </span>
     <span class='ocr_line' id='line_1_5' title="bbox 431 1050 1433 1139; baseline -0.001 -17"><span class='ocrx_word' id='word_1_39' title='bbox 431 1052 568 1122; x_wconf 68' lang='lat' dir='ltr'><strong>merum</strong></span> <span class='ocrx_word' id='word_1_40' title='bbox 588 1050 622 1117; x_wconf 93' lang='lat' dir='ltr'><strong>in</strong></span> <span class='ocrx_word' id='word_1_41' title='bbox 636 1069 693 1118; x_wconf 90' lang='lat' dir='ltr'><strong>suo</strong></span> <span class='ocrx_word' id='word_1_42' title='bbox 714 1051 831 1119; x_wconf 85' lang='lat' dir='ltr'><strong>ducatu</strong></span> <span class='ocrx_word' id='word_1_43' title='bbox 852 1053 923 1120; x_wconf 90' lang='lat' dir='ltr'><strong>sitis</strong></span> <span class='ocrx_word' id='word_1_44' title='bbox 945 1053 1096 1139; x_wconf 86' lang='lat' dir='ltr'><strong>plurimas</strong></span> <span class='ocrx_word' id='word_1_45' title='bbox 1117 1053 1281 1121; x_wconf 75' lang='lat' dir='ltr'><strong>libertates</strong></span> <span class='ocrx_word' id='word_1_46' title='bbox 1302 1052 1433 1121; x_wconf 80' lang='lat' dir='ltr'><strong>confert</strong></span> 
     </span>
    </p>

    <p class='ocr_par' dir='ltr' id='par_1_3' title="bbox 534 1155 1828 1239">
     <span class='ocr_line' id='line_1_6' title="bbox 534 1155 1828 1239; baseline -0.002 -19"><span class='ocrx_word' id='word_1_47' title='bbox 534 1156 637 1236; x_wconf 76' lang='lat' dir='ltr'><strong>Idoplo</strong></span> <span class='ocrx_word' id='word_1_48' title='bbox 657 1176 685 1218; x_wconf 78' lang='lat' dir='ltr'><strong>ar</strong></span> <span class='ocrx_word' id='word_1_49' title='bbox 701 1159 836 1237; x_wconf 65' lang='lat' dir='ltr'><strong>zrprpcie</strong></span> <span class='ocrx_word' id='word_1_50' title='bbox 851 1161 1053 1239; x_wconf 76' lang='lat' dir='ltr'><strong>popieroroym</strong></span> <span class='ocrx_word' id='word_1_51' title='bbox 1075 1160 1126 1224; x_wconf 83' lang='lat' dir='ltr'><strong>bez</strong></span> <span class='ocrx_word' id='word_1_52' title='bbox 1144 1162 1283 1238; x_wconf 78' lang='lat' dir='ltr'><strong>podoolo</strong></span> <span class='ocrx_word' id='word_1_53' title='bbox 1303 1156 1431 1235; x_wconf 82' lang='lat' dir='ltr'><strong>z&#39;ro&#39;dla,·</strong></span> <span class='ocrx_word' id='word_1_54' title='bbox 1457 1162 1558 1238; x_wconf 80' lang='lat' dir='ltr'><strong>pirmo</strong></span> <span class='ocrx_word' id='word_1_55' title='bbox 1579 1159 1615 1222; x_wconf 86' lang='lat' dir='ltr'><em>X</em></span> <span class='ocrx_word' id='word_1_56' title='bbox 1619 1157 1708 1222; x_wconf 79' lang='lat' dir='ltr'><em>VIII</em></span> <span class='ocrx_word' id='word_1_57' title='bbox 1724 1155 1828 1219; x_wconf 70' lang='lat' dir='ltr'><strong>meme</strong></span> 
     </span>
    </p>

    <p class='ocr_par' dir='ltr' id='par_1_4' title="bbox 535 1259 1516 1342">
     <span class='ocr_line' id='line_1_7' title="bbox 535 1259 1516 1342; baseline 0.004 -19"><span class='ocrx_word' id='word_1_58' title='bbox 535 1259 652 1338; x_wconf 75' lang='lat' dir='ltr'><strong>Praom</strong></span> <span class='ocrx_word' id='word_1_59' title='bbox 681 1262 800 1324; x_wconf 77' lang='lat' dir='ltr'><strong>Arcbln</strong></span> <span class='ocrx_word' id='word_1_60' title='bbox 823 1264 984 1339; x_wconf 79' lang='lat' dir='ltr'><strong>prioratus</strong></span> <span class='ocrx_word' id='word_1_61' title='bbox 1010 1264 1132 1327; x_wconf 78' lang='lat' dir='ltr'><strong>Ordinis</strong></span> <span class='ocrx_word' id='word_1_62' title='bbox 1152 1266 1283 1342; x_wconf 79' lang='lat' dir='ltr'><strong>equitum</strong></span> <span class='ocrx_word' id='word_1_63' title='bbox 1306 1263 1516 1327; x_wconf 74' lang='lat' dir='ltr'><strong>Melitensium·</strong></span> 
     </span>
    </p>
   </div>
   <div class='ocr_carea' id='block_1_3' title="bbox 430 1457 2011 4734">
    <p class='ocr_par' dir='ltr' id='par_1_5' title="bbox 430 1457 2011 4734">
     <span class='ocr_line' id='line_1_8' title="bbox 535 1457 1985 1544; baseline -0.003 -14"><span class='ocrx_word' id='word_1_64' title='bbox 535 1460 574 1530; x_wconf 87' lang='lat' dir='ltr'><strong>lu</strong></span> <span class='ocrx_word' id='word_1_65' title='bbox 595 1462 722 1531; x_wconf 73' lang='lat' dir='ltr'><strong>nomme</strong></span> <span class='ocrx_word' id='word_1_66' title='bbox 742 1469 851 1532; x_wconf 86' lang='lat' dir='ltr'><strong>sancte</strong></span> <span class='ocrx_word' id='word_1_67' title='bbox 872 1470 906 1532; x_wconf 89' lang='lat' dir='ltr'><strong>et</strong></span> <span class='ocrx_word' id='word_1_68' title='bbox 926 1465 1085 1534; x_wconf 85' lang='lat' dir='ltr'><strong>individue</strong></span> <span class='ocrx_word' id='word_1_69' title='bbox 1098 1465 1264 1533; x_wconf 84' lang='lat' dir='ltr'><strong>Trinitatis</strong></span> <span class='ocrx_word' id='word_1_70' title='bbox 1283 1483 1384 1532; x_wconf 86' lang='lat' dir='ltr'><strong>amem</strong></span> <span class='ocrx_word' id='word_1_71' title='bbox 1424 1463 1578 1544; x_wconf 82' lang='lat' dir='ltr'><strong>Quoniam</strong></span> <span class='ocrx_word' id='word_1_72' title='bbox 1593 1481 1701 1531; x_wconf 88' lang='lat' dir='ltr'><strong>ornnes</strong></span> <span class='ocrx_word' id='word_1_73' title='bbox 1715 1460 1870 1528; x_wconf 86' lang='lat' dir='ltr'><strong>morimur</strong></span> <span class='ocrx_word' id='word_1_74' title='bbox 1890 1457 1985 1527; x_wconf 89' lang='lat' dir='ltr'><strong>simul</strong></span> 
     </span>
     <span class='ocr_line' id='line_1_9' title="bbox 431 1564 1984 1656; baseline -0.003 -20"><span class='ocrx_word' id='word_1_75' title='bbox 431 1567 465 1636; x_wconf 90' lang='lat' dir='ltr'><strong>in</strong></span> <span class='ocrx_word' id='word_1_76' title='bbox 486 1583 595 1648; x_wconf 81' lang='lat' dir='ltr'><strong>mum,</strong></span> <span class='ocrx_word' id='word_1_77' title='bbox 616 1565 703 1633; x_wconf 82' lang='lat' dir='ltr'><strong>divas</strong></span> <span class='ocrx_word' id='word_1_78' title='bbox 723 1570 757 1632; x_wconf 90' lang='lat' dir='ltr'><strong>et</strong></span> <span class='ocrx_word' id='word_1_79' title='bbox 778 1585 907 1650; x_wconf 87' lang='lat' dir='ltr'><strong>pauper,</strong></span> <span class='ocrx_word' id='word_1_80' title='bbox 926 1586 983 1636; x_wconf 87' lang='lat' dir='ltr'><strong>nee</strong></span> <span class='ocrx_word' id='word_1_81' title='bbox 1001 1576 1052 1637; x_wconf 86' lang='lat' dir='ltr'><strong>est</strong></span> <span class='ocrx_word' id='word_1_82' title='bbox 1071 1569 1191 1654; x_wconf 88' lang='lat' dir='ltr'><strong>aliquid</strong></span> <span class='ocrx_word' id='word_1_83' title='bbox 1212 1569 1296 1653; x_wconf 85' lang='lat' dir='ltr'><strong>quod</strong></span> <span class='ocrx_word' id='word_1_84' title='bbox 1310 1569 1343 1636; x_wconf 89' lang='lat' dir='ltr'><strong>in</strong></span> <span class='ocrx_word' id='word_1_85' title='bbox 1363 1568 1475 1656; x_wconf 85' lang='lat' dir='ltr'><strong>mortis</strong></span> <span class='ocrx_word' id='word_1_86' title='bbox 1496 1567 1631 1636; x_wconf 83' lang='lat' dir='ltr'><strong>articulo</strong></span> <span class='ocrx_word' id='word_1_87' title='bbox 1654 1572 1779 1634; x_wconf 77' lang='lat' dir='ltr'><strong>mutum</strong></span> <span class='ocrx_word' id='word_1_88' title='bbox 1800 1565 1907 1633; x_wconf 87' lang='lat' dir='ltr'><strong>valeat</strong></span> <span class='ocrx_word' id='word_1_89' title='bbox 1927 1564 1984 1632; x_wconf 88' lang='lat' dir='ltr'><strong>bo-</strong></span> 
     </span>
     <span class='ocr_line' id='line_1_10' title="bbox 432 1667 1985 1757; baseline -0.002 -18"><span class='ocrx_word' id='word_1_90' title='bbox 432 1668 552 1739; x_wconf 89' lang='lat' dir='ltr'><strong>minum</strong></span> <span class='ocrx_word' id='word_1_91' title='bbox 573 1667 703 1737; x_wconf 79' lang='lat' dir='ltr'><strong>cuilibet</strong></span> <span class='ocrx_word' id='word_1_92' title='bbox 723 1668 890 1753; x_wconf 75' lang='lat' dir='ltr'><strong>suffragari</strong></span> <span class='ocrx_word' id='word_1_93' title='bbox 910 1670 993 1739; x_wconf 74' lang='lat' dir='ltr'><strong>sicut</strong></span> <span class='ocrx_word' id='word_1_94' title='bbox 1006 1672 1231 1756; x_wconf 80' lang='lat' dir='ltr'><strong>misericordia,</strong></span> <span class='ocrx_word' id='word_1_95' title='bbox 1254 1692 1315 1757; x_wconf 89' lang='lat' dir='ltr'><strong>que</strong></span> <span class='ocrx_word' id='word_1_96' title='bbox 1335 1673 1405 1740; x_wconf 90' lang='lat' dir='ltr'><strong>sola</strong></span> <span class='ocrx_word' id='word_1_97' title='bbox 1419 1678 1470 1739; x_wconf 81' lang='lat' dir='ltr'><strong>ast</strong></span> <span class='ocrx_word' id='word_1_98' title='bbox 1484 1690 1587 1740; x_wconf 88' lang='lat' dir='ltr'><strong>comes</strong></span> <span class='ocrx_word' id='word_1_99' title='bbox 1608 1670 1843 1739; x_wconf 81' lang='lat' dir='ltr'><strong>detunctorum:</strong></span> <span class='ocrx_word' id='word_1_100' title='bbox 1865 1668 1985 1736; x_wconf 88' lang='lat' dir='ltr'><strong>iustum</strong></span> 
     </span>
     <span class='ocr_line' id='line_1_11' title="bbox 432 1770 1985 1860; baseline -0.002 -18"><span class='ocrx_word' id='word_1_101' title='bbox 432 1777 492 1856; x_wconf 74' lang='lat' dir='ltr'><strong>at,</strong></span> <span class='ocrx_word' id='word_1_102' title='bbox 513 1771 650 1839; x_wconf 83' lang='lat' dir='ltr'><strong>maxime</strong></span> <span class='ocrx_word' id='word_1_103' title='bbox 670 1771 761 1839; x_wconf 91' lang='lat' dir='ltr'><strong>nobis</strong></span> <span class='ocrx_word' id='word_1_104' title='bbox 783 1772 837 1856; x_wconf 86' lang='lat' dir='ltr'><strong>qui</strong></span> <span class='ocrx_word' id='word_1_105' title='bbox 859 1791 916 1856; x_wconf 89' lang='lat' dir='ltr'><strong>pre</strong></span> <span class='ocrx_word' id='word_1_106' title='bbox 937 1775 1050 1842; x_wconf 84' lang='lat' dir='ltr'><strong>ceteris</strong></span> <span class='ocrx_word' id='word_1_107' title='bbox 1064 1795 1084 1843; x_wconf 85' lang='lat' dir='ltr'><strong>a</strong></span> <span class='ocrx_word' id='word_1_108' title='bbox 1098 1775 1233 1843; x_wconf 90' lang='lat' dir='ltr'><strong>Domino</strong></span> <span class='ocrx_word' id='word_1_109' title='bbox 1248 1775 1337 1844; x_wconf 89' lang='lat' dir='ltr'><strong>bouis</strong></span> <span class='ocrx_word' id='word_1_110' title='bbox 1357 1776 1559 1860; x_wconf 84' lang='lat' dir='ltr'><strong>presentibus</strong></span> <span class='ocrx_word' id='word_1_111' title='bbox 1572 1775 1773 1853; x_wconf 90' lang='lat' dir='ltr'><strong>honoramur,</strong></span> <span class='ocrx_word' id='word_1_112' title='bbox 1793 1772 1852 1838; x_wconf 86' lang='lat' dir='ltr'><strong>beo</strong></span> <span class='ocrx_word' id='word_1_113' title='bbox 1864 1770 1985 1856; x_wconf 75' lang='lat' dir='ltr'><strong>largius</strong></span> 
     </span>
     <span class='ocr_line' id='line_1_12' title="bbox 432 1873 1985 1963; baseline -0.003 -19"><span class='ocrx_word' id='word_1_114' title='bbox 432 1880 467 1944; x_wconf 87' lang='lat' dir='ltr'><strong>et</strong></span> <span class='ocrx_word' id='word_1_115' title='bbox 485 1873 730 1942; x_wconf 79' lang='lat' dir='ltr'><strong>uusedoorditer</strong></span> <span class='ocrx_word' id='word_1_116' title='bbox 751 1873 820 1941; x_wconf 84' lang='lat' dir='ltr'><strong>Deo</strong></span> <span class='ocrx_word' id='word_1_117' title='bbox 839 1874 874 1941; x_wconf 90' lang='lat' dir='ltr'><strong>in</strong></span> <span class='ocrx_word' id='word_1_118' title='bbox 894 1877 1036 1960; x_wconf 82' lang='lat' dir='ltr'><strong>persoms</strong></span> <span class='ocrx_word' id='word_1_119' title='bbox 1058 1895 1119 1961; x_wconf 88' lang='lat' dir='ltr'><strong>que</strong></span> <span class='ocrx_word' id='word_1_120' title='bbox 1140 1878 1201 1945; x_wconf 84' lang='lat' dir='ltr'><strong>sibi</strong></span> <span class='ocrx_word' id='word_1_121' title='bbox 1222 1878 1363 1945; x_wconf 82' lang='lat' dir='ltr'><strong>seruiunt</strong></span> <span class='ocrx_word' id='word_1_122' title='bbox 1383 1878 1551 1963; x_wconf 89' lang='lat' dir='ltr'><strong>impertiri,</strong></span> <span class='ocrx_word' id='word_1_123' title='bbox 1573 1881 1610 1943; x_wconf 93' lang='lat' dir='ltr'><strong>ut</strong></span> <span class='ocrx_word' id='word_1_124' title='bbox 1628 1876 1675 1943; x_wconf 89' lang='lat' dir='ltr'><strong>sio</strong></span> <span class='ocrx_word' id='word_1_125' title='bbox 1694 1875 1728 1940; x_wconf 96' lang='lat' dir='ltr'><strong>in</strong></span> <span class='ocrx_word' id='word_1_126' title='bbox 1748 1873 1857 1941; x_wconf 81' lang='lat' dir='ltr'><strong>futuro</strong></span> <span class='ocrx_word' id='word_1_127' title='bbox 1877 1873 1985 1941; x_wconf 89' lang='lat' dir='ltr'><strong>distri·</strong></span> 
     </span>
     <span class='ocr_line' id='line_1_13' title="bbox 434 1976 1987 2064; baseline -0.001 -17"><span class='ocrx_word' id='word_1_128' title='bbox 434 1984 522 2047; x_wconf 90' lang='lat' dir='ltr'><strong>ctum</strong></span> <span class='ocrx_word' id='word_1_129' title='bbox 540 1977 676 2045; x_wconf 88' lang='lat' dir='ltr'><strong>iudicem</strong></span> <span class='ocrx_word' id='word_1_130' title='bbox 697 1995 734 2045; x_wconf 91' lang='lat' dir='ltr'><strong>eo</strong></span> <span class='ocrx_word' id='word_1_131' title='bbox 753 1976 878 2045; x_wconf 77' lang='lat' dir='ltr'><strong>monim</strong></span> <span class='ocrx_word' id='word_1_132' title='bbox 900 1977 991 2046; x_wconf 90' lang='lat' dir='ltr'><strong>nobis</strong></span> <span class='ocrx_word' id='word_1_133' title='bbox 1019 1979 1205 2064; x_wconf 75' lang='lat' dir='ltr'><strong>placabilem</strong></span> <span class='ocrx_word' id='word_1_134' title='bbox 1233 1981 1451 2049; x_wconf 81' lang='lat' dir='ltr'><strong>inveniremus.</strong></span> <span class='ocrx_word' id='word_1_135' title='bbox 1495 1979 1616 2047; x_wconf 86' lang='lat' dir='ltr'><strong>Notum</strong></span> <span class='ocrx_word' id='word_1_136' title='bbox 1641 1978 1685 2044; x_wconf 89' lang='lat' dir='ltr'><strong>sit</strong></span> <span class='ocrx_word' id='word_1_137' title='bbox 1712 1977 1811 2061; x_wconf 81' lang='lat' dir='ltr'><strong>igitur</strong></span> <span class='ocrx_word' id='word_1_138' title='bbox 1842 1977 1987 2046; x_wconf 91' lang='lat' dir='ltr'><strong>omnibus</strong></span> 
     </span>
     <span class='ocr_line' id='line_1_14' title="bbox 432 2078 1986 2167; baseline 0.001 -19"><span class='ocrx_word' id='word_1_139' title='bbox 432 2085 499 2148; x_wconf 67' lang='lat' dir='ltr'><strong>mm</strong></span> <span class='ocrx_word' id='word_1_140' title='bbox 520 2078 719 2164; x_wconf 75' lang='lat' dir='ltr'><strong>presentibus</strong></span> <span class='ocrx_word' id='word_1_141' title='bbox 739 2098 836 2164; x_wconf 88' lang='lat' dir='ltr'><strong>quam</strong></span> <span class='ocrx_word' id='word_1_142' title='bbox 856 2079 972 2149; x_wconf 81' lang='lat' dir='ltr'><strong>futuris</strong></span> <span class='ocrx_word' id='word_1_143' title='bbox 993 2089 1171 2165; x_wconf 83' lang='lat' dir='ltr'><strong>presentem</strong></span> <span class='ocrx_word' id='word_1_144' title='bbox 1192 2084 1339 2167; x_wconf 50' lang='lat' dir='ltr'><strong>menam</strong></span> <span class='ocrx_word' id='word_1_145' title='bbox 1357 2083 1558 2167; x_wconf 89' lang='lat' dir='ltr'><strong>inspecturis,</strong></span> <span class='ocrx_word' id='word_1_146' title='bbox 1576 2080 1661 2166; x_wconf 88' lang='lat' dir='ltr'><strong>quod</strong></span> <span class='ocrx_word' id='word_1_147' title='bbox 1674 2098 1733 2147; x_wconf 90' lang='lat' dir='ltr'><strong>nos</strong></span> <span class='ocrx_word' id='word_1_148' title='bbox 1746 2078 1911 2148; x_wconf 83' lang='lat' dir='ltr'><strong>Boleslaus</strong></span> <span class='ocrx_word' id='word_1_149' title='bbox 1924 2079 1986 2149; x_wconf 89' lang='lat' dir='ltr'><strong>Dei</strong></span> 
     </span>
     <span class='ocr_line' id='line_1_15' title="bbox 430 2182 1986 2279; baseline 0.002 -30"><span class='ocrx_word' id='word_1_150' title='bbox 430 2183 540 2270; x_wconf 70' lang='lat' dir='ltr'><strong>gracia</strong></span> <span class='ocrx_word' id='word_1_151' title='bbox 556 2182 621 2250; x_wconf 84' lang='lat' dir='ltr'><strong>dux</strong></span> <span class='ocrx_word' id='word_1_152' title='bbox 642 2182 771 2252; x_wconf 88' lang='lat' dir='ltr'><strong>Polonie</strong></span> <span class='ocrx_word' id='word_1_153' title='bbox 792 2183 1012 2252; x_wconf 86' lang='lat' dir='ltr'><strong>confirmamus</strong></span> <span class='ocrx_word' id='word_1_154' title='bbox 1030 2204 1068 2253; x_wconf 89' lang='lat' dir='ltr'><strong>ac</strong></span> <span class='ocrx_word' id='word_1_155' title='bbox 1085 2192 1190 2254; x_wconf 85' lang='lat' dir='ltr'><strong>ratam</strong></span> <span class='ocrx_word' id='word_1_156' title='bbox 1212 2194 1246 2254; x_wconf 92' lang='lat' dir='ltr'><strong>et</strong></span> <span class='ocrx_word' id='word_1_157' title='bbox 1272 2187 1455 2279; x_wconf 84' lang='lat' dir='ltr'><strong>inviolatam</strong></span> <span class='ocrx_word' id='word_1_158' title='bbox 1486 2204 1555 2253; x_wconf 90' lang='lat' dir='ltr'><strong>esse</strong></span> <span class='ocrx_word' id='word_1_159' title='bbox 1576 2184 1720 2252; x_wconf 86' lang='lat' dir='ltr'><strong>volumus</strong></span> <span class='ocrx_word' id='word_1_160' title='bbox 1741 2183 1776 2249; x_wconf 92' lang='lat' dir='ltr'><strong>in</strong></span> <span class='ocrx_word' id='word_1_161' title='bbox 1798 2189 1986 2268; x_wconf 84' lang='lat' dir='ltr'><strong>perpetuum</strong></span> 
     </span>
     <span class='ocr_line' id='line_1_16' title="bbox 432 2279 1987 2373; baseline 0 -20"><span class='ocrx_word' id='word_1_162' title='bbox 432 2285 709 2372; x_wconf 76' lang='lat' dir='ltr'><strong>pamutacimem,</strong></span> <span class='ocrx_word' id='word_1_163' title='bbox 732 2304 827 2371; x_wconf 87' lang='lat' dir='ltr'><strong>quam</strong></span> <span class='ocrx_word' id='word_1_164' title='bbox 848 2286 982 2356; x_wconf 83' lang='lat' dir='ltr'><strong>illustris</strong></span> <span class='ocrx_word' id='word_1_165' title='bbox 1004 2288 1149 2373; x_wconf 88' lang='lat' dir='ltr'><strong>princeps</strong></span> <span class='ocrx_word' id='word_1_166' title='bbox 1169 2288 1313 2355; x_wconf 82' lang='lat' dir='ltr'><strong>dominus</strong></span> <span class='ocrx_word' id='word_1_167' title='bbox 1326 2279 1511 2356; x_wconf 79' lang='lat' dir='ltr'><strong>Premislium</strong></span> <span class='ocrx_word' id='word_1_168' title='bbox 1527 2287 1671 2354; x_wconf 76' lang='lat' dir='ltr'><strong>ntminus</strong></span> <span class='ocrx_word' id='word_1_169' title='bbox 1685 2285 1786 2353; x_wconf 84' lang='lat' dir='ltr'><strong>frater</strong></span> <span class='ocrx_word' id='word_1_170' title='bbox 1799 2291 1908 2354; x_wconf 86' lang='lat' dir='ltr'><strong>noster</strong></span> <span class='ocrx_word' id='word_1_171' title='bbox 1920 2285 1987 2353; x_wconf 86' lang='lat' dir='ltr'><strong>dux</strong></span> 
     </span>
     <span class='ocr_line' id='line_1_17' title="bbox 431 2387 1986 2474; baseline -0.002 -15"><span class='ocrx_word' id='word_1_172' title='bbox 431 2387 572 2459; x_wconf 87' lang='lat' dir='ltr'><strong>eiusdem</strong></span> <span class='ocrx_word' id='word_1_173' title='bbox 600 2387 729 2456; x_wconf 85' lang='lat' dir='ltr'><strong>Polonie</strong></span> <span class='ocrx_word' id='word_1_174' title='bbox 762 2389 803 2457; x_wconf 88' lang='lat' dir='ltr'><strong>de</strong></span> <span class='ocrx_word' id='word_1_175' title='bbox 829 2397 938 2458; x_wconf 85' lang='lat' dir='ltr'><strong>nostro</strong></span> <span class='ocrx_word' id='word_1_176' title='bbox 968 2409 1122 2459; x_wconf 86' lang='lat' dir='ltr'><strong>consensu</strong></span> <span class='ocrx_word' id='word_1_177' title='bbox 1146 2391 1221 2459; x_wconf 88' lang='lat' dir='ltr'><strong>iecit</strong></span> <span class='ocrx_word' id='word_1_178' title='bbox 1242 2409 1314 2459; x_wconf 90' lang='lat' dir='ltr'><strong>eum</strong></span> <span class='ocrx_word' id='word_1_179' title='bbox 1333 2389 1486 2458; x_wconf 79' lang='lat' dir='ltr'><strong>trabibus</strong></span> <span class='ocrx_word' id='word_1_180' title='bbox 1512 2389 1690 2474; x_wconf 69' lang='lat' dir='ltr'><strong>Hospitalis</strong></span> <span class='ocrx_word' id='word_1_181' title='bbox 1711 2387 1815 2455; x_wconf 87' lang='lat' dir='ltr'><strong>sancti</strong></span> <span class='ocrx_word' id='word_1_182' title='bbox 1835 2388 1986 2456; x_wconf 90' lang='lat' dir='ltr'><strong>lobannis</strong></span> 
     </span>
     <span class='ocr_line' id='line_1_18' title="bbox 431 2490 1986 2580; baseline -0.001 -19"><span class='ocrx_word' id='word_1_183' title='bbox 431 2492 466 2561; x_wconf 90' lang='lat' dir='ltr'><strong>iu</strong></span> <span class='ocrx_word' id='word_1_184' title='bbox 483 2490 622 2575; x_wconf 86' lang='lat' dir='ltr'><strong>Poanan,</strong></span> <span class='ocrx_word' id='word_1_185' title='bbox 648 2491 794 2560; x_wconf 82' lang='lat' dir='ltr'><strong>videlieet</strong></span> <span class='ocrx_word' id='word_1_186' title='bbox 814 2511 910 2577; x_wconf 90' lang='lat' dir='ltr'><strong>super</strong></span> <span class='ocrx_word' id='word_1_187' title='bbox 935 2495 1067 2562; x_wconf 85' lang='lat' dir='ltr'><strong>ecclesia</strong></span> <span class='ocrx_word' id='word_1_188' title='bbox 1084 2494 1128 2568; x_wconf 88' lang='lat' dir='ltr'><strong>de</strong></span> <span class='ocrx_word' id='word_1_189' title='bbox 1145 2494 1290 2580; x_wconf 79' lang='lat' dir='ltr'><strong>Obrryck</strong></span> <span class='ocrx_word' id='word_1_190' title='bbox 1307 2501 1341 2563; x_wconf 90' lang='lat' dir='ltr'><strong>et</strong></span> <span class='ocrx_word' id='word_1_191' title='bbox 1362 2493 1572 2562; x_wconf 85' lang='lat' dir='ltr'><strong>hereditatem</strong></span> <span class='ocrx_word' id='word_1_192' title='bbox 1599 2490 1727 2560; x_wconf 82' lang='lat' dir='ltr'><strong>Sedleer</strong></span> <span class='ocrx_word' id='word_1_193' title='bbox 1747 2496 1892 2559; x_wconf 67' lang='lat' dir='ltr'><strong>romum</strong></span> <span class='ocrx_word' id='word_1_194' title='bbox 1913 2509 1986 2559; x_wconf 90' lang='lat' dir='ltr'><strong>eum</strong></span> 
     </span>
     <span class='ocr_line' id='line_1_19' title="bbox 431 2592 1986 2682; baseline -0.001 -19"><span class='ocrx_word' id='word_1_195' title='bbox 431 2593 498 2663; x_wconf 86' lang='lat' dir='ltr'><strong>suis</strong></span> <span class='ocrx_word' id='word_1_196' title='bbox 519 2592 722 2676; x_wconf 81' lang='lat' dir='ltr'><strong>ntulitatibus,</strong></span> <span class='ocrx_word' id='word_1_197' title='bbox 744 2600 778 2662; x_wconf 92' lang='lat' dir='ltr'><strong>et</strong></span> <span class='ocrx_word' id='word_1_198' title='bbox 798 2613 894 2679; x_wconf 89' lang='lat' dir='ltr'><strong>snper</strong></span> <span class='ocrx_word' id='word_1_199' title='bbox 913 2596 1045 2663; x_wconf 87' lang='lat' dir='ltr'><strong>ecclesis</strong></span> <span class='ocrx_word' id='word_1_200' title='bbox 1065 2595 1105 2665; x_wconf 92' lang='lat' dir='ltr'><strong>de</strong></span> <span class='ocrx_word' id='word_1_201' title='bbox 1125 2596 1273 2682; x_wconf 75' lang='lat' dir='ltr'><strong>Bogozen</strong></span> <span class='ocrx_word' id='word_1_202' title='bbox 1290 2615 1360 2664; x_wconf 90' lang='lat' dir='ltr'><strong>oum</strong></span> <span class='ocrx_word' id='word_1_203' title='bbox 1382 2596 1466 2663; x_wconf 86' lang='lat' dir='ltr'><strong>villis</strong></span> <span class='ocrx_word' id='word_1_204' title='bbox 1486 2598 1521 2663; x_wconf 90' lang='lat' dir='ltr'><strong>et</strong></span> <span class='ocrx_word' id='word_1_205' title='bbox 1541 2596 1610 2662; x_wconf 90' lang='lat' dir='ltr'><strong>eius</strong></span> <span class='ocrx_word' id='word_1_206' title='bbox 1640 2593 1852 2678; x_wconf 87' lang='lat' dir='ltr'><strong>adscripticiis</strong></span> <span class='ocrx_word' id='word_1_207' title='bbox 1877 2599 1912 2660; x_wconf 90' lang='lat' dir='ltr'><strong>et</strong></span> <span class='ocrx_word' id='word_1_208' title='bbox 1930 2592 1986 2662; x_wconf 90' lang='lat' dir='ltr'><strong>‹le-</strong></span> 
     </span>
     <span class='ocr_line' id='line_1_20' title="bbox 432 2694 1986 2783; baseline -0.001 -19"><span class='ocrx_word' id='word_1_209' title='bbox 432 2696 533 2780; x_wconf 86' lang='lat' dir='ltr'><strong>cimia,</strong></span> <span class='ocrx_word' id='word_1_210' title='bbox 555 2715 690 2782; x_wconf 87' lang='lat' dir='ltr'><strong>quarum</strong></span> <span class='ocrx_word' id='word_1_211' title='bbox 711 2697 838 2764; x_wconf 89' lang='lat' dir='ltr'><strong>uomina</strong></span> <span class='ocrx_word' id='word_1_212' title='bbox 858 2697 893 2764; x_wconf 92' lang='lat' dir='ltr'><strong>in</strong></span> <span class='ocrx_word' id='word_1_213' title='bbox 915 2699 1077 2783; x_wconf 81' lang='lat' dir='ltr'><strong>privilegio</strong></span> <span class='ocrx_word' id='word_1_214' title='bbox 1098 2698 1299 2766; x_wconf 88' lang='lat' dir='ltr'><strong>continentur</strong></span> <span class='ocrx_word' id='word_1_215' title='bbox 1319 2697 1395 2765; x_wconf 87' lang='lat' dir='ltr'><strong>dato</strong></span> <span class='ocrx_word' id='word_1_216' title='bbox 1416 2717 1438 2764; x_wconf 87' lang='lat' dir='ltr'><strong>a</strong></span> <span class='ocrx_word' id='word_1_217' title='bbox 1457 2698 1558 2765; x_wconf 86' lang='lat' dir='ltr'><strong>fratre</strong></span> <span class='ocrx_word' id='word_1_218' title='bbox 1579 2703 1690 2765; x_wconf 92' lang='lat' dir='ltr'><strong>nostro</strong></span> <span class='ocrx_word' id='word_1_219' title='bbox 1717 2696 1844 2764; x_wconf 78' lang='lat' dir='ltr'><strong>domim</strong></span> <span class='ocrx_word' id='word_1_220' title='bbox 1866 2694 1901 2763; x_wconf 85' lang='lat' dir='ltr'><strong>P.</strong></span> <span class='ocrx_word' id='word_1_221' title='bbox 1924 2695 1986 2763; x_wconf 87' lang='lat' dir='ltr'><strong>eis·</strong></span> 
     </span>
     <span class='ocr_line' id='line_1_21' title="bbox 431 2790 2011 2891; baseline -0.003 -23"><span class='ocrx_word' id='word_1_222' title='bbox 431 2798 505 2868; x_wconf 89' lang='lat' dir='ltr'><strong>dem</strong></span> <span class='ocrx_word' id='word_1_223' title='bbox 525 2797 677 2866; x_wconf 76' lang='lat' dir='ltr'><strong>tratribus</strong></span> <span class='ocrx_word' id='word_1_224' title='bbox 696 2816 791 2883; x_wconf 90' lang='lat' dir='ltr'><strong>super</strong></span> <span class='ocrx_word' id='word_1_225' title='bbox 811 2798 898 2866; x_wconf 86' lang='lat' dir='ltr'><strong>dieta</strong></span> <span class='ocrx_word' id='word_1_226' title='bbox 918 2802 1161 2884; x_wconf 84' lang='lat' dir='ltr'><strong>permutacione,</strong></span> <span class='ocrx_word' id='word_1_227' title='bbox 1184 2790 1239 2869; x_wconf 87' lang='lat' dir='ltr'><strong>ubi</strong></span> <span class='ocrx_word' id='word_1_228' title='bbox 1259 2802 1380 2886; x_wconf 87' lang='lat' dir='ltr'><strong>etipse</strong></span> <span class='ocrx_word' id='word_1_229' title='bbox 1401 2800 1513 2868; x_wconf 91' lang='lat' dir='ltr'><strong>modus</strong></span> <span class='ocrx_word' id='word_1_230' title='bbox 1535 2799 1781 2885; x_wconf 89' lang='lat' dir='ltr'><strong>permutacionis</strong></span> <span class='ocrx_word' id='word_1_231' title='bbox 1795 2798 1985 2889; x_wconf 77' lang='lat' dir='ltr'><strong>sentinetur.</strong></span> <span class='ocrx_word' id='word_1_232' title='bbox 2006 2880 2011 2891; x_wconf 23' lang='grc' dir='ltr'>ι</span> 
     </span>
     <span class='ocr_line' id='line_1_22' title="bbox 433 2899 1988 2989; baseline -0.001 -19"><span class='ocrx_word' id='word_1_233' title='bbox 433 2899 664 2970; x_wconf 77' lang='lat' dir='ltr'><strong>Confirmamus</strong></span> <span class='ocrx_word' id='word_1_234' title='bbox 685 2906 719 2967; x_wconf 95' lang='lat' dir='ltr'><strong>et</strong></span> <span class='ocrx_word' id='word_1_235' title='bbox 739 2899 918 2968; x_wconf 83' lang='lat' dir='ltr'><strong>libertatem</strong></span> <span class='ocrx_word' id='word_1_236' title='bbox 944 2921 1007 2986; x_wconf 91' lang='lat' dir='ltr'><strong>que</strong></span> <span class='ocrx_word' id='word_1_237' title='bbox 1030 2903 1065 2970; x_wconf 94' lang='lat' dir='ltr'><strong>in</strong></span> <span class='ocrx_word' id='word_1_238' title='bbox 1089 2904 1200 2972; x_wconf 60' lang='lat' dir='ltr'><strong>mem</strong></span> <span class='ocrx_word' id='word_1_239' title='bbox 1229 2903 1391 2989; x_wconf 78' lang='lat' dir='ltr'><strong>privilegio</strong></span> <span class='ocrx_word' id='word_1_240' title='bbox 1414 2908 1465 2970; x_wconf 91' lang='lat' dir='ltr'><strong>est</strong></span> <span class='ocrx_word' id='word_1_241' title='bbox 1494 2903 1673 2986; x_wconf 86' lang='lat' dir='ltr'><strong>conscripta</strong></span> <span class='ocrx_word' id='word_1_242' title='bbox 1693 2907 1728 2968; x_wconf 90' lang='lat' dir='ltr'><strong>et</strong></span> <span class='ocrx_word' id='word_1_243' title='bbox 1747 2899 1988 2978; x_wconf 67' lang='lat' dir='ltr'><strong>dataadmue</strong></span> 
     </span>
     <span class='ocr_line' id='line_1_23' title="bbox 432 3003 1987 3090; baseline 0.001 -18"><span class='ocrx_word' id='word_1_244' title='bbox 432 3008 542 3072; x_wconf 88' lang='lat' dir='ltr'><strong>nostro</strong></span> <span class='ocrx_word' id='word_1_245' title='bbox 563 3003 733 3089; x_wconf 87' lang='lat' dir='ltr'><strong>sepedicto,</strong></span> <span class='ocrx_word' id='word_1_246' title='bbox 754 3004 895 3071; x_wconf 79' lang='lat' dir='ltr'><strong>volentos</strong></span> <span class='ocrx_word' id='word_1_247' title='bbox 916 3010 954 3072; x_wconf 91' lang='lat' dir='ltr'><strong>ot</strong></span> <span class='ocrx_word' id='word_1_248' title='bbox 974 3006 1009 3072; x_wconf 91' lang='lat' dir='ltr'><strong>in</strong></span> <span class='ocrx_word' id='word_1_249' title='bbox 1030 3005 1113 3074; x_wconf 79' lang='lat' dir='ltr'><strong>villis</strong></span> <span class='ocrx_word' id='word_1_250' title='bbox 1132 3025 1193 3090; x_wconf 85' lang='lat' dir='ltr'><strong>que</strong></span> <span class='ocrx_word' id='word_1_251' title='bbox 1215 3005 1276 3074; x_wconf 86' lang='lat' dir='ltr'><strong>sita</strong></span> <span class='ocrx_word' id='word_1_252' title='bbox 1296 3010 1372 3072; x_wconf 88' lang='lat' dir='ltr'><strong>sunt</strong></span> <span class='ocrx_word' id='word_1_253' title='bbox 1392 3005 1549 3072; x_wconf 88' lang='lat' dir='ltr'><strong>innostro</strong></span> <span class='ocrx_word' id='word_1_254' title='bbox 1571 3004 1691 3072; x_wconf 86' lang='lat' dir='ltr'><strong>ducatu</strong></span> <span class='ocrx_word' id='word_1_255' title='bbox 1711 3021 1775 3088; x_wconf 85' lang='lat' dir='ltr'><strong>que</strong></span> <span class='ocrx_word' id='word_1_256' title='bbox 1794 3003 1838 3071; x_wconf 84' lang='lat' dir='ltr'><strong>ad</strong></span> <span class='ocrx_word' id='word_1_257' title='bbox 1854 3004 1987 3073; x_wconf 88' lang='lat' dir='ltr'><strong>eundem</strong></span> 
     </span>
     <span class='ocr_line' id='line_1_24' title="bbox 432 3106 1987 3194; baseline 0 -18"><span class='ocrx_word' id='word_1_258' title='bbox 432 3107 616 3194; x_wconf 74' lang='lat' dir='ltr'><strong>mbglonem</strong></span> <span class='ocrx_word' id='word_1_259' title='bbox 636 3106 808 3192; x_wconf 85' lang='lat' dir='ltr'><strong>pertinent,</strong></span> <span class='ocrx_word' id='word_1_260' title='bbox 830 3113 868 3174; x_wconf 90' lang='lat' dir='ltr'><strong>ut</strong></span> <span class='ocrx_word' id='word_1_261' title='bbox 888 3106 1049 3190; x_wconf 83' lang='lat' dir='ltr'><strong>Radlouo,</strong></span> <span class='ocrx_word' id='word_1_262' title='bbox 1071 3106 1210 3190; x_wconf 84' lang='lat' dir='ltr'><strong>Sedlcze,</strong></span> <span class='ocrx_word' id='word_1_263' title='bbox 1233 3106 1438 3189; x_wconf 84' lang='lat' dir='ltr'><strong>Poborelicia,</strong></span> <span class='ocrx_word' id='word_1_264' title='bbox 1461 3106 1532 3192; x_wconf 85' lang='lat' dir='ltr'><strong>ipsa</strong></span> <span class='ocrx_word' id='word_1_265' title='bbox 1548 3106 1681 3175; x_wconf 83' lang='lat' dir='ltr'><strong>libertas</strong></span> <span class='ocrx_word' id='word_1_266' title='bbox 1702 3125 1766 3192; x_wconf 85' lang='lat' dir='ltr'><strong>que</strong></span> <span class='ocrx_word' id='word_1_267' title='bbox 1784 3106 1862 3174; x_wconf 90' lang='lat' dir='ltr'><strong>data</strong></span> <span class='ocrx_word' id='word_1_268' title='bbox 1882 3112 1932 3175; x_wconf 83' lang='lat' dir='ltr'><strong>est</strong></span> <span class='ocrx_word' id='word_1_269' title='bbox 1952 3112 1987 3176; x_wconf 89' lang='lat' dir='ltr'><strong>et</strong></span> 
     </span>
     <span class='ocr_line' id='line_1_25' title="bbox 432 3208 1987 3296; baseline -0.002 -15"><span class='ocrx_word' id='word_1_270' title='bbox 432 3211 622 3296; x_wconf 75' lang='lat' dir='ltr'><strong>oommipta,</strong></span> <span class='ocrx_word' id='word_1_271' title='bbox 645 3215 711 3277; x_wconf 91' lang='lat' dir='ltr'><strong>tam</strong></span> <span class='ocrx_word' id='word_1_272' title='bbox 731 3229 753 3277; x_wconf 90' lang='lat' dir='ltr'><strong>a</strong></span> <span class='ocrx_word' id='word_1_273' title='bbox 772 3210 924 3278; x_wconf 82' lang='lat' dir='ltr'><strong>fratribus</strong></span> <span class='ocrx_word' id='word_1_274' title='bbox 945 3211 1010 3279; x_wconf 74' lang='lat' dir='ltr'><strong>mm</strong></span> <span class='ocrx_word' id='word_1_275' title='bbox 1040 3211 1134 3280; x_wconf 89' lang='lat' dir='ltr'><strong>dictis</strong></span> <span class='ocrx_word' id='word_1_276' title='bbox 1162 3229 1258 3295; x_wconf 84' lang='lat' dir='ltr'><strong>qnam</strong></span> <span class='ocrx_word' id='word_1_277' title='bbox 1278 3209 1319 3277; x_wconf 86' lang='lat' dir='ltr'><strong>ab</strong></span> <span class='ocrx_word' id='word_1_278' title='bbox 1340 3208 1520 3276; x_wconf 91' lang='lat' dir='ltr'><strong>hominibus</strong></span> <span class='ocrx_word' id='word_1_279' title='bbox 1541 3228 1651 3277; x_wconf 87' lang='lat' dir='ltr'><strong>eornm</strong></span> <span class='ocrx_word' id='word_1_280' title='bbox 1672 3210 1707 3276; x_wconf 91' lang='lat' dir='ltr'><strong>in</strong></span> <span class='ocrx_word' id='word_1_281' title='bbox 1727 3209 1806 3294; x_wconf 87' lang='lat' dir='ltr'><strong>ipsis</strong></span> <span class='ocrx_word' id='word_1_282' title='bbox 1827 3209 1911 3277; x_wconf 84' lang='lat' dir='ltr'><strong>uillis</strong></span> <span class='ocrx_word' id='word_1_283' title='bbox 1931 3209 1987 3278; x_wconf 90' lang='lat' dir='ltr'><strong>de·</strong></span> 
     </span>
     <span class='ocr_line' id='line_1_26' title="bbox 431 3310 1988 3400; baseline 0 -18"><span class='ocrx_word' id='word_1_284' title='bbox 431 3313 581 3400; x_wconf 74' lang='lat' dir='ltr'><strong>gentibus</strong></span> <span class='ocrx_word' id='word_1_285' title='bbox 612 3312 841 3399; x_wconf 86' lang='lat' dir='ltr'><strong>perpetualiter</strong></span> <span class='ocrx_word' id='word_1_286' title='bbox 872 3320 1030 3382; x_wconf 70' lang='lat' dir='ltr'><strong>oeneatur.</strong></span> <span class='ocrx_word' id='word_1_287' title='bbox 1087 3313 1317 3383; x_wconf 81' lang='lat' dir='ltr'><strong>comtituimus</strong></span> <span class='ocrx_word' id='word_1_288' title='bbox 1349 3311 1505 3397; x_wconf 68' lang='lat' dir='ltr'><strong>equdem</strong></span> <span class='ocrx_word' id='word_1_289' title='bbox 1536 3310 1577 3379; x_wconf 93' lang='lat' dir='ltr'><strong>ob</strong></span> <span class='ocrx_word' id='word_1_290' title='bbox 1608 3312 1821 3381; x_wconf 80' lang='lat' dir='ltr'><strong>reverenciam</strong></span> <span class='ocrx_word' id='word_1_291' title='bbox 1853 3310 1988 3397; x_wconf 84' lang='lat' dir='ltr'><strong>predicti</strong></span> 
     </span>
     <span class='ocr_line' id='line_1_27' title="bbox 432 3413 1987 3503; baseline -0.002 -17"><span class='ocrx_word' id='word_1_292' title='bbox 432 3415 621 3503; x_wconf 80' lang='lat' dir='ltr'><strong>Hospitalis,</strong></span> <span class='ocrx_word' id='word_1_293' title='bbox 642 3415 801 3500; x_wconf 87' lang='lat' dir='ltr'><strong>predictas</strong></span> <span class='ocrx_word' id='word_1_294' title='bbox 814 3415 906 3483; x_wconf 79' lang='lat' dir='ltr'><strong>uillas</strong></span> <span class='ocrx_word' id='word_1_295' title='bbox 927 3436 949 3483; x_wconf 87' lang='lat' dir='ltr'><strong>a</strong></span> <span class='ocrx_word' id='word_1_296' title='bbox 970 3418 1123 3485; x_wconf 86' lang='lat' dir='ltr'><strong>servitute</strong></span> <span class='ocrx_word' id='word_1_297' title='bbox 1144 3434 1215 3484; x_wconf 87' lang='lat' dir='ltr'><strong>esse</strong></span> <span class='ocrx_word' id='word_1_298' title='bbox 1236 3414 1362 3499; x_wconf 83' lang='lat' dir='ltr'><strong>liberas,</strong></span> <span class='ocrx_word' id='word_1_299' title='bbox 1385 3432 1447 3500; x_wconf 86' lang='lat' dir='ltr'><strong>que</strong></span> <span class='ocrx_word' id='word_1_300' title='bbox 1467 3413 1595 3500; x_wconf 84' lang='lat' dir='ltr'><strong>preuod,</strong></span> <span class='ocrx_word' id='word_1_301' title='bbox 1618 3433 1727 3499; x_wconf 83' lang='lat' dir='ltr'><strong>pouoz,</strong></span> <span class='ocrx_word' id='word_1_302' title='bbox 1742 3421 1850 3483; x_wconf 84' lang='lat' dir='ltr'><strong>stroza</strong></span> <span class='ocrx_word' id='word_1_303' title='bbox 1863 3415 1987 3500; x_wconf 90' lang='lat' dir='ltr'><strong>etpod·</strong></span> 
     </span>
     <span class='ocr_line' id='line_1_28' title="bbox 432 3517 1988 3604; baseline 0.001 -18"><span class='ocrx_word' id='word_1_304' title='bbox 432 3537 556 3588; x_wconf 68' lang='lat' dir='ltr'><strong>sorore</strong></span> <span class='ocrx_word' id='word_1_305' title='bbox 576 3523 787 3604; x_wconf 86' lang='lat' dir='ltr'><strong>nuncupatur.</strong></span> <span class='ocrx_word' id='word_1_306' title='bbox 829 3517 874 3584; x_wconf 84' lang='lat' dir='ltr'><strong>Et</strong></span> <span class='ocrx_word' id='word_1_307' title='bbox 894 3519 1018 3602; x_wconf 85' lang='lat' dir='ltr'><strong>siquid</strong></span> <span class='ocrx_word' id='word_1_308' title='bbox 1039 3520 1118 3588; x_wconf 76' lang='lat' dir='ltr'><strong>inuis</strong></span> <span class='ocrx_word' id='word_1_309' title='bbox 1139 3519 1260 3588; x_wconf 87' lang='lat' dir='ltr'><strong>babent</strong></span> <span class='ocrx_word' id='word_1_310' title='bbox 1279 3519 1314 3586; x_wconf 89' lang='lat' dir='ltr'><strong>in</strong></span> <span class='ocrx_word' id='word_1_311' title='bbox 1331 3518 1404 3587; x_wconf 84' lang='lat' dir='ltr'><strong>aliis</strong></span> <span class='ocrx_word' id='word_1_312' title='bbox 1423 3517 1509 3585; x_wconf 80' lang='lat' dir='ltr'><strong>villis</strong></span> <span class='ocrx_word' id='word_1_313' title='bbox 1530 3524 1564 3586; x_wconf 92' lang='lat' dir='ltr'><strong>et</strong></span> <span class='ocrx_word' id='word_1_314' title='bbox 1581 3518 1752 3602; x_wconf 85' lang='lat' dir='ltr'><strong>libertatis,</strong></span> <span class='ocrx_word' id='word_1_315' title='bbox 1778 3519 1839 3587; x_wconf 89' lang='lat' dir='ltr'><strong>boo</strong></span> <span class='ocrx_word' id='word_1_316' title='bbox 1860 3518 1896 3586; x_wconf 92' lang='lat' dir='ltr'><strong>in</strong></span> <span class='ocrx_word' id='word_1_317' title='bbox 1916 3518 1988 3588; x_wconf 83' lang='lat' dir='ltr'><strong>isu‘s</strong></span> 
     </span>
     <span class='ocr_line' id='line_1_29' title="bbox 431 3618 1990 3708; baseline 0.001 -19"><span class='ocrx_word' id='word_1_318' title='bbox 431 3621 614 3708; x_wconf 73' lang='lat' dir='ltr'><strong>pomideam</strong></span> <span class='ocrx_word' id='word_1_319' title='bbox 634 3620 668 3688; x_wconf 90' lang='lat' dir='ltr'><strong>in</strong></span> <span class='ocrx_word' id='word_1_320' title='bbox 683 3621 813 3688; x_wconf 90' lang='lat' dir='ltr'><strong>nomine</strong></span> <span class='ocrx_word' id='word_1_321' title='bbox 832 3619 928 3688; x_wconf 81' lang='lat' dir='ltr'><strong>lhesu</strong></span> <span class='ocrx_word' id='word_1_322' title='bbox 949 3620 1085 3704; x_wconf 71' lang='lat' dir='ltr'><strong>cuniae,</strong></span> <span class='ocrx_word' id='word_1_323' title='bbox 1111 3628 1145 3690; x_wconf 89' lang='lat' dir='ltr'><strong>et</strong></span> <span class='ocrx_word' id='word_1_324' title='bbox 1165 3622 1200 3689; x_wconf 92' lang='lat' dir='ltr'><strong>in</strong></span> <span class='ocrx_word' id='word_1_325' title='bbox 1220 3620 1357 3706; x_wconf 85' lang='lat' dir='ltr'><strong>illaque</strong></span> <span class='ocrx_word' id='word_1_326' title='bbox 1379 3618 1496 3688; x_wconf 87' lang='lat' dir='ltr'><strong>dieitur</strong></span> <span class='ocrx_word' id='word_1_327' title='bbox 1516 3619 1643 3702; x_wconf 85' lang='lat' dir='ltr'><strong>Belavi,</strong></span> <span class='ocrx_word' id='word_1_328' title='bbox 1664 3639 1760 3706; x_wconf 87' lang='lat' dir='ltr'><strong>qnam</strong></span> <span class='ocrx_word' id='word_1_329' title='bbox 1781 3619 1934 3704; x_wconf 77' lang='lat' dir='ltr'><strong>iratribus</strong></span> <span class='ocrx_word' id='word_1_330' title='bbox 1954 3627 1990 3690; x_wconf 90' lang='lat' dir='ltr'><strong>et</strong></span> 
     </span>
     <span class='ocr_line' id='line_1_30' title="bbox 431 3714 1987 3808; baseline -0.001 -14"><span class='ocrx_word' id='word_1_331' title='bbox 431 3723 496 3794; x_wconf 73' lang='lat' dir='ltr'><strong>lum</strong></span> <span class='ocrx_word' id='word_1_332' title='bbox 516 3714 611 3792; x_wconf 79' lang='lat' dir='ltr'><strong>dietis</strong></span> <span class='ocrx_word' id='word_1_333' title='bbox 632 3723 716 3791; x_wconf 81' lang='lat' dir='ltr'><strong>villis</strong></span> <span class='ocrx_word' id='word_1_334' title='bbox 737 3741 988 3791; x_wconf 78' lang='lat' dir='ltr'><strong>mnumeramus.</strong></span> <span class='ocrx_word' id='word_1_335' title='bbox 1007 3724 1161 3791; x_wconf 84' lang='lat' dir='ltr'><strong>Addimus</strong></span> <span class='ocrx_word' id='word_1_336' title='bbox 1182 3725 1320 3808; x_wconf 85' lang='lat' dir='ltr'><strong>insuper,</strong></span> <span class='ocrx_word' id='word_1_337' title='bbox 1340 3721 1426 3807; x_wconf 86' lang='lat' dir='ltr'><strong>quod</strong></span> <span class='ocrx_word' id='word_1_338' title='bbox 1450 3721 1593 3791; x_wconf 90' lang='lat' dir='ltr'><strong>homines</strong></span> <span class='ocrx_word' id='word_1_339' title='bbox 1618 3725 1785 3792; x_wconf 85' lang='lat' dir='ltr'><strong>memorati</strong></span> <span class='ocrx_word' id='word_1_340' title='bbox 1806 3722 1987 3808; x_wconf 86' lang='lat' dir='ltr'><strong>Hospitalis</strong></span> 
     </span>
     <span class='ocr_line' id='line_1_31' title="bbox 432 3824 1988 3915; baseline 0.001 -21"><span class='ocrx_word' id='word_1_341' title='bbox 432 3841 497 3894; x_wconf 88' lang='lat' dir='ltr'><strong>non</strong></span> <span class='ocrx_word' id='word_1_342' title='bbox 517 3825 657 3895; x_wconf 88' lang='lat' dir='ltr'><strong>citentur</strong></span> <span class='ocrx_word' id='word_1_343' title='bbox 676 3825 738 3892; x_wconf 90' lang='lat' dir='ltr'><strong>nisi</strong></span> <span class='ocrx_word' id='word_1_344' title='bbox 756 3825 859 3909; x_wconf 67' lang='lat' dir='ltr'><strong>sigillo</strong></span> <span class='ocrx_word' id='word_1_345' title='bbox 881 3832 991 3893; x_wconf 90' lang='lat' dir='ltr'><strong>nostro</strong></span> <span class='ocrx_word' id='word_1_346' title='bbox 1013 3844 1118 3894; x_wconf 88' lang='lat' dir='ltr'><strong>eoram</strong></span> <span class='ocrx_word' id='word_1_347' title='bbox 1139 3827 1245 3907; x_wconf 90' lang='lat' dir='ltr'><strong>nobis;</strong></span> <span class='ocrx_word' id='word_1_348' title='bbox 1267 3831 1301 3893; x_wconf 90' lang='lat' dir='ltr'><strong>et</strong></span> <span class='ocrx_word' id='word_1_349' title='bbox 1320 3825 1349 3893; x_wconf 91' lang='lat' dir='ltr'><strong>si</strong></span> <span class='ocrx_word' id='word_1_350' title='bbox 1369 3824 1501 3893; x_wconf 81' lang='lat' dir='ltr'><strong>iudicati</strong></span> <span class='ocrx_word' id='word_1_351' title='bbox 1523 3824 1642 3894; x_wconf 88' lang='lat' dir='ltr'><strong>fuerint</strong></span> <span class='ocrx_word' id='word_1_352' title='bbox 1668 3826 1709 3895; x_wconf 89' lang='lat' dir='ltr'><strong>ad</strong></span> <span class='ocrx_word' id='word_1_353' title='bbox 1729 3845 1786 3894; x_wconf 84' lang='lat' dir='ltr'><strong>sex</strong></span> <span class='ocrx_word' id='word_1_354' title='bbox 1808 3828 1883 3915; x_wconf 88' lang='lat' dir='ltr'><strong>(sio)</strong></span> <span class='ocrx_word' id='word_1_355' title='bbox 1904 3847 1988 3895; x_wconf 85' lang='lat' dir='ltr'><strong>mar·</strong></span> 
     </span>
     <span class='ocr_line' id='line_1_32' title="bbox 433 3925 1988 4015; baseline 0.001 -18"><span class='ocrx_word' id='word_1_356' title='bbox 433 3947 497 4012; x_wconf 79' lang='lat' dir='ltr'><strong>cus,</strong></span> <span class='ocrx_word' id='word_1_357' title='bbox 518 3946 647 3997; x_wconf 74' lang='lat' dir='ltr'><strong>mosam</strong></span> <span class='ocrx_word' id='word_1_358' title='bbox 667 3928 716 3996; x_wconf 82' lang='lat' dir='ltr'><strong>uel</strong></span> <span class='ocrx_word' id='word_1_359' title='bbox 737 3947 851 3995; x_wconf 87' lang='lat' dir='ltr'><strong>umam</strong></span> <span class='ocrx_word' id='word_1_360' title='bbox 872 3927 989 4010; x_wconf 77' lang='lat' dir='ltr'><strong>mellis3</strong></span> <span class='ocrx_word' id='word_1_361' title='bbox 1015 3935 1050 3996; x_wconf 94' lang='lat' dir='ltr'><strong>et</strong></span> <span class='ocrx_word' id='word_1_362' title='bbox 1070 3948 1127 4014; x_wconf 92' lang='lat' dir='ltr'><strong>pro</strong></span> <span class='ocrx_word' id='word_1_363' title='bbox 1150 3929 1259 4015; x_wconf 90' lang='lat' dir='ltr'><strong>suppit</strong></span> <span class='ocrx_word' id='word_1_364' title='bbox 1280 3925 1355 4014; x_wconf 88' lang='lat' dir='ltr'><strong>(sic)</strong></span> <span class='ocrx_word' id='word_1_365' title='bbox 1378 3927 1511 4012; x_wconf 81' lang='lat' dir='ltr'><strong>uiginta</strong></span> <span class='ocrx_word' id='word_1_366' title='bbox 1532 3928 1678 3998; x_wconf 82' lang='lat' dir='ltr'><strong>denarios</strong></span> <span class='ocrx_word' id='word_1_367' title='bbox 1696 3931 1831 3998; x_wconf 83' lang='lat' dir='ltr'><strong>solvant.</strong></span> <span class='ocrx_word' id='word_1_368' title='bbox 1870 3929 1988 3999; x_wconf 86' lang='lat' dir='ltr'><strong>Canoe-</strong></span> 
     </span>
     <span class='ocr_line' id='line_1_33' title="bbox 434 4029 1989 4116; baseline 0.001 -15"><span class='ocrx_word' id='word_1_369' title='bbox 434 4030 538 4101; x_wconf 87' lang='lat' dir='ltr'><strong>dimus</strong></span> <span class='ocrx_word' id='word_1_370' title='bbox 552 4031 653 4100; x_wconf 84' lang='lat' dir='ltr'><strong>edam</strong></span> <span class='ocrx_word' id='word_1_371' title='bbox 668 4030 769 4098; x_wconf 89' lang='lat' dir='ltr'><strong>eidem</strong></span> <span class='ocrx_word' id='word_1_372' title='bbox 790 4029 960 4114; x_wconf 88' lang='lat' dir='ltr'><strong>Hospitali,</strong></span> <span class='ocrx_word' id='word_1_373' title='bbox 982 4037 1020 4098; x_wconf 89' lang='lat' dir='ltr'><strong>ut</strong></span> <span class='ocrx_word' id='word_1_374' title='bbox 1041 4032 1190 4116; x_wconf 86' lang='lat' dir='ltr'><strong>quociens</strong></span> <span class='ocrx_word' id='word_1_375' title='bbox 1208 4030 1324 4099; x_wconf 71' lang='lat' dir='ltr'><strong>batres</strong></span> <span class='ocrx_word' id='word_1_376' title='bbox 1342 4029 1483 4098; x_wconf 86' lang='lat' dir='ltr'><strong>eiusdem</strong></span> <span class='ocrx_word' id='word_1_377' title='bbox 1504 4049 1561 4114; x_wconf 91' lang='lat' dir='ltr'><strong>per</strong></span> <span class='ocrx_word' id='word_1_378' title='bbox 1581 4038 1701 4100; x_wconf 86' lang='lat' dir='ltr'><strong>terram</strong></span> <span class='ocrx_word' id='word_1_379' title='bbox 1721 4038 1865 4102; x_wconf 86' lang='lat' dir='ltr'><strong>nostram</strong></span> <span class='ocrx_word' id='word_1_380' title='bbox 1884 4039 1989 4102; x_wconf 78' lang='lat' dir='ltr'><strong>trans·</strong></span> 
     </span>
     <span class='ocr_line' id='line_1_34' title="bbox 432 4132 1989 4221; baseline 0.001 -18"><span class='ocrx_word' id='word_1_381' title='bbox 432 4139 510 4203; x_wconf 83' lang='lat' dir='ltr'><strong>eant</strong></span> <span class='ocrx_word' id='word_1_382' title='bbox 534 4137 675 4201; x_wconf 68' lang='lat' dir='ltr'><strong>fluentes</strong></span> <span class='ocrx_word' id='word_1_383' title='bbox 703 4139 736 4200; x_wconf 91' lang='lat' dir='ltr'><strong>et</strong></span> <span class='ocrx_word' id='word_1_384' title='bbox 762 4132 933 4201; x_wconf 86' lang='lat' dir='ltr'><strong>rendentes</strong></span> <span class='ocrx_word' id='word_1_385' title='bbox 955 4151 993 4200; x_wconf 85' lang='lat' dir='ltr'><strong>eu</strong></span> <span class='ocrx_word' id='word_1_386' title='bbox 1014 4152 1077 4218; x_wconf 87' lang='lat' dir='ltr'><strong>que</strong></span> <span class='ocrx_word' id='word_1_387' title='bbox 1096 4134 1138 4201; x_wconf 89' lang='lat' dir='ltr'><strong>ad</strong></span> <span class='ocrx_word' id='word_1_388' title='bbox 1159 4134 1336 4203; x_wconf 87' lang='lat' dir='ltr'><strong>necessaria</strong></span> <span class='ocrx_word' id='word_1_389' title='bbox 1356 4132 1529 4201; x_wconf 87' lang='lat' dir='ltr'><strong>domestice</strong></span> <span class='ocrx_word' id='word_1_390' title='bbox 1550 4153 1625 4202; x_wconf 85' lang='lat' dir='ltr'><strong>oure</strong></span> <span class='ocrx_word' id='word_1_391' title='bbox 1646 4135 1818 4219; x_wconf 81' lang='lat' dir='ltr'><strong>pertinent,</strong></span> <span class='ocrx_word' id='word_1_392' title='bbox 1841 4155 1898 4221; x_wconf 87' lang='lat' dir='ltr'><strong>per</strong></span> <span class='ocrx_word' id='word_1_393' title='bbox 1918 4134 1989 4204; x_wconf 90' lang='lat' dir='ltr'><strong>tbe·</strong></span> 
     </span>
     <span class='ocr_line' id='line_1_35' title="bbox 432 4234 1987 4317; baseline 0.001 -11"><span class='ocrx_word' id='word_1_394' title='bbox 432 4235 591 4306; x_wconf 72' lang='lat' dir='ltr'><strong>brettias</strong></span> <span class='ocrx_word' id='word_1_395' title='bbox 612 4237 712 4305; x_wconf 87' lang='lat' dir='ltr'><strong>eciam</strong></span> <span class='ocrx_word' id='word_1_396' title='bbox 737 4235 816 4317; x_wconf 82' lang='lat' dir='ltr'><strong>uias,</strong></span> <span class='ocrx_word' id='word_1_397' title='bbox 837 4235 878 4303; x_wconf 87' lang='lat' dir='ltr'><strong>ab</strong></span> <span class='ocrx_word' id='word_1_398' title='bbox 900 4235 986 4303; x_wconf 91' lang='lat' dir='ltr'><strong>omni</strong></span> <span class='ocrx_word' id='word_1_399' title='bbox 1005 4238 1168 4306; x_wconf 62' lang='lat' dir='ltr'><strong>wdone</strong></span> <span class='ocrx_word' id='word_1_400' title='bbox 1190 4234 1355 4305; x_wconf 91' lang='lat' dir='ltr'><strong>cuiuslibet</strong></span> <span class='ocrx_word' id='word_1_401' title='bbox 1376 4234 1545 4303; x_wconf 74' lang='lat' dir='ltr'><strong>solutionis</strong></span> <span class='ocrx_word' id='word_1_402' title='bbox 1567 4236 1633 4303; x_wconf 89' lang='lat' dir='ltr'><strong>sint</strong></span> <span class='ocrx_word' id='word_1_403' title='bbox 1653 4237 1745 4305; x_wconf 91' lang='lat' dir='ltr'><strong>liberi</strong></span> <span class='ocrx_word' id='word_1_404' title='bbox 1767 4244 1802 4306; x_wconf 91' lang='lat' dir='ltr'><strong>et</strong></span> <span class='ocrx_word' id='word_1_405' title='bbox 1822 4240 1987 4308; x_wconf 74' lang='lat' dir='ltr'><strong>immunes</strong></span> 
     </span>
     <span class='ocr_line' id='line_1_36' title="bbox 433 4338 1989 4427; baseline 0.001 -18"><span class='ocrx_word' id='word_1_406' title='bbox 433 4339 501 4423; x_wconf 81' lang='lat' dir='ltr'><strong>Qne</strong></span> <span class='ocrx_word' id='word_1_407' title='bbox 520 4340 628 4409; x_wconf 73' lang='lat' dir='ltr'><strong>omma</strong></span> <span class='ocrx_word' id='word_1_408' title='bbox 648 4346 686 4407; x_wconf 91' lang='lat' dir='ltr'><strong>ut</strong></span> <span class='ocrx_word' id='word_1_409' title='bbox 706 4338 804 4407; x_wconf 91' lang='lat' dir='ltr'><strong>robur</strong></span> <span class='ocrx_word' id='word_1_410' title='bbox 823 4338 985 4408; x_wconf 68' lang='lat' dir='ltr'><strong>firmitate</strong></span> <span class='ocrx_word' id='word_1_411' title='bbox 1012 4346 1079 4408; x_wconf 91' lang='lat' dir='ltr'><strong>tam</strong></span> <span class='ocrx_word' id='word_1_412' title='bbox 1104 4360 1126 4407; x_wconf 88' lang='lat' dir='ltr'><strong>a</strong></span> <span class='ocrx_word' id='word_1_413' title='bbox 1143 4338 1341 4425; x_wconf 78' lang='lat' dir='ltr'><strong>presentibus</strong></span> <span class='ocrx_word' id='word_1_414' title='bbox 1362 4356 1459 4422; x_wconf 85' lang='lat' dir='ltr'><strong>quam</strong></span> <span class='ocrx_word' id='word_1_415' title='bbox 1480 4338 1597 4408; x_wconf 84' lang='lat' dir='ltr'><strong>futuris</strong></span> <span class='ocrx_word' id='word_1_416' title='bbox 1617 4340 1793 4424; x_wconf 83' lang='lat' dir='ltr'><strong>obtineant,</strong></span> <span class='ocrx_word' id='word_1_417' title='bbox 1815 4342 1911 4427; x_wconf 79' lang='lat' dir='ltr'><strong>sigilli</strong></span> <span class='ocrx_word' id='word_1_418' title='bbox 1930 4360 1989 4410; x_wconf 89' lang='lat' dir='ltr'><strong>no-</strong></span> 
     </span>
     <span class='ocr_line' id='line_1_37' title="bbox 433 4442 1989 4529; baseline 0 -17"><span class='ocrx_word' id='word_1_419' title='bbox 433 4443 494 4512; x_wconf 89' lang='lat' dir='ltr'><strong>strl</strong></span> <span class='ocrx_word' id='word_1_420' title='bbox 512 4443 718 4529; x_wconf 83' lang='lat' dir='ltr'><strong>impressione</strong></span> <span class='ocrx_word' id='word_1_421' title='bbox 736 4449 770 4510; x_wconf 94' lang='lat' dir='ltr'><strong>et</strong></span> <span class='ocrx_word' id='word_1_422' title='bbox 791 4444 981 4527; x_wconf 84' lang='lat' dir='ltr'><strong>oppansione</strong></span> <span class='ocrx_word' id='word_1_423' title='bbox 1010 4449 1188 4529; x_wconf 89' lang='lat' dir='ltr'><strong>presentem</strong></span> <span class='ocrx_word' id='word_1_424' title='bbox 1216 4443 1356 4511; x_wconf 83' lang='lat' dir='ltr'><strong>litteram</strong></span> <span class='ocrx_word' id='word_1_425' title='bbox 1374 4442 1552 4510; x_wconf 86' lang='lat' dir='ltr'><strong>curavimus</strong></span> <span class='ocrx_word' id='word_1_426' title='bbox 1574 4445 1769 4512; x_wconf 86' lang='lat' dir='ltr'><strong>communiri</strong></span> <span class='ocrx_word' id='word_1_427' title='bbox 1814 4444 1933 4512; x_wconf 90' lang='lat' dir='ltr'><strong>Datum</strong></span> <span class='ocrx_word' id='word_1_428' title='bbox 1953 4445 1989 4512; x_wconf 90' lang='lat' dir='ltr'><strong>in</strong></span> 
     </span>
     <span class='ocr_line' id='line_1_38' title="bbox 434 4543 1989 4631; baseline -0.001 -17"><span class='ocrx_word' id='word_1_429' title='bbox 434 4543 566 4614; x_wconf 72' lang='lat' dir='ltr'><strong>(lomna</strong></span> <span class='ocrx_word' id='word_1_430' title='bbox 582 4564 666 4613; x_wconf 88' lang='lat' dir='ltr'><strong>anno</strong></span> <span class='ocrx_word' id='word_1_431' title='bbox 684 4546 789 4630; x_wconf 79' lang='lat' dir='ltr'><strong>gracie</strong></span> <span class='ocrx_word' id='word_1_432' title='bbox 808 4544 1014 4614; x_wconf 69' lang='lat' dir='ltr'><strong>liconvl.</strong></span> <span class='ocrx_word' id='word_1_433' title='bbox 1041 4547 1240 4631; x_wconf 80' lang='lat' dir='ltr'><strong>presentibus</strong></span> <span class='ocrx_word' id='word_1_434' title='bbox 1268 4545 1328 4613; x_wconf 90' lang='lat' dir='ltr'><strong>biis</strong></span> <span class='ocrx_word' id='word_1_435' title='bbox 1351 4543 1505 4612; x_wconf 90' lang='lat' dir='ltr'><strong>testibus:</strong></span> <span class='ocrx_word' id='word_1_436' title='bbox 1527 4545 1663 4615; x_wconf 85' lang='lat' dir='ltr'><strong>larostio</strong></span> <span class='ocrx_word' id='word_1_437' title='bbox 1684 4546 1750 4616; x_wconf 88' lang='lat' dir='ltr'><strong>filio</strong></span> <span class='ocrx_word' id='word_1_438' title='bbox 1777 4545 1915 4630; x_wconf 84' lang='lat' dir='ltr'><strong>Falonis,</strong></span> <span class='ocrx_word' id='word_1_439' title='bbox 1937 4544 1989 4614; x_wconf 88' lang='lat' dir='ltr'><strong>Io-</strong></span> 
     </span>
     <span class='ocr_line' id='line_1_39' title="bbox 433 4642 1755 4734; baseline -0.001 -15"><span class='ocrx_word' id='word_1_440' title='bbox 433 4645 540 4719; x_wconf 68' lang='lat' dir='ltr'><strong>huus</strong></span> <span class='ocrx_word' id='word_1_441' title='bbox 559 4647 625 4718; x_wconf 83' lang='lat' dir='ltr'><strong>filio</strong></span> <span class='ocrx_word' id='word_1_442' title='bbox 645 4648 806 4733; x_wconf 71' lang='lat' dir='ltr'><strong>Riebarrli,</strong></span> <span class='ocrx_word' id='word_1_443' title='bbox 827 4648 954 4717; x_wconf 87' lang='lat' dir='ltr'><strong>Mutina</strong></span> <span class='ocrx_word' id='word_1_444' title='bbox 974 4651 1135 4734; x_wconf 89' lang='lat' dir='ltr'><strong>preposito</strong></span> <span class='ocrx_word' id='word_1_445' title='bbox 1153 4650 1257 4717; x_wconf 88' lang='lat' dir='ltr'><strong>saneti</strong></span> <span class='ocrx_word' id='word_1_446' title='bbox 1277 4646 1415 4733; x_wconf 78' lang='lat' dir='ltr'><strong>Georgii,</strong></span> <span class='ocrx_word' id='word_1_447' title='bbox 1439 4645 1597 4718; x_wconf 80' lang='lat' dir='ltr'><strong>Chrostla</strong></span> <span class='ocrx_word' id='word_1_448' title='bbox 1750 4642 1755 4651; x_wconf 79' lang='grc'><strong>’</strong></span> 
     </span>
    </p>
   </div>
   <div class='ocr_carea' id='block_1_4' title="bbox 435 4852 1988 5042">
    <p class='ocr_par' dir='ltr' id='par_1_6' title="bbox 435 4852 1988 5042">
     <span class='ocr_line' id='line_1_40' title="bbox 537 4852 1988 4941; baseline -0.001 -18"><span class='ocrx_word' id='word_1_449' title='bbox 537 4852 696 4941; x_wconf 80' lang='lat' dir='ltr'><strong>Obrzyclr‚</strong></span> <span class='ocrx_word' id='word_1_450' title='bbox 733 4857 896 4937; x_wconf 76' lang='lat' dir='ltr'><strong>obrzycko.</strong></span> <span class='ocrx_word' id='word_1_451' title='bbox 934 4853 1076 4936; x_wconf 85' lang='lat' dir='ltr'><strong>Sedleez,</strong></span> <span class='ocrx_word' id='word_1_452' title='bbox 1108 4858 1234 4921; x_wconf 76' lang='lat' dir='ltr'><strong>Siedleo</strong></span> <span class='ocrx_word' id='word_1_453' title='bbox 1268 4852 1429 4939; x_wconf 77' lang='lat' dir='ltr'><strong>Rogozen,</strong></span> <span class='ocrx_word' id='word_1_454' title='bbox 1451 4853 1603 4936; x_wconf 72' lang='lat' dir='ltr'><strong>Ropoirm</strong></span> <span class='ocrx_word' id='word_1_455' title='bbox 1639 4853 1807 4940; x_wconf 61' lang='lat' dir='ltr'><strong>morso,</strong></span> <span class='ocrx_word' id='word_1_456' title='bbox 1829 4857 1988 4922; x_wconf 66' lang='lat' dir='ltr'><strong>mono.</strong></span> 
     </span>
     <span class='ocr_line' id='line_1_41' title="bbox 435 4953 1181 5042; baseline -0.003 -19"><span class='ocrx_word' id='word_1_457' title='bbox 435 4953 640 5042; x_wconf 79' lang='lat' dir='ltr'><strong>Poboreliciu,</strong></span> <span class='ocrx_word' id='word_1_458' title='bbox 662 4962 867 5039; x_wconf 77' lang='lat' dir='ltr'><strong>Poporrelica</strong></span> <span class='ocrx_word' id='word_1_459' title='bbox 899 4957 1019 5042; x_wconf 84' lang='lat' dir='ltr'><strong>Belavi,</strong></span> <span class='ocrx_word' id='word_1_460' title='bbox 1042 4962 1181 5040; x_wconf 73' lang='lat' dir='ltr'><strong>Biclowy.</strong></span> 
     </span>
    </p>
   </div>
   <div class='ocr_carea' id='block_1_5' title="bbox 0 0 2440 6180">
    <p class='ocr_par' dir='ltr' id='par_1_7' title="bbox 0 0 2440 6180">
     <span class='ocr_line' id='line_1_42' title="bbox 0 0 2440 6180; baseline 0 0"><span class='ocrx_word' id='word_1_461' title='bbox 0 0 2440 6180; x_wconf 95' lang='lat' dir='ltr'><strong> </strong></span> 
     </span>
    </p>
   </div>
  </div>
 </body>
</html>
