4476 6180
343 232 417 310 aro
457 334 464 345 .

338 453 401 521 pax
422 434 456 501 in
476 434 622 517 Domino,
639 440 675 505 et
694 436 728 503 in
745 435 885 522 presenti
914 434 982 503 uita
1012 433 1168 504 bonorum
1201 430 1443 503 retributionem
1466 428 1633 522 accipiant,
1662 427 1753 497 etin
1779 426 1888 498 futuro

338 535 643 625 premia'bcutorum
664 544 907 624 consequantur.

441 741 555 828 Intibili,
577 742 689 812 lubio.
732 743 888 828 xerces,
910 749 1062 815 Irenaeo.

1008 1044 1083 1130 Nn.
1115 1039 1216 1129 360.

441 1235 637 1320 Bolczloue
663 1235 740 1318 iux
764 1234 914 1321 Polonic
931 1238 1085 1322 biaioris
1111 1242 1244 1319 1257
1270 1235 1368 1338 lug.
1395 1237 1484 1328 25,
1508 1232 1551 1315 in
1569 1230 1732 1334 lacunar
1752 1343 1755 1346 ⁴
1774 1248 1887 1318 courr-

338 1361 406 1423 mat
424 1357 700 1424 commutationem
720 1355 814 1423 sibae
833 1357 1001 1426 Absulonis
1022 1359 1127 1428 cleriei
1148 1358 1254 1425 dicme
1268 1351 1455 1442 Opatorrlro‚
1469 1370 1541 1421 cum
1555 1351 1631 1420 villa
1645 1350 1786 1438 capituli
1801 1353 1887 1421 Gne·

336 1457 473 1541 suonam,
494 1457 582 1526 (licta
602 1457 800 1542 Wynzalrorr.

442 1565 585 1641 Perper».
607 1566 724 1643 orppira
770 1564 911 1628 Sterneret
925 1565 1089 1646 jeduubop
1109 1565 1265 1643 ropblultiy,
1284 1563 1419 1646 pieoztci
1439 1563 1490 1626 eie
1510 1578 1600 1624 mma

448 1665 588 1731 briem
632 1667 752 1729 Arcbio.
779 1668 912 1746 Capituli
933 1669 1090 1748 Metropol
1113 1670 1169 1733 Nr.
1190 1667 1242 1730 28.

439 1868 479 1938 In
498 1869 625 1938 nomine
645 1870 773 1938 Domini
795 1871 897 1938 nostri
917 1870 1013 1938 Ibesu
1034 1869 1155 1938 christi
1175 1887 1277 1938 emen
1322 1865 1413 1936 Licet
1437 1874 1511 1937 aeta
1539 1867 1700 1935 bominum
1725 1867 1889 1937 cudenter

337 1972 453 2042 notieic
473 1973 657 2042 subiecerunt
677 1974 882 2059 singulorum,
905 1992 1054 2061 processu
1075 1981 1183 2042 tamen
1205 1971 1365 2056 temporis,
1387 1971 1517 2039 testium
1544 1970 1709 2040 deficiente
1726 1970 1887 2054 memoria,

337 2075 479 2145 rabonus
501 2075 662 2144 bominum
683 2075 878 2143 menuitur
897 2077 1060 2143 consuerit
1080 2075 1260 2160 calumpnia
1280 2074 1457 2155 novercori;
1479 2074 1595 2142 idcirco
1615 2092 1743 2142 necesse
1763 2078 1814 2141 est
1834 2091 1888 2140 ec·

338 2180 440 2248 tiones
461 2178 619 2262 logitimus
640 2197 702 2262 que
723 2177 875 2246 memoria
892 2178 1044 2263 indigent,
1066 2196 1124 2264 per
1144 2178 1257 2263 scripti
1278 2158 1506 2245 continentiam
1523 2182 1557 2245 et
1578 2177 1708 2244 testium
1728 2176 1889 2259 subscrip-

337 2282 456 2350 nonem
476 2282 510 2349 in
529 2281 681 2350 nonnam
702 2279 877 2348 transmitti
897 2286 1104 2364 posterorum
1148 2279 1328 2364 Eaprcpter
1348 2296 1407 2346 nos
1427 2277 1593 2346 Boleeleus
1614 2279 1674 2347 Dei
1690 2279 1800 2365 gracia
1820 2279 1886 2346 (iux

337 2384 467 2453 Polonie
487 2384 618 2454 Maioris
640 2382 795 2451 uniuersis
816 2383 1015 2468 presentibus
1036 2389 1071 2450 ot
1090 2380 1208 2449 iuturis
1229 2386 1341 2448 notum
1367 2398 1438 2449 csse
1459 2381 1622 2475 uolumus,¹
1639 2381 1726 2467 quod
1746 2381 1888 2449 Abnalon

338 2485 469 2556 clericus
487 2486 571 2554 iilius
592 2485 746 2554 Bernardi
764 2486 799 2551 in
821 2491 932 2552 nostro
953 2484 1145 2553 constitutus
1165 2484 1339 2570 presencie,
1358 2502 1448 2552 mera
1469 2489 1504 2551 et
1523 2490 1697 2583 spontanea
1723 2484 1889 2572 rolnntote

336 2586 413 2658 ieelt
428 2588 692 2673 permutationem
712 2605 784 2654 cum
806 2584 955 2671 Cepitulo
976 2585 1166 2669 Gneznensi,
1187 2585 1268 2653 dans
1281 2585 1433 2654 cirillum
1447 2585 1580 2672 Opotorr
1594 2587 1628 2654 in
1641 2587 1789 2656 ‹lbtrietn
1802 2587 1889 2656 Gne·

337 2692 445 2760 mensi
464 2689 560 2758 eitam
581 2696 615 2757 et
633 2689 787 2774 recipiens
808 2689 850 2756 ab
871 2689 918 2757 eis
939 2688 1048 2756 villam
1069 2687 1241 2757 Visalrorro
1261 2689 1296 2756 in
1317 2688 1502 2758 castellania
1521 2690 1562 2757 de
1582 2687 1664 2757 oete
1689 2689 1887 2758 existentem.

337 2793 383 2861 Et
401 2811 460 2862 nos
480 2793 611 2861 condem
633 2793 897 2877 permutationem
917 2810 976 2877 pro
997 2791 1130 2860 eeclesia
1150 2791 1328 2859 Gnernensi
1356 2809 1420 2859 non
1446 2809 1516 2859 esse
1541 2792 1745 2877 dampnosam
1770 2791 1889 2859 intelli·

337 2900 457 2981 genta,
475 2894 518 2963 ad
538 2894 726 2980 peticionem
746 2895 914 2978 utriusque
934 2894 1035 2978 partis
1049 2893 1151 2978 ipsam
1164 2892 1416 2962 confirmavimus
1429 2900 1465 2962 et
1476 2893 1706 2977 confirmemus,
1726 2913 1785 2980 pro
1798 2902 1888 2963 utra·

337 3016 401 3084 que
420 3003 512 3084 parte
529 2997 756 3083 perpetualiter
777 2995 901 3063 firmam
922 3002 957 3063 ct
975 3001 1166 3065 rummare
1186 2996 1400 3065 decernentes
1443 2996 1502 3066 Set
1523 2997 1600 3065 uilla
1620 2996 1802 3066 Winakorro
1823 3016 1890 3066 una

337 3099 378 3168 dc
397 3099 537 3185 antiquis
554 3099 640 3166 villis
659 3097 799 3183 capituli
821 3097 1016 3165 Gneznensis
1037 3097 1156 3181 extitit,
1177 3103 1213 3167 et
1231 3117 1340 3167 omues
1360 3099 1579 3184 monuerim
1594 3098 1733 3184 capimlr·
1747 3099 1888 3167 nomem

338 3219 379 3270 cx
398 3206 579 3270 nostrorum
600 3200 770 3268 demtione
787 3201 1033 3286 progenitorum
1055 3201 1097 3269 (ie
1117 3207 1228 3270 nostru
1248 3203 1349 3271 eciem
1370 3221 1524 3271 consensu
1549 3203 1729 3271 omnimoda
1748 3201 1889 3288 gaudent

339 3301 503 3372 libertate:
525 3322 566 3372 ne
586 3301 769 3387 Gepitulum
791 3308 999 3370 memoratum
1017 3303 1052 3370 in
1073 3321 1132 3370 sua
1145 3305 1378 3389 permutatione
1390 3305 1555 3390 priuilegio
1568 3304 1725 3373 libertatis
1738 3304 1800 3372 sibi
1814 3322 1889 3372 con·

337 3423 426 3474 cesso
444 3405 589 3474 ridentur
609 3410 722 3490 sponte
743 3405 953 3487 rmoncorrre,
976 3423 1044 3486 nos,
1064 3411 1161 3490 prout
1181 3424 1220 3474 ex
1240 3407 1348 3477 debito
1365 3406 1444 3475 luris
1458 3412 1646 3493 patronatus
1658 3406 1789 3480 ooelmie
1802 3405 1889 3474 (lnc-

338 3507 449 3577 mensi
469 3508 666 3577 commodum
689 3513 834 3575 tenemur
853 3513 889 3575 et
907 3506 1085 3593 pmieetum
1107 3509 1268 3593 ampliare,
1286 3509 1327 3578 ob
1345 3511 1553 3579 reverentiam
1574 3509 1659 3578 beati
1672 3507 1838 3578 Adelberti
1855 3514 1890 3576 et

338 3616 447 3679 nostre
467 3629 505 3679 ae
523 3616 703 3678 nostrornm
725 3609 838 3677 solutis
858 3609 1031 3677 remedium
1051 3609 1160 3678 villam
1181 3609 1334 3696 Opotorro
1352 3613 1567 3699 supradictam
1588 3612 1672 3679 inter
1690 3610 1784 3678 villss
1804 3610 1889 3679 anti·

338 3731 421 3798 quas
443 3711 584 3798 Capituli
602 3712 796 3781 Gnernensis
817 3718 1089 3794 connumerantes,
1111 3712 1220 3782 sibiet
1239 3714 1308 3782 eius
1328 3714 1440 3784 incolis
1461 3710 1673 3800 cuiuscunque
1700 3713 1889 3782 conditionis

340 3814 531 3898 muterint,
553 3815 684 3884 eandem
703 3832 769 3898 que
786 3813 863 3881 ville
880 3814 1012 3896 antique
1033 3812 1173 3898 capitoli
1193 3816 1366 3901 supradicti
1390 3818 1539 3904 gaudent,
1559 3836 1631 3886 oum
1655 3833 1809 3885 consensu
1832 3815 1889 3884 ba·

262 3964 264 3967 -
337 3936 451 3987 ronnm
471 3922 661 3999 nostrornm,
691 3916 872 4002 specialiter
897 3916 1022 3984 comitis
1046 3916 1192 4001 Symonis
1217 3917 1413 3988 Gnemensis
1438 3920 1611 4004 castellani,
1640 3914 1828 3987 conferimus
1850 3917 1888 3985 li·

337 4019 504 4103 bettatem,
532 4021 757 4104 specificantes,
791 4019 875 4103 quod
903 4020 1042 4088 eiusdem
1072 4019 1146 4088 ville
1174 4020 1276 4089 incole
1302 4041 1324 4090 e
1351 4021 1509 4091 solutione
1538 4028 1651 4104 strose,
1683 4020 1887 4106 porlrrorowe,

337 4122 536 4210 porldlmpna
562 4123 700 4207 premoti,
725 4122 826 4190 stab
849 4122 921 4190 aliis
951 4121 1185 4205 gmvominibus
1213 4123 1280 4192 siue
1308 4125 1524 4192 exaebonibus
1550 4141 1737 4209 quocunque
1762 4124 1890 4190 nomino

338 4231 525 4295 meantur
545 4225 611 4292 sint
630 4225 794 4293 immunes
837 4224 876 4292 In
897 4225 987 4293 erius
1009 4224 1055 4291 rei
1077 4223 1293 4292 testimoninm
1312 4233 1492 4311 presentem
1505 4227 1654 4312 paginam
1667 4226 1769 4294 nostri
1786 4226 1889 4293 muni·

337 4327 423 4397 mino
443 4327 538 4413 sigilli
559 4327 707 4394 duximus
728 4328 948 4396 roborandam.
992 4326 1112 4392 Datum
1135 4326 1169 4393 iu
1187 4327 1318 4395 (lomna
1338 4349 1421 4398 anno
1443 4330 1549 4415 gracie
1570 4327 1681 4396 mcc.
1695 4329 1889 4412 quinqmpe

337 4430 418 4500 simo
439 4428 513 4512 Vll,
534 4428 710 4498 Indictione
727 4431 969 4513 quintodecimo,
992 4429 1026 4496 in
1040 4429 1180 4496 erastino
1194 4428 1280 4497 bceti
1294 4430 1509 4500 Bartholomei
1522 4431 1668 4517 apostoli,
1689 4430 1889 4516 presentibus

337 4531 1006 4616 conitobyrsicruglopantino,10mnne
1027 4531 1214 4599 cancellario
1240 4534 1327 4600 curie
1351 4541 1470 4618 nostre,
1501 4535 1628 4603 Andrea
1656 4533 1828 4603 castellano
1848 4534 1890 4603 de

338 4633 461 4717 welen,
482 4633 644 4702 Protslsuo
667 4633 838 4701 castellano
859 4634 900 4702 de
921 4633 1016 4716 Usce,
1036 4633 1203 4700 Beniamin
1225 4635 1397 4705 custellsno
1416 4637 1457 4705 (le
1477 4637 1637 4720 Premont,
1665 4636 1794 4704 mures
1814 4635 1889 4704 snb-

340 4736 522 4818 emeterio,
543 4734 700 4820 libentio,
721 4735 827 4819 Petro,
849 4735 975 4804 Motbie
996 4735 1170 4821 capellanis
1190 4735 1278 4805 curie
1298 4745 1416 4823 norme,
1436 4746 1471 4809 et
1490 4740 1563 4808 aliis
1581 4758 1677 4826 quom
1696 4738 1851 4826 plurimis

442 4940 585 5027 Opotow,
625 4943 795 5021 operuere.
851 4939 1035 5023 virobono,
1074 4942 1260 5024 anolroro.
1310 4939 1408 5027 (leto,
1446 4945 1547 5013 (lieet.
1596 4944 1727 5029 licien,
1765 4942 1888 5012 Wieieri.

341 5040 434 5131 Um,
461 5045 569 5124 Ujioie.
613 5042 773 5128 Premuut,
796 5049 943 5131 Prumft.
