4860 6180
440 157 515 266 aaa

2049 40 2058 67 ⁰.

2043 74 2058 99 ‘d

1952 243 1955 250 Ι
2024 40 2058 311 ὲ

2037 248 2058 267 -Ί

2034 308 2048 320 ..

2019 330 2038 341 ,·ι
2050 325 2058 337 ·“

2032 350 2037 360 Y

437 367 506 432 stro
527 361 729 448 capitulique
749 362 852 431 nostri
874 382 1037 447 consensu,
1059 361 1317 446 curatione-ut
1336 381 1376 431 ex
1397 359 1571 430 redditibus
1592 361 1745 431 honoram
1767 360 1807 429 ad
1828 360 1911 430 idem
1930 359 1984 430 bo
2034 440 2042 449 ,

437 464 554 551 spltale
573 467 794 550 spectantium,
817 485 888 536 eam
910 469 942 534 in
964 471 1084 534 statum
1105 463 1222 532 bonuau
1237 471 1450 534 restauratam
1471 465 1577 549 luerit,
1600 465 1740 533 inhrrnas
1754 465 1986 536 elemosinarius

436 566 623 653 abacosque
645 588 800 654 pauperes
821 570 982 637 scholares
1003 569 1037 636 in
1059 569 1204 654 expensis
1224 568 1276 637 rel
1297 568 1331 636 iu
1352 567 1549 636 uestimentis
1571 587 1611 635 ex
1630 568 1794 635 uoluntate
1812 573 1919 635 restra
1940 567 1987 636 lo·

437 671 564 753 sereth,
586 673 764 757 praetium
786 673 823 740 lit
844 673 1270 758 prouidentiaetiudustria
1296 672 1436 740 mellerai
1462 670 1608 752 rectoris
1635 671 1719 755 quod
1747 678 1852 739 tamen
1881 670 1987 755 plures
2035 720 2038 727 .

436 772 579 842 uidemus
600 776 774 860 indigentes
796 776 865 844 cibo
887 777 1044 861 spirituali
1068 796 1163 861 quem
1193 775 1357 860 corporali,
1381 781 1415 842 et
1442 792 1559 860 peuces
1580 773 1622 841 ob
1651 775 1799 857 exiguum
1820 792 1987 842 numanum

437 875 516 945 oleri
536 877 591 962 qai
613 879 659 945 eis
681 879 859 962 porrigant:
879 879 1048 946 salubriter
1069 880 1274 946 iudicavimus
1296 897 1368 945 eum
1391 875 1561 944 venerabili
1587 876 1735 961 Capitulo
1758 882 1875 959 nostro,
1906 875 1988 944 bona

436 978 515 1048 dieti
536 979 713 1063 Hospitalis
734 999 804 1046 cum
824 981 957 1047 ecclesia
974 983 1062 1050 vobis
1084 983 1160 1067 ipsis
1183 983 1352 1049 concalere
1374 982 1548 1063 uestrisque
1569 980 1679 1046 usibus
1701 979 1863 1063 deputare,
1893 988 1990 1063 prout

438 1081 562 1166 reipsa
582 1080 853 1149 mnaneentibus
873 1083 964 1148 nobis
985 1084 1019 1149 in
1040 1084 1100 1152 bac
1119 1090 1219 1169 parte,
1250 1085 1327 1169 ipsis
1349 1082 1585 1150 fundationibus
1612 1081 1763 1167 piissimis
1791 1082 1988 1151 concedimus

437 1188 471 1252 et
491 1184 680 1268 deputamus
701 1200 773 1250 cum
794 1184 939 1251 omuibus
959 1186 1099 1267 decimis,
1126 1186 1385 1270 possessionibus,
1413 1184 1625 1270 pertinentiis,
1651 1183 1829 1250 hominibus
1851 1185 1884 1249 in
1910 1183 1988 1251 Zde-

436 1393 522 1470 ante,
543 1388 689 1456 videlicet
706 1388 854 1473 quidquit
874 1409 914 1457 ex
934 1391 1109 1459 redditibus
1131 1389 1299 1457 eorundem
1321 1389 1473 1456 bonorum
1495 1389 1667 1456 sustentari
1689 1389 1850 1455 commode
1868 1388 1988 1471 poteri·

436 1490 489 1573 tis,
511 1490 553 1558 ad
575 1491 821 1575 promovendum
842 1491 991 1571 bonorem
1012 1495 1072 1563 Dei
1104 1500 1138 1562 et
1163 1494 1295 1579 gloriam
1321 1494 1423 1559 saneti
1451 1491 1594 1577 Sepulcri
1619 1490 1793 1558 Sulcatoris
1815 1492 1925 1572 nostri,
1952 1511 1990 1560 ac

436 1610 495 1678 pra
517 1591 675 1661 adiutorio
697 1611 772 1660 cure
793 1595 968 1663 animamm
989 1597 1127 1681 pretioso
1148 1595 1306 1680 Sanguine
1335 1592 1454 1661 Christi
1483 1594 1727 1678 redemptamm,
1749 1594 1783 1661 in
1804 1612 1866 1678 quo
1887 1594 1990 1661 zelum

434 1700 577 1764 vestrum
598 1698 717 1781 optime
737 1696 828 1764 nobis
849 1700 1099 1766 commendatum
1120 1699 1280 1779 habemus,
1300 1697 1333 1763 in
1355 1697 1483 1764 eeaobio
1504 1697 1669 1764 maneath.
1713 1695 1802 1776 Quod
1824 1713 1898 1762 vero
1920 1696 1990 1762 exi·

435 1797 634 1866 stimarimus
656 1797 707 1866 rel
728 1799 772 1884 (i)
792 1799 959 1885 ingratum
972 1799 1049 1880 iore,
1071 1800 1152 1867 divis
1173 1799 1392 1868 fundatoribus
1407 1800 1434 1867 si
1448 1799 1510 1866 nisi
1524 1818 1564 1867 ex
1576 1798 1772 1884 gradardine
1786 1801 1844 1883 (10
1858 1804 1900 1863 dt.
1915 1798 1990 1881 der.)

436 1898 616 1971 advixerint
645 1905 682 1979 (4
711 1907 753 1967 ut.
779 1906 854 1982 des.)
875 1902 917 1969 ad
937 1904 1134 1971 voluntatem
1162 1909 1301 1971 vestram
1322 1904 1356 1970 in
1377 1904 1486 1970 eodem
1511 1901 1663 1987 hospitali
1687 1901 1810 1985 aliquos
1836 1918 1990 1987 pauperes

436 2003 598 2073 scholares
619 2005 714 2073 modo
734 2010 773 2072 ut
793 2022 890 2090 supra
910 2006 1074 2075 uolueritis
1096 2006 1268 2091 providere,
1292 2010 1395 2074 totum
1416 2006 1450 2072 id
1470 2005 1591 2074 scilicet
1605 2005 1718 2091 pietati
1740 2011 1845 2072 vestre
1866 2021 1992 2072 comen·

331 1306 336 1320 ·
437 1284 537 1354 ahora
558 1286 835 1368 commorantibus,
857 1287 1031 1355 redditibus
1053 1290 1228 1373 calensque
1246 1288 1376 1369 iuribus,
1399 1306 1437 1355 eo
1458 1286 1530 1368 hae,
1550 1291 1587 1354 ut
1606 1286 1720 1370 plures
1733 1292 1871 1353 restnmr
1893 1305 1987 1370 quam
2044 1304 2046 1309 ’

435 2105 558 2187 danum,
582 2107 704 2174 nullum
725 2107 817 2174 nobis
838 2109 888 2175 ius
909 2108 1202 2192 successoribusque
1219 2110 1339 2175 noeais
1357 2108 1400 2176 ad
1423 2108 1506 2192 idem
1527 2107 1686 2193 hospitale
1708 2112 1816 2192 preter
1840 2096 1992 2189 patrona·
2056 2164 2057 2167 ,

436 2214 505 2276 tum
528 2214 733 2276 reserantes.
779 2208 827 2276 Ut
847 2216 953 2278 autem
975 2227 1104 2295 presens
1125 2211 1381 2290 instrumentum,
1403 2208 1444 2275 ad
1466 2209 1568 2277 instar
1587 2208 1745 2294 privilegii
1766 2205 1855 2273 vobis
1868 2206 1990 2287 datum,

435 2309 557 2379 diunius
578 2311 676 2378 robur
697 2311 821 2394 habeat,
847 2313 926 2380 illud
952 2314 1064 2398 sigillis
1092 2314 1210 2380 nostris
1235 2314 1378 2381 roborari
1406 2311 1564 2379 iussimus
1608 2310 1728 2378 Datum
1757 2307 1886 2377 Gnmne
1907 2326 1992 2377 anno

437 2413 541 2498 made
565 2411 746 2482 mcccv
775 2415 827 2481 die
848 2414 878 2482 V
902 2418 1017 2484 mensis
1043 2416 1174 2502 Aprilis,
1207 2416 1405 2502 presentibus
1433 2414 1664 2482 uenerabilibus
1688 2411 1841 2480 iratribus
1872 2412 1992 2480 nostris

435 2513 578 2584 hhanne
598 2516 727 2599 demna,
748 2516 801 2611 lta
812 2565 843 2584 ..
865 2519 903 2596 (4
922 2524 965 2583 dt.
987 2523 1060 2598 det)
1080 2524 1115 2587 et
1135 2518 1221 2586 lsaia
1240 2517 1370 2586 ecclesie
1389 2522 1497 2585 nostm
1511 2516 1679 2585 canonicis

449 2767 452 2772 -
539 2719 716 2805 Zdechoro,
737 2724 938 2791 maone.
1072 2700 1076 2707 ’

1108 3071 1184 3160 Nr.
1215 3067 1316 3160 328.

541 3284 606 3371 Fr(
633 3283 742 3390 lingo
777 3286 901 3370 dictus
935 3285 1050 3371 abbas
1083 3284 1312 3370 llorlmnndi
1346 3289 1481 3368 1255
1512 3284 1600 3370 dnn
1629 3289 1713 3385 28,
1746 3287 1847 3393 apud
1880 3285 1991 3370 llari·

434 3405 634 3510 mundum
665 3424 846 3491 universum
866 3423 1016 3492 Ordinem
1037 3423 1277 3508 cisterciensem
1297 3423 1338 3492 de
1359 3423 1494 3510 quadam
1515 3423 1724 3508 ordinatione,
1754 3425 1879 3492 radone
1905 3422 1991 3492 con·

433 3531 547 3592 renuas
578 3524 726 3594 abbatiae
750 3525 791 3594 de
820 3525 955 3612 Sulejow
983 3547 1040 3612 per
1066 3527 1199 3596 abbates
1227 3527 1268 3594 de
1296 3526 1468 3614 Wacboclr,
1494 3527 1733 3614 Kopraywniea,
1763 3526 1933 3612 Szazyraec
1958 3531 1993 3594 et

433 3625 587 3711 Bysaerro
608 3627 702 3712 bota,
725 3629 892 3697 certiorem
913 3628 1001 3697 iacit.

342 3755 347 3763 ·
439 3830 524 3897 ΙΝ
543 3733 744 3918 {iguem
751 3739 871 3901 cappla
883 3737 1110 3813 muniemus
1119 3752 1235 3813 prm:
1247 3731 1380 3801 Iacobus
1393 3751 1420 3801 s.
1436 3732 1612 3802 Gneuneus.
1624 3731 1755 3801 ecclesie
1765 3731 1991 3819 mommsen.

450 3945 456 3956 ·
544 3884 706 4004 cam?
731 3884 852 4006 lia.
879 3940 1013 4018 osas
1035 3942 1195 4020 nerem.
1218 3942 1274 4025 o.
1297 3943 1348 4006 a.

419 4204 423 4210 -
538 4155 703 4226 Universis
724 4158 892 4229 abbatibus
913 4166 946 4228 et
966 4162 1109 4244 personis
1132 4160 1350 4229 cisterciensis
1371 4160 1500 4229 Ordinis
1520 4160 1562 4229 sd
1589 4179 1670 4248 quos
1697 4167 1860 4248 presentes
1885 4159 1994 4229 littere

435 4260 646 4345 pervenerint,
669 4258 769 4329 irater
789 4261 885 4347 Hugo
905 4263 1009 4330 dictus
1031 4263 1129 4329 abbas
1150 4263 1342 4331 Morimundi
1363 4262 1499 4329 salutem
1522 4265 1555 4330 in
1577 4266 1717 4331 omnium
1740 4264 1890 4333 Salutari.
1927 4263 1993 4331 No·

432 4361 516 4429 verit
534 4363 723 4430 universitas
744 4372 861 4447 restra,
884 4366 1042 4451 quandam
1064 4365 1295 4433 ordinacionem
1318 4365 1358 4432 de
1379 4364 1543 4433 Conuemu
1564 4367 1695 4435 abbacie
1714 4367 1756 4434 de
1778 4366 1907 4449 Suliosr,
1929 4366 1995 4434 iae·

433 4469 502 4532 tam
522 4466 793 4550 perrenerabiles
823 4470 990 4536 coabbates
1017 4475 1154 4549 nostros,
1184 4467 1332 4534 videlicet
1357 4486 1416 4551 per
1443 4468 1604 4537 dominum
1632 4469 1805 4537 Iohannem
1834 4468 1995 4554 quendem

433 4565 581 4635 masan
602 4566 643 4635 de
665 4566 825 4636 Wauchoa
848 4589 932 4637 nuno
952 4570 1100 4637 abbatem
1121 4571 1206 4638 dicte
1234 4570 1346 4637 domus
1367 4569 1408 4637 de
1432 4570 1566 4654 Suliou,
1593 4577 1628 4640 et
1652 4591 1711 4656 per
1735 4569 1996 4640 commonete

432 4669 574 4755 phanum
590 4668 739 4737 abbatem
762 4672 801 4739 de
824 4672 1031 4757 coprivnicia,
1055 4679 1089 4739 et
1109 4691 1168 4756 per
1189 4673 1332 4740 dominos
1350 4671 1562 4742 Balduviuum
1581 4675 1622 4742 de
1644 4674 1753 4742 Chiric
1773 4681 1807 4743 et
1828 4674 1995 4742 Nicolaum

431 4771 472 4839 de
491 4771 636 4841 Bissoria
658 4772 800 4856 abbates,
824 4776 864 4843 de
886 4794 1040 4844 consensu
1060 4775 1139 4842 dicti
1162 4774 1344 4845 Conventus
1358 4776 1401 4844 ad
1415 4794 1474 4844 nos
1488 4776 1668 4862 devenisse3
1690 4796 1753 4864 que
1767 4776 1895 4862 quidem
1909 4776 1995 4844 ordi·

431 4872 523 4944 nscio
545 4875 677 4944 interius
700 4883 751 4944 est
770 4884 892 4946 notata⁸

536 4977 717 5047 Venerabili
739 4979 773 5044 iu
799 4978 928 5048 Christo
950 4981 1036 5064 patri
1056 4979 1183 5049 domino
1205 4980 1245 5048 Η.
1264 4980 1372 5049 abbati
1395 4979 1598 5064 Morimundi,
1628 4982 1745 5052 batres
1765 4981 1812 5050 Io.
1834 4981 1875 5049 ‹le
1896 4981 1996 5049 Wan-

432 5079 510 5150 choa
530 5085 565 5150 et
586 5080 634 5150 st
656 5081 696 5150 de
715 5080 874 5168 copriwin
896 5083 1038 5167 abbates,
1060 5100 1181 5150 summe
1212 5083 1389 5152 devocionis
1416 5083 1647 5169 plenitudinem
1673 5104 1746 5156 cum
1771 5084 1878 5153 debite
1906 5103 1995 5153 reve-
