4860 6180
2076 339 2150 434 nt

599 563 738 660 meliri
759 558 900 648 poterint
922 558 1068 626 volumus
1090 577 1158 625 esse
1179 557 1325 626 solutam.
1360 546 1614 626 Habenduutiori
1630 563 1738 625 autern
1753 558 1877 626 ιιιιιιι
1892 560 1970 644 ipsis
1986 559 2152 645 prouideru-

554 725 560 736 ,
600 691 655 759 tm,
673 670 815 739 uolumus
837 669 874 730 ut
895 669 1070 730 merrrorata
1088 661 1164 729 villa
1186 683 1206 730 ι
1227 663 1386 746 praetincta
1405 660 1592 730 Sausinronsi
1608 661 1757 742 alienata,
1780 661 1944 744 provincia
1965 664 2037 748 (sic)
2059 663 2147 731 Luk·

599 775 684 853 nensi
703 771 746 838 sit
764 767 927 851 deputata.
971 766 1016 832 Et
1037 771 1074 832 ut
1096 765 1153 831 buc
1172 763 1380 831 coramutacio
1404 771 1513 831 nostra
1541 763 1674 831 anubis
1702 767 1737 829 ct
1764 783 1784 830 u
1805 765 1941 847 posteris
1974 768 2093 834 nostris
2115 768 2149 835 ia

599 880 778 971 perpetuum
798 867 894 936 robur
916 868 1076 934 tinnitatis
1111 866 1264 946 obtineat,
1297 873 1476 950 presentem
1510 867 1651 934 litteram
1684 865 1781 950 sigilli
1811 866 1912 933 nostri
1946 866 2151 951 impressione

599 985 722 1066 dignum
740 972 887 1039 duximus
910 970 1128 1039 roborandam.
1173 969 1291 1036 Datum
1314 970 1348 1035 in
1370 969 1583 1037 Medvodiscia
1609 990 1693 1037 anrro
1721 969 1828 1054 gracie
1846 969 2013 1037 millesimo
2034 971 2151 1040 duceu-

600 1083 707 1155 mimo
724 1074 983 1160 quinquagesimo
1005 1073 1151 1141 mannua

695 1279 817 1363 lobna,
840 1229 953 1345 letare.
997 1277 1142 1360 Gracina,
1172 1282 1338 1343 Kiedromo.
1383 1276 1514 1358 Varios,
1544 1280 1704 1345 Wertoroo.
1748 1278 1914 1347 Provincia
1940 1278 2145 1347 Smsimunsis

598 1403 620 1460 p,
632 1393 660 1470 j,
682 1386 999 1462 denominamus
1027 1387 1167 1468 leiqeepo
1195 1401 1237 1444 na
1258 1386 1369 1461 rapspie
1395 1402 1441 1446 νε.
1472 1383 1579 1444 ituria
1601 1401 1618 1446 o
1641 1385 1659 1445 1
1683 1389 1750 1470 iniq·
1772 1383 1910 1465 pompiij
1928 1404 1964 1446 ιι.
1995 1385 2139 1450 Obonrilri
2256 1419 2262 1434 ·

598 1488 761 1568 titirepe
798 1486 865 1550 (itii
892 1488 1022 1566 upsalia
1063 1488 1258 1565 proriziszczc
1293 1490 1304 1547 i
1340 1485 1478 1568 pipbolie
1511 1487 1669 1566 przelopy
1702 1492 1873 1568 pozostoiy.
1925 1485 2149 1570 ΜιιΙιιιΙὶιιίι,

598 1593 796 1672 remmam.

1265 1887 1342 1974 Nr.
1375 1881 1477 1973 302.

697 2084 855 2170 Homul
882 2085 960 2169 iux
984 2084 1135 2168 Palania
1154 2089 1298 2166 1252
1325 2083 1414 2189 ιιι.
1431 2089 1518 2178 24,
1544 2081 1587 2165 in
1605 2081 1964 2186 transmontanus
1987 2103 2079 2171 arra
2105 2122 2155 2172 ec-

597 2207 708 2279 cimice
729 2205 953 2274 Poznaniensis
974 2204 1225 2273 inhabitantibus
1258 2205 1468 2290 amplissimus
1503 2201 1625 2270 mulcet
1656 2202 1831 2287 libertates,
1862 2226 1920 2290 pro
1951 2205 2058 2272 tanais
2079 2226 2154 2274 sero

598 2308 798 2380 ιιιΙιιίιιιιι
819 2309 850 2377 b.
873 2307 1005 2376 Martini
1034 2315 1068 2375 et
1098 2327 1124 2376 s.
1146 2308 1312 2376 turbem
1333 2309 1367 2375 in
1389 2307 1526 2388 Pozuari,
1549 2306 1611 2374 sibi
1632 2306 1674 2374 ab
1695 2308 1826 2376 emissis
1847 2311 2011 2395 praedicta
2031 2328 2089 2394 pro
2109 2309 2156 2376 lo-

599 2412 720 2482 cutione
741 2411 858 2479 ibidem
880 2411 1020 2479 ciuitatis
1039 2411 1144 2493 cessis,
1167 2417 1290 2496 purtem
1312 2409 1399 2478 fluuii
1420 2408 1534 2476 Warta
1554 2409 1657 2477 eidem
1678 2411 1836 2479 retribuit

701 2516 845 2596 Peraean.
868 2520 983 2597 coppim
1029 2517 1077 2580 Na
1097 2535 1227 2580 sznurze
1248 2520 1347 2582 ιιιιι·
1361 2517 1515 2594 jedwoba.
1538 2534 1684 2581 ermon
1706 2521 1719 2580 i
1738 2516 1810 2582 tier.
1829 2521 2060 2597 pnynieszono
2085 2522 2156 2600 pie·

600 2618 680 2708 orsi,
700 2617 805 2699 utres
824 2623 935 2700 meur
953 2623 1097 2700 zupeinie
1115 2627 1244 2700 zotorly.

703 2721 840 2789 Ροιιιιι.
885 2725 1005 2788 Arabica
1033 2725 1174 2803 Capituli.
1200 2725 1228 2804 I,
1249 2724 1282 2788 3.
1303 2755 1349 2770 -
1370 2719 1554 2802 Roezyrislci,
1574 2723 1644 2788 Cori.
1659 2725 1780 2802 diplom.
1806 2725 1918 2788 Maior.
1938 2726 2041 2789 Peiora
2056 2725 2111 2790 31.

701 2926 741 2996 In
766 2927 892 2996 nemim
919 2927 1046 2996 Domini
1072 2946 1174 2996 amen.
1219 2927 1373 3009 Quoniam
1399 2931 1474 2996 acta
1500 2932 1533 2994 et
1561 2925 1742 2995 voluntates
1771 2927 2030 3014 bominumsepe
2052 2930 2157 2999 solent

605 3030 740 3114 narium
762 3049 889 3099 neeesse
911 3036 961 3099 est
980 3037 1017 3098 ut
1035 3050 1074 3099 ea
1095 3050 1157 3116 que
1179 3031 1212 3099 in
1233 3036 1388 3116 perpetua
1409 3030 1585 3098 stabilitate
1598 3029 1743 3097 volumus
1756 3049 1951 3116 persumere,
1974 3032 2154 3102 litterarum

469 3194 480 3207 .
598 3132 762 3219 dssigsntia
781 3133 934 3202 iaciamus
954 3134 1159 3219 solempniter
1179 3134 1336 3201 annotari.
1380 3132 1459 3199 Inde
1479 3138 1529 3200 est
1551 3131 1635 3217 quod
1656 3151 1714 3200 nos
1735 3133 1869 3201 Promisi
1891 3133 1951 3202 Dei
1972 3136 2077 3220 gratia
2091 3137 2159 3204 dux

512 3321 515 3325 ι
599 3235 727 3304 Ροιοιίι
749 3244 859 3304 ιοιιιι
881 3237 1013 3304 facimus
1034 3236 1189 3304 universis
1212 3234 1333 3303 Claristi
1355 3235 1509 3308 fidelibus,
1531 3235 1617 3320 quod
1639 3235 1680 3302 ob
1693 3236 1867 3304 remedium
1882 3237 2110 3307 unimenostro
2125 3246 2159 3307 et

557 3405 559 3409 ,
582 3326 639 3407 ἰι
656 3339 825 3424 specialem
845 3339 1044 3407 devotionem
1065 3358 1161 3424 quam
1183 3338 1223 3405 od
1245 3338 1409 3406 maissiam
1428 3337 1513 3405 beati
1535 3337 1623 3404 Petri
1644 3338 1678 3406 in
1697 3337 1823 3406 Posuan
1844 3339 2007 3421 babemus,
2041 3341 2075 3407 iu
2097 3360 2160 3425 (ιιι

599 3460 722 3510 exnunc
742 3441 819 3509 dum
839 3460 897 3509 nos
919 3442 999 3509 mori
1021 3443 1186 3526 contingat
1203 3441 1347 3526 eligimus
1368 3440 1505 3524 sepeliri,
1528 3441 1639 3508 damus
1666 3447 1700 3508 et
1725 3442 1924 3510 concedimus
1957 3443 1997 3510 dc
2028 3449 2155 3511 maturo

599 3543 752 3612 ιιιιιιιι
774 3551 953 3612 nostrorum
977 3545 1106 3612 oonsilio
1128 3544 1271 3611 omnibus
1293 3544 1472 3610 hominibus
1494 3542 1713 3611 babitantibus
1735 3545 1769 3612 in
1789 3545 1878 3613 villis¹
1897 3546 2028 3613 melesio
2041 3563 2158 3631 supra·

600 3645 693 3730 ιὶἰιιι,
715 3665 795 3732 quus
815 3667 900 3715 nunc
922 3647 1019 3716 babet
1037 3649 1087 3714 vel
1110 3649 1202 3714 iustis
1224 3648 1325 3715 modis
1347 3648 1531 3733 acquisierit
1557 3647 1590 3713 in
1610 3645 1761 3729 futurarm,
1786 3649 1997 3716 omnimodam
2026 3648 2156 3716 libertu-

602 3755 675 3832 tera
697 3750 898 3818 absolventes
920 3753 1005 3836 ipsos
1027 3751 1069 3819 ab
1090 3752 1176 3818 omni
1198 3752 1364 3818 exaccione
1379 3757 1413 3818 et
1427 3750 1594 3818 vexatione
1615 3767 1695 3834 quas
1709 3749 1851 3819 homines
1866 3757 1951 3819 terre
1964 3757 2073 3818 nostm
2088 3771 2160 3837 pre-

603 3856 690 3921 stare
711 3852 761 3921 rel
782 3852 884 3920 faeere
906 3861 1147 3936 consueverunt,
1169 3853 1317 3921 videlicet
1338 3872 1359 3919 ι
1376 3852 1537 3938 paruulus,
1559 3852 1799 3936 apodworowe
1820 3861 1972 3936 astraea,
1993 3857 2157 3940 aprerorl‚

602 3973 623 4021 ι
644 3973 751 4037 aaran
773 3975 795 4023 ι
816 3955 969 4040 macodo,
990 3976 1012 4023 a
1030 3975 1126 4024 sacca
1148 3963 1181 4024 et
1201 3975 1222 4022 ι
1243 3956 1332 4037 bove,
1354 3963 1388 4022 et
1408 3955 1479 4021 uliis
1495 3953 1712 4022 exacciouibus
1726 3956 1965 4042 quibuscunque
1980 3958 2159 4025 nominibus

601 4057 812 4125 nominentur.
857 4057 925 4126 Neo
945 4077 966 4124 ι
987 4077 1145 4144 quoquam
1169 4059 1229 4125 nisi
1254 4078 1359 4126 coram
1383 4059 1528 4142 episcopo
1550 4056 1600 4123 vel
1621 4058 1687 4123 suis
1709 4057 1843 4125 dominis
1858 4061 1891 4125 in
1905 4061 1957 4127 ius
1976 4069 2160 4156 evocentur,

607 4162 749 4248 exceptis
770 4162 817 4229 eis
839 4181 900 4247 quc
922 4161 997 4246 (sie)
1018 4169 1076 4229 aut
1103 4163 1135 4229 in
1163 4162 1336 4230 tradicione
1361 4162 1458 4229 castri
1487 4161 1621 4228 mnvicti
1647 4160 1773 4243 fuerim,
1801 4169 1859 4229 aut
1880 4161 2017 4230 familias
2037 4171 2163 4232 nostres

604 4262 781 4347 eduxerint,
801 4265 851 4330 uel
874 4264 980 4331 bostes
1002 4265 1036 4332 in
1057 4271 1173 4333 terrum
1194 4265 1357 4333 eluxerint:
1381 4272 1415 4333 et
1436 4283 1544 4331 eorum
1565 4263 1715 4331 iudicium
1729 4264 1929 4348 presentibus
1944 4267 2083 4348 ipsorum
2105 4267 2162 4333 tlo-

602 4365 696 4433 minis
718 4366 768 4434 vel
790 4367 914 4433 nunciis
934 4386 1044 4435 eorum
1066 4386 1171 4434 coram
1193 4367 1283 4434 nobis
1306 4375 1429 4451 agatur,
1452 4368 1497 4433 itu
1521 4372 1636 4448 tamen,
1656 4368 1740 4451 quorl
1754 4368 1875 4435 mulcta
1889 4368 1962 4451 (sici
1988 4387 2083 4451 quam
2099 4388 2157 4452 pro

602 4465 783 4536 huiusmodi
805 4469 929 4536 elolietis
951 4469 1119 4553 infligenda
1139 4469 1371 4537 rationabiliter
1392 4469 1572 4548 victorimus,
1604 4471 1743 4553 ipsorum
1773 4470 1891 4538 riamiui
1913 4471 2092 4554 percipiant
2110 4472 2158 4536 iu-

604 4575 691 4655 tegre
713 4572 806 4657 pleno
829 4573 905 4638 iure.
950 4571 1017 4638 Nee
1039 4573 1080 4638 nul
1102 4573 1368 4639 eonstnuctionem
1391 4590 1541 4637 urosomru
1563 4580 1739 4640 castrorum
1762 4593 1815 4641 eas
1842 4575 1911 4658 cogi
1928 4573 2080 4653 volumus,
2103 4574 2158 4640 sert

603 4673 644 4740 aa
663 4675 926 4741 mortificationem
950 4676 1152 4758 antiquorum
1174 4683 1349 4741 castrorum
1374 4673 1574 4756 terrebuntur,
1606 4676 1654 4742 ita
1675 4684 1711 4743 ut
1732 4667 1898 4761 episeopus
1922 4694 1992 4743 curu
2019 4694 2077 4741 suo
2101 4674 2163 4742 Ca·

604 4775 705 4860 pitulo
727 4777 872 4845 istbinam
895 4797 989 4844 unam
1013 4783 1121 4862 ponat,
1145 4784 1181 4843 ut
1202 4777 1256 4844 alii
1277 4777 1398 4842 nobiles
1421 4782 1504 4842 terne
1526 4784 1635 4844 nostre
1658 4785 1897 4845 carrsucveruut.
1943 4778 1993 4845 Aul
2006 4776 2162 4845 deferrsio·

604 4894 676 4944 uam
698 4881 793 4960 terrm
817 4898 888 4945 crum
911 4878 1018 4946 lrastes
1041 4881 1239 4959 iutraverint,
1263 4879 1406 4945 lroarines
1429 4898 1502 4944 suos
1524 4881 1653 4947 mittere
1675 4880 1875 4948 misebuntur.
1920 4880 1965 4946 Et
1986 4881 2062 4963 quia
2075 4899 2162 4948 rese-

605 4980 721 5047 renim
754 4987 846 5065 pater·
867 4989 975 5048 ruostur
1004 4983 1169 5066 episeopns
1199 4979 1369 5062 laqueans
1399 5001 1462 5048 urm
1485 5001 1554 5048 curn
1577 5001 1635 5048 sua
1658 4981 1805 5068 Capitale
1828 4990 1990 5051 cesserurrt
2011 4983 2103 5051 nobis
2124 4985 2164 5051 ile

605 5080 702 5151 mmo
723 5081 808 5149 bruti
832 5082 963 5150 Martini
985 5091 1019 5151 et
1040 5085 1141 5151 urrruti
1167 5083 1339 5163 ltrlelberti,
1370 5086 1402 5149 iu
1424 5103 1487 5167 quo
1509 5085 1669 5152 eivitatern
1692 5106 1810 5170 prouere
1831 5086 2042 5169 ‹lispursuirnus
2063 5092 2097 5154 et
2118 5087 2164 5155 la-

605 5201 687 5267 uare,
706 5185 753 5251 eis
775 5185 857 5252 barura
876 5186 937 5251 tiele
961 5186 1160 5269 proruisiarus
1183 5184 1469 5269 eurrqreasatiuuern
1492 5185 1595 5252 luceru
1612 5191 1841 5272 competentem
1857 5195 2052 5256 macerantes
2066 5190 2163 5259 eccle·

606 5286 652 5354 uie
675 5286 804 5355 tluuiunr
827 5288 993 5356 ll'urtluaur
1017 5289 1199 5371 «similium,
1223 5309 1332 5357 eremus
1356 5291 1494 5377 ipsoram
1516 5292 1682 5376 planiciem
1704 5291 1903 5374 defluentem,
1930 5293 1985 5377 qui
2006 5293 2119 5362 fluvius
2139 5298 2166 5362 si

1949 5411 2002 5470 ut
