4476 6180
1007 511 1082 602 Ns.
1114 513 1215 605 338.
1325 550 1328 555 ·

439 708 598 794 Promisi
616 709 693 794 clun
711 709 861 794 Polonia
880 714 1014 793 1256
1032 733 1062 795 s.
1081 713 1133 813 b,
1151 715 1195 798 ln
1211 713 1376 815 Pounant
1400 732 1605 815 protestatur,
1635 727 1769 796 niuem
1793 748 1886 799 suum

338 829 509 901 Suiislaum
529 829 631 897 lilium
651 831 806 913 Andreae,
833 830 1060 914 haereditatem
1089 833 1296 920 Wyseanowo
1322 830 1513 901 mouuaotcrio
1535 829 1677 915 Puratiyl
1698 832 1884 902 cousuluisse.

439 938 581 1013 Macro.
603 940 721 1015 orygis.
765 938 895 999 Bziurlti
916 938 958 999 oti
972 942 1210 1017 prepotestatem
1233 942 1367 1026 piecasci
1389 939 1505 1023 luecio
1536 937 1769 1015 Ibzemoaeutoa,
1797 935 1887 1000 istoru

337 1039 446 1105 oaoao
465 1039 663 1110 trebowane:
684 1046 829 1116 pnleozpo
846 1047 928 1108 xvt

439 1137 577 1205 mmet.
625 1140 792 1205 amoueo
825 1137 993 1222 ammas.
1042 1144 1179 1221 nepam
1215 1144 1251 1217 a,
1278 1143 1310 1207 2.
1342 1175 1387 1190 -
1424 1137 1603 1222 resperas
1663 1140 1734 1204 coo.
1766 1141 1887 1220 opta.

341 1246 454 1311 noo.
477 1245 581 1308 Pota
601 1242 656 1307 37.

403 1466 405 1470 ³
440 1444 479 1513 ln
499 1444 626 1515 nomina
646 1449 755 1513 sancta
776 1449 810 1512 et
829 1444 987 1520 munuae
1008 1444 1175 1516 Trinitatis
1196 1464 1298 1515 amen.
1328 1445 1483 1528 Quoniam
1504 1446 1679 1532 antiquitas
1697 1445 1825 1516 inimica
1837 1453 1889 1516 est

340 1548 488 1618 moria
508 1553 543 1616 ot
563 1548 639 1632 quia
658 1547 810 1615 memoria
830 1547 1014 1633 plerumque
1035 1547 1177 1617 fuscatur
1190 1549 1355 1631 obliuione,
1375 1555 1543 1634 eapropter
1560 1567 1686 1618 necasse
1707 1557 1758 1618 est
1778 1558 1815 1618 ut
1836 1546 1902 1619 ras

340 1651 434 1739 (ligna
452 1651 602 1719 momoria
622 1648 740 1736 scripto
765 1650 861 1717 debet
884 1651 1103 1734 commendari,
1130 1670 1193 1736 quo
1221 1668 1388 1721 canescens
1418 1651 1593 1735 muquitas
1618 1650 1758 1720 erebrius
1783 1653 1889 1719 salem

340 1754 493 1824 morari
535 1752 619 1820 ilinc
647 1758 698 1821 est
727 1752 812 1838 quod
837 1771 895 1821 nos
915 1754 1049 1822 Promisi
1067 1753 1126 1822 ilci
1158 1754 1264 1840 gracia
1294 1754 1359 1821 dux
1386 1752 1515 1821 Polonie
1537 1759 1648 1845 notum
1669 1751 1800 1820 mimus
1822 1759 1889 1822 tam

342 1855 540 1944 presmubus
559 1875 655 1941 quarn
676 1855 791 1923 futuris
812 1874 942 1941 presens
963 1856 1116 1941 seriptum
1129 1855 1377 1941 inspicientibus,
1400 1853 1484 1940 quod
1496 1853 1587 1921 miles
1601 1860 1710 1921 noster
1724 1853 1888 1937 Sulislaus,

341 1959 424 2028 llius
445 1957 604 2045 quondam
625 1957 760 2040 andree,
782 1957 822 2024 ‹le
841 1957 971 2025 oonsilio
992 1957 1048 2024 lilii
1079 1959 1128 2026 sui
1154 1958 1300 2042 Bogussii
1328 1963 1361 2025 et
1386 1957 1426 2024 de
1455 1955 1652 2042 beneplacito
1673 1957 1812 2026 omnium
1837 1977 1889 2026 co-

341 2067 508 2148 gnatorum
522 2078 659 2142 suorum,
681 2059 889 2127 hereditatam
911 2077 1000 2125 suam
1020 2078 1083 2143 qua
1105 2060 1300 2129 Wissonowo
1321 2061 1422 2127 maior
1441 2067 1642 2144 nuncupatur
1662 2065 1696 2128 et
1714 2065 1764 2128 ost
1777 2061 1841 2127 sita
1855 2059 1889 2128 in

342 2164 488 2234 districtu
509 2163 718 2232 Mezerecensi
738 2161 880 2230 vendidit
901 2161 1027 2230 domino
1048 2161 1186 2231 ilenrico
1206 2161 1314 2230 abbati
1335 2162 1376 2230 da
1395 2161 1587 2246 Gostiohow,
1609 2163 1695 2248 quod
1708 2162 1887 2248 Parudysus

343 2267 468 2352 elicitur,
497 2271 536 2351 et,
559 2265 711 2336 fratribus
737 2264 877 2333 eiusdem
897 2263 1018 2348 domus,
1045 2283 1116 2332 cum
1142 2264 1287 2332 omnibus
1316 2265 1384 2332 eius
1409 2266 1590 2333 attinenciis
1611 2263 1731 2349 absque
1752 2265 1818 2333 ulia
1838 2285 1889 2335 re·

346 2369 538 2440 bandone
558 2369 609 2437 rel
630 2366 856 2452 redempcione,
879 2368 912 2434 iu
933 2373 1119 2452 perpetuum
1140 2366 1210 2436 iure
1229 2367 1421 2436 hereditario
1446 2386 1505 2452 pro
1533 2367 1668 2436 adeum
1697 2370 1812 2436 mareis
1836 2387 1888 2437 ar·

343 2471 429 2559 genti
446 2471 674 2557 possidendam
719 2470 811 2538 Hane
831 2474 939 2538 autom
961 2469 1173 2537 vmuoonem
1194 2475 1324 2554 propter
1341 2469 1555 2555 ignorantiam
1576 2471 1811 2554 inexpertomm
1832 2489 1889 2540 seu

343 2580 472 2662 propter
490 2573 601 2643 frivole
618 2574 813 2643 obviantium
834 2573 1036 2658 proterviam,
1059 2591 1120 2657 que
1139 2589 1223 2638 nunc
1243 2573 1362 2639 nocuis
1382 2572 1517 2639 manime
1538 2571 1671 2657 emergit
1685 2573 1889 2659 temporibus,

344 2696 448 2748 auram
476 2676 567 2745 nobis
595 2682 739 2762 presente
765 2675 864 2744 eciam
887 2674 1068 2761 supradicto
1093 2674 1208 2743 abbate
1235 2674 1451 2759 sollempniter
1480 2672 1687 2742 oonfimuavit
1731 2675 1770 2742 In
1795 2676 1889 2743 buius

345 2781 451 2865 itaque
470 2779 517 2848 rei
538 2779 760 2862 testimonium,
786 2783 943 2864 quaoenus
969 2782 1079 2844 nostra
1106 2781 1274 2847 attestaoio
1300 2784 1334 2847 et
1362 2778 1498 2864 predicti
1518 2779 1630 2846 militis
1654 2780 1797 2848 vmdicio
1816 2782 1889 2846 ruta
2032 2778 2034 2783 ’

347 2887 381 2950 ot
407 2880 591 2950 inconvulsa
618 2886 744 2949 maneat
771 2886 934 2966 perpetuo,
957 2886 1134 2964 presentem
1154 2882 1302 2966 paginam
1323 2883 1418 2966 sigilli
1439 2883 1540 2949 nostri
1561 2881 1734 2949 munimine
1760 2882 1890 2966 dignum

346 2983 489 3052 domums
509 2982 719 3051 muniendam.
748 2983 832 3050 Acta
851 2987 927 3049 sunt
945 2980 1004 3049 bec
1025 2982 1651 3068 inPoznananuograciali.c(lJaV1
1673 3001 1779 3052 coram
1798 2984 1889 3053 uobis

346 3086 555 3156 et'nobilubus
575 3087 702 3168 nostris,
724 3104 858 3170 quorum
878 3085 936 3152 bec
958 3091 1033 3152 sunt
1058 3087 1198 3155 nomina:
1229 3086 1386 3155 Iohannes
1414 3085 1620 3155 cancellarius
1648 3092 1765 3169 noster,
1793 3085 1889 3154 Ianuus

346 3189 428 3258 lilius
448 3188 614 3272 Bomonis,
636 3188 779 3257 Andreas
795 3187 880 3255 filius
900 3187 979 3269 Viti,
1001 3187 1106 3254 Mirou
1126 3188 1210 3255 lilius
1228 3187 1373 3272 Ianussii,
1395 3187 1513 3272 Symou
1534 3188 1680 3256 tribunus
1700 3187 1741 3256 de
1755 3187 1887 3273 Suntok,

199 3344 203 3401 3
331 3299 380 3405 ¹et
400 3277 472 3362 oum
491 3290 591 3361 tratre
611 3309 667 3360 suo
689 3290 830 3378 Nyoolao
851 3297 886 3359 et
905 3290 977 3359 aliis
997 3288 1140 3375 plurimis
1161 3290 1335 3376 litledignis.

376 3587 380 3598 Ι
451 3497 644 3567 wissonorro
664 3497 774 3580 maior,
804 3499 1004 3578 Wpezanotoo.
1047 3494 1343 3580 Mastarense
1367 3500 1584 3585 Mtpdzpraeoa
1613 3494 1804 3583 Paralysus,
1826 3500 1889 3564 Pu·

351 3606 453 3684 raupa
496 3599 628 3685 smus,
650 3604 773 3668 satae

1007 3893 1080 3983 Nn.
1123 3891 1223 3982 339.

450 4091 659 4179 Alexander
683 4091 747 4198 Pp.
771 4091 828 4177 IV
855 4096 990 4175 1256
1010 4092 1097 4175 ilai.
1114 4098 1157 4191 Β,
1181 4093 1371 4196 Laterani3
1399 4112 1557 4195 permittit
1584 4109 1736 4180 maritas
1762 4111 1891 4181 brunia

333 4211 614 4296 ·Praedioatorum,
636 4215 670 4282 in
684 4215 778 4281 terris
800 4213 1136 4282 excommunicatorum
1158 4213 1255 4282 libore
1277 4215 1462 4282 commorari
1484 4220 1519 4282 et
1539 4215 1717 4284 necessaria
1734 4216 1819 4284 sitae
1836 4214 1891 4284 tie-

353 4333 592 4502 Ρωῖενρωὴ
609 4392 730 4501 popm
773 4421 824 4484 No
853 4421 974 4484 moiseo
991 4421 1141 4497 jadason.
1175 4418 1246 4484 loll.
1266 4423 1280 4484 i
1297 4437 1444 4486 czeruen
1473 4425 1659 4486 zanieszonc
1691 4420 1785 4485 bullo:
1816 4417 1890 4486 ata-

352 4521 734 4692 antummum
756 4628 900 4692 ecclesiae
921 4627 1022 4689 Frotr.
1046 4627 1301 4690 &ostentarunt

451 4827 628 4899 mandor
647 4829 811 4915 episcopus
832 4847 944 4897 sersus
965 4845 1126 4895 servorum
1148 4826 1218 4911 Dei,
1250 4829 1375 4899 dilatus
1401 4829 1475 4897 liliis
1500 4828 1652 4913 magistro
1676 4833 1711 4897 et
1737 4827 1892 4897 uoiumsis

354 4929 500 5002 batnon
521 4932 647 5001 Ordinis
666 4932 799 5000 fratrum
821 4932 1058 5000 Prcdieatorunu
1079 4939 1244 5017 presentes
1265 4932 1389 5001 litteras
1410 4933 1599 5017 inspecturis
1619 4932 1754 5000 salutern
1768 4937 1801 4999 et
1814 4950 1893 5018 apo-

313 5111 317 5118 ,
353 5035 492 5105 salom
513 5035 767 5105 benedictionem.
813 5035 911 5104 Vobis
932 5040 1103 5103 extremam
1125 5034 1318 5119 patientibus
1338 5053 1397 5120 pro
1419 5034 1539 5103 christi
1570 5035 1696 5101 nomine
1723 5041 1891 5120 pauperta-

355 5142 416 5208 tem
434 5139 528 5231 (ligne
555 5131 732 5211 ooacslitur
751 5139 793 5209 ab
810 5140 988 5227 apostolice
1010 5138 1099 5208 Sedis
1120 5139 1234 5224 gratia,
1255 5158 1313 5226 per
1327 5137 1411 5225 quoti
1432 5142 1466 5206 et
1487 5137 1670 5206 necessitati
1692 5144 1795 5207 vestre
1816 5157 1890 5209 con·
