4860 6180
1099 464 1175 551 Nr.
1208 461 1308 551 262.

533 661 713 745 Promisnl
739 660 817 743 dux
842 659 993 743 Polonio
1020 664 1156 742 1247
1183 659 1261 744 Jul.
1287 666 1320 757 1,
1345 660 1389 742 in
1415 658 1618 761 Pomaria3
1651 675 1751 744 nomo
1781 680 1888 754 unm
1918 696 1972 767 es.

430 782 549 852 kolisse
569 781 760 850 monasterio
781 779 934 864 Paradyd.
1841 848 1844 853 .

534 890 674 967 Purpura
696 889 813 966 oryoin.
849 887 980 948 liziurlci
999 888 1041 949 od
1060 887 1302 966 przpraieazcaio
1318 885 1455 968 pieczpci
1478 885 1706 963 Przmpaiom
1727 882 1852 970 Ιεείςσία,
1873 899 1972 970 osam

230 1073 236 1083 .
353 1017 355 1020 >
433 988 637 1068 menone:
654 997 798 1066 pieezac
815 997 907 1059 xnn.

535 1089 674 1159 Pomm.
697 1093 772 1156 stoi.
787 1088 959 1172 ammai.
970 1092 1108 1171 diploma
1119 1094 1154 1167 A,
1164 1085 1458 1171 Memmiadae}
1475 1089 1543 1152 eod
1558 1088 1676 1168 dptoou
1689 1088 1800 1154 Maior.
1811 1094 1912 1163 Pura
1925 1103 1972 1174 20.

534 1294 573 1363 In
593 1288 721 1363 nomine
741 1291 852 1361 sancta
872 1299 907 1360 ct
927 1292 1087 1361 individue
1107 1293 1284 1362 Trinitatis.
1318 1291 1400 1360 cnm
1421 1296 1537 1359 cuncta
1557 1289 1641 1358 bona
1659 1295 1848 1376 temporalia
1868 1303 1974 1374 tansi.

431 1396 514 1487 toria
533 1396 600 1464 sint
620 1401 654 1463 et
675 1394 807 1476 caduca,
833 1394 962 1479 dignum
983 1400 1033 1462 est
1061 1400 1096 1462 et
1115 1395 1243 1462 salubre
1262 1399 1300 1461 nt
1319 1393 1360 1461 de
1385 1393 1578 1461 transitoriis
1599 1393 1759 1462 lucremur
1779 1385 1976 1480 permansura

430 1519 472 1571 ea
491 1498 612 1568 Christi
632 1497 824 1584 pauperibus
846 1497 1013 1583 erogando,
1032 1499 1088 1583 qui
1109 1517 1168 1583 pro
1185 1498 1277 1564 nobis
1298 1498 1525 1565 memores
1546 1501 1580 1564 et
1599 1495 1744 1564 advocati
1759 1499 1906 1587 οιίεῑαυι,
1924 1527 1975 1592 pro

431 1602 551 1671 nocuis
571 1602 712 1670 reatibus
733 1620 890 1670 summum
908 1601 1043 1669 iudicem
1064 1600 1233 1668 exorando.
1277 1599 1397 1666 Notum
1419 1598 1463 1665 sit
1483 1597 1583 1682 igitur
1604 1599 1759 1667 univeros
1781 1607 1848 1670 tam
1868 1604 1976 1680 futuris
2027 1594 2029 1598 ¹

431 1723 527 1791 quam
548 1703 747 1791 presentibus
768 1703 889 1771 Christi
907 1703 1061 1784 fidelibus,
1084 1702 1169 1787 qnod
1188 1720 1247 1769 noa
1268 1700 1419 1768 Premisal
1436 1700 1544 1768 duna
1557 1700 1760 1771 miseratione
1778 1702 1843 1772 dux
1855 1707 1977 1783 Polontc

431 1825 497 1876 una
517 1825 589 1876 cnm
610 1807 727 1876 dilecta
747 1811 850 1874 matre
870 1809 980 1872 nostra
1001 1803 1126 1871 nomine
1147 1803 1297 1888 Adwigia
1319 1802 1426 1869 divina
1443 1802 1618 1887 inspirante
1640 1803 1818 1888 clementia,
1838 1818 1976 1883 conmuni

432 1928 586 1980 consensu
611 1917 646 1978 ct
675 1910 746 1994 pari
771 1914 846 1977 voto
872 1908 1061 1977 contulimus
1086 1907 1179 1975 beate
1207 1912 1241 1974 et
1270 1910 1421 1991 perpetue
1444 1905 1559 1989 virgini
1579 1906 1641 1974 Dei
1660 1907 1808 1991 genitrici
1828 1909 1928 1980 Mario
1947 1926 1978 1986 ot

433 2012 557 2082 dilectis
587 2011 740 2081 iratribus
764 2011 805 2079 de
833 2011 993 2097 Paradyso
1023 2009 1150 2079 Ordinis
1181 2008 1425 2094 Cysterdensis,
1449 2007 1583 2076 diocesis
1609 2008 1847 2094 Pomaniensis,
1878 2015 1978 2086 viliam

434 2115 594 2201 qmndam
614 2116 740 2183 nomine
759 2114 923 2183 Pakoliase
943 2133 1014 2182 cum
1035 2113 1108 2181 lacui
1135 2118 1168 2180 et
1189 2112 1334 2179 omnibus
1361 2110 1503 2179 terminis
1528 2117 1626 2196 atque
1646 2112 1826 2180 attinentiis
1846 2114 1979 2187 eiusdem

437 2216 513 2286 villa
534 2216 576 2284 ob
595 2216 882 2284 remunerationem
903 2216 969 2283 vite
989 2222 1110 2295 eterne,
1136 2220 1171 2281 et
1195 2214 1372 2281 animarum
1392 2221 1573 2281 nostrarum
1597 2213 1695 2282 saluti
1720 2220 1754 2281 et
1773 2215 1826 2299 pie
1843 2219 1981 2286 recorda·

434 2319 531 2388 tionis
555 2319 660 2387 anime
686 2319 789 2403 patris
816 2318 919 2385 nostri
946 2317 1035 2386 ducis
1061 2315 1250 2383 wlodiziavi
1277 2315 1441 2401 providere
1464 2316 1636 2401 cupientes,
1663 2316 1814 2401 predictis
1835 2315 1980 2389 hatmbns

432 2427 587 2510 perpetua
606 2420 757 2490 libertate
783 2420 967 2489 domninus
993 2417 1224 2505 possidendam
1266 2417 1314 2486 Ut
1340 2418 1439 2502 igitur
1466 2417 1525 2486 hoc
1546 2419 1808 2487 nostradonatio
1828 2420 1863 2486 in
1881 2429 1981 2505 posia

433 2542 506 2593 rum
526 2529 600 2592 rata
618 2531 653 2592 et
670 2523 855 2591 uoonndsa
874 2523 908 2589 in
929 2541 1021 2591 erum
1039 2525 1236 2605 permaneat,
1254 2520 1351 2605 sigilli
1371 2520 1474 2588 nostri
1493 2521 1687 2605 appensione
1708 2522 1913 2606 comunimus,
1934 2530 1979 2593 te

432 2625 536 2696 stibus
556 2625 778 2694 nichilominus
801 2624 923 2693 idoneis
947 2622 1099 2691 adhibitis
1124 2640 1259 2706 qnorum
1287 2620 1346 2689 heo
1373 2616 1450 2690 aunt
1478 2623 1624 2691 nomina:
1657 2623 1793 2692 domnus
1823 2625 1982 2711 hnungns

435 2727 534 2799 abbas
561 2727 602 2796 de
620 2727 744 2810 Ludna,
774 2727 909 2796 domnus
929 2726 1043 2794 Petrus
1063 2725 1162 2793 abbas
1179 2724 1220 2793 de
1240 2723 1337 2807 Obra,
1356 2726 1507 2810 magister
1527 2725 1732 2811 Bognphalns
1752 2728 1794 2796 de
1812 2726 1981 2810 (ihirnclin,

433 2829 627 2915 Predpolcus
647 2830 840 2900 matellanus
859 2830 900 2897 de
921 2828 1065 2912 Gnezna,
1094 2827 1303 2896 Trebezlavus
1331 2827 1521 2896 metellmus
1548 2827 1589 2896 de
1608 2829 1802 2907 Zhibunsim,
1831 2828 1982 2897 Iohannes

435 2931 627 3002 matehmua
647 2932 689 3001 da
714 2931 820 3016 Srem,
848 2931 1004 3000 Hendcus
1030 2936 1216 3015 procurator
1243 2930 1363 2997 domini
1385 2931 1475 2999 duda
1493 2937 1528 2998 et
1548 2931 1605 3000 aiii
1626 2951 1723 3022 quam
1743 2930 1860 3017 plures.
1903 2934 1983 3000 Acta

435 3039 511 3104 aunt
530 3033 589 3104 hec
616 3052 700 3104 anno
725 3035 853 3103 Domini
880 3032 1113 3104 mccxnvn
1135 3033 1167 3101 in
1190 3033 1350 3103 Pomania
1376 3032 1537 3103 Kalendas
1557 3032 1646 3118 Iulii,
1668 3033 1845 3104 Indictione
1864 3033 1982 3119 quinta

536 3238 728 3325 Mysus.
751 3244 905 3323 Purudpi.
926 3237 1100 3322 Pekolisse,
1118 3238 1247 3321 nicpdpd
1267 3242 1363 3305 ooodo
1383 3242 1450 3304 nod
1460 3242 1609 3318 jeaiorem
1629 3243 1769 3317 Patrico,
1788 3240 1857 3306 dail
1869 3241 1983 3305 mdia.

434 3339 937 3437 mnemonico
971 3340 1334 3427 cumenowono.
1367 3340 1728 3431 mouendam
1764 3325 1983 3427 son-bo
2071 3359 2074 3363 ’

1107 3637 1182 3726 Nr.
1213 3634 1314 3726 263.

537 3829 783 3918 bolosfflrns
810 3834 888 3917 dux
912 3834 1061 3918 Polonio
1087 3839 1219 3918 1247
1244 3834 1271 3920 J
1270 3835 1324 3919 uh
1340 3839 1385 3932 3,
1406 3835 1450 3918 in
1466 3833 1615 3918 canobio
1632 3833 1667 3917 b.
1685 3834 1883 3920 Lanrcncii
1900 3835 1984 3916 unio

434 3933 565 4040 licha
588 3952 740 4021 ommno
760 3952 967 4021 romanens
988 3953 1080 4021 vnns
1100 3954 1252 4039 sngow
1272 3961 1307 4024 o
1326 3955 1552 4041 wicum
1571 3974 1644 4024 cum
1662 3954 1863 4024 barason
1883 3959 1986 4024 cona

435 4074 544 4127 rernm
564 4054 723 4123 mesiae-
734 4054 915 4140 praedictae
935 4055 1083 4124 villanum
1103 4057 1235 4125 confert

540 4163 682 4239 Ριηωι
703 4163 821 4240 orobba
859 4160 999 4224 Smer
1012 4161 1177 4240 jedoobup
1197 4166 1398 4244 mommio,
1417 4166 1554 4248 picczpci
1573 4165 1624 4227 nic
1637 4182 1728 4230 mosa

540 4259 676 4328 nom
707 4263 826 4327 soso.
853 4264 994 4342 mpero.
1018 4263 1046 4338 1,
1068 4263 1100 4329 2.
1121 4297 1167 4312 -
1185 4263 1369 4346 meai,
1396 4268 1466 4333 on.
1489 4269 1609 4345 aspona
1634 4268 1746 4334 nuo.
1767 4267 1871 4333 Paroa
1890 4268 1944 4334 27.

539 4463 579 4533 In
599 4464 726 4534 nominc
746 4470 856 4533 sancta
873 4465 1039 4533 Trinitatis
1060 4485 1162 4534 amen.
1184 4467 1253 4552 Ego
1273 4467 1476 4537 Bolesrlavns
1497 4468 1557 4536 Dei
1578 4470 1684 4553 gratia
1705 4471 1769 4538 dux
1790 4471 1920 4540 Polonie
1933 4487 1988 4537 no·

436 4572 506 4636 inm
525 4565 608 4636 iacio
629 4568 784 4635 universis
806 4573 871 4635 tam
892 4569 1091 4654 presentibus
1113 4587 1208 4654 quam
1229 4569 1361 4654 futuris,
1390 4571 1474 4656 qnod
1502 4571 1544 4639 ob
1564 4571 1765 4641 devocionem
1785 4581 1820 4642 et
1840 4575 1988 4642 affectum

438 4688 532 4755 quem
553 4669 654 4739 habeo
675 4670 717 4739 ad
738 4671 902 4739 ecclesiam
923 4670 1169 4739 Pomaniensem
1189 4678 1224 4739 et
1244 4672 1286 4741 ad
1307 4673 1468 4740 dominum
1493 4672 1682 4758 Boguiulum
1703 4676 1885 4761 episcopum
1906 4675 1988 4743 eius·

437 4771 509 4842 dem
529 4772 670 4857 ecclesie,
691 4774 844 4859 petitione
865 4775 964 4860 ipsius
985 4773 1100 4843 ductus
1122 4775 1224 4842 eidem
1244 4780 1278 4842 et
1298 4775 1428 4843 ecclesia
1448 4775 1547 4860 ipsius
1569 4777 1662 4843 villus
1683 4796 1745 4860 que
1765 4779 1935 4847 Gelithoeo
1956 4778 1990 4842 ct

437 4872 636 4944 Vesoruhino
656 4877 862 4945 nominantur
882 4877 1003 4944 contuli
1031 4877 1100 4946 iure
1127 4883 1280 4963 perpetuo
1308 4877 1522 4962 possidendus,
1551 4878 1632 4947 dans
1653 4880 1823 4948 earundem
1844 4881 1988 4948 dunum

290 5048 294 5053 ,
363 4987 369 5000 ·
438 4975 703 5046 inhabitatoribus
721 4980 854 5047 condem
873 4979 1064 5063 libertatem,
1086 4999 1181 5065 quam
1202 4979 1321 5048 habent
1347 4981 1489 5051 homines
1508 4983 1657 5067 antiquas
1680 4984 1773 5053 villas
1793 4984 1924 5052 coelosic
1942 4981 1990 5047 in·

385 5130 387 5134 .
438 5077 631 5165 habitantes,
652 5083 685 5149 in
706 5083 807 5168 ipsius
828 5083 943 5151 diocesi
965 5084 1164 5152 constitutas.
1206 5083 1254 5152 Ut
1274 5089 1381 5152 autem
1403 5085 1461 5152 hec
1481 5090 1593 5152 nostra
1615 5086 1747 5154 donacio
1773 5085 1890 5153 iutnds
1912 5089 1989 5150 icm-

439 5180 568 5270 poribus
588 5189 740 5271 perpetue
761 5184 921 5254 hnmimtis
942 5185 1038 5255 robur
1059 5186 1212 5273 optineat,
1241 5193 1420 5273 presentem
1446 5189 1593 5275 paginam
1615 5190 1678 5257 mei
1699 5188 1794 5274 sigilli
1819 5186 1989 5256 munimine
