4476 6180
676 267 751 345 180

675 475 797 539 stantes
824 471 958 555 pueruli,
991 469 1111 556 absque
1141 471 1249 540 liboris
1278 456 1445 538 herodibus
1470 470 1555 539 dam
1583 467 1728 536 unicam
1755 465 1860 535 earnis
1886 465 2085 551 intraverint,
2111 470 2214 552 donus

674 571 850 641 Lendensis
871 575 1062 660 sepeliotam
1085 575 1293 642 hereditatem
1317 574 1386 640 iure
1407 573 1598 641 hereditario
1613 570 1795 658 possidebit,
1816 571 2027 638 annuentibus
2040 570 2134 641 dictis
2147 579 2216 652 dno

674 676 734 746 bus
755 675 830 744 filiis
850 677 917 744 suis
937 684 972 746 et
992 677 1033 745 sd
1055 697 1167 746 manus
1188 677 1311 746 Mathis
1332 677 1457 744 obbatis
1478 676 1618 744 eiusdem
1639 675 1820 742 monasterii
1841 693 1876 742 se
1898 672 2139 758 conferentibus,
2160 681 2216 754 ira.

675 779 821 848 tersitati
843 779 975 848 'Ordinis
1003 800 1038 848 se
1062 799 1102 848 ac
1129 800 1186 880 sue
1213 779 1287 848 fidei
1314 780 1547 847 commiserunt
1596 778 1664 846 uos
1691 796 1765 847 veru
1793 775 1910 845 hahes
1936 778 2117 844 mamurii
2143 781 2217 855 Len.

674 881 781 951 densis
809 881 862 968 pie
889 882 1068 950 devocionis
1098 883 1204 951 studio
1231 888 1467 969 prosequentes,
1501 881 1583 949 hanc
1613 881 1844 948 ordinacionem
1872 879 1915 947 ob
1940 879 2090 948 honorem
2110 882 2170 951 Dei
2189 903 2218 961 et

673 984 810 1072 glodose
831 985 960 1070 virginis
982 992 1017 1053 et
1037 985 1151 1053 matris
1171 986 1273 1054 Maris
1294 1005 1353 1054 nee
1370 1005 1434 1054 non
1452 984 1495 1053 ad
1516 985 1654 1052 salutem
1682 989 1823 1053 nosuam
1850 992 2034 1068 perpetuam
2061 986 2218 1062 confirma.

674 1106 755 1156 mus
798 1086 919 1154 Datum
939 1091 973 1155 et
993 1091 1102 1154 actum
1128 1087 1162 1153 in
1191 1088 1311 1156 Dlusea
1331 1106 1414 1156 anno
1439 1086 1569 1155 Domini
1591 1084 1795 1169 uocum,
1815 1085 1892 1152 Idus
1918 1087 2006 1168 Maii,
2027 1091 2218 1172 presentibus

553 1261 559 1274 ,
674 1188 793 1258 nortun
813 1187 994 1270 barombus,
1016 1187 1163 1256 videlicet
1183 1191 1299 1258 comite
1320 1189 1523 1257 Erkeuboldo
1541 1189 1684 1272 panum
1704 1188 1886 1271 ilalisiensi,
1912 1188 2052 1257 Iohanne
2073 1194 2218 1264 musella

674 1291 734 1374 rio,
755 1289 896 1358 Iohanne
916 1290 1088 1360 castellano
1109 1291 1291 1377 Kalisiensi
1321 1293 1434 1361 comite
1460 1291 1586 1360 unua
1609 1289 1781 1359 castellano
1801 1290 1959 1360 leodensi
1980 1299 2014 1359 et
2034 1291 2105 1358 aliis
2129 1311 2219 1377 qnam

675 1392 820 1480 pluribus
841 1391 904 1461 lide
924 1392 1037 1478 dignis
1081 1393 1126 1463 Et
1146 1414 1187 1463 ns
1207 1394 1241 1462 in
1262 1401 1422 1480 posterum
1443 1393 1552 1478 aliquo
1572 1392 1767 1477 malignante
1787 1392 1846 1462 bec
1866 1399 1933 1461 tam
1948 1392 2083 1460 salulnis
2101 1393 2219 1465 ordina

675 1495 725 1565 elo
745 1495 850 1565 vdent
870 1494 1001 1580 irritari,
1020 1503 1198 1582 presentem
1219 1498 1362 1568 cedmam
1383 1497 1479 1584 sigilli
1500 1497 1603 1565 nostri
1624 1496 1815 1582 appensione
1834 1496 1966 1566 lecimus
1987 1496 2181 1566 mmmuniri

780 1699 949 1807 mmm
971 1707 1116 1786 razon.
1158 1701 1341 1790 munes,
1363 1709 1402 1774 a
1422 1706 1499 1793 squ.
1543 1702 1673 1786 nine,
1691 1705 1800 1770 nas

1344 2106 1419 2194 Nn.
1451 2103 1553 2192 sle

778 2314 1017 2399 mnenon
1044 2314 1109 2420 Pp.
1133 2315 1190 2399 Ili
1215 2318 1551 2415 1258llal17,
1574 2314 1734 2418 1818811ς
1759 2331 1868 2401 oues
1893 2331 1934 2401 oe
1959 2332 2093 2400 neam
2122 2332 2223 2418 lesu

674 2432 766 2504 Sedis
786 2435 979 2520 apostolieae
1000 2434 1147 2520 18188811,
1167 2455 1209 2505 88
1228 2439 1386 2524 principes
1406 2438 1555 2507 Poloniae
1575 2456 1597 2506 a
1621 2453 1810 2522 quocunqne
1830 2435 1994 2504 molestari
2013 2435 2164 2522 patiatur.

782 2538 921 2633 Mser,
945 2541 1142 2607 noemma
1162 2544 1263 2607 huson
1285 2547 1428 2608 emm
1450 2543 1479 2618 1,
1500 2541 1576 2606 108.

777 2760 981 2831 Innocentius
1003 2761 1167 2848 episcopus
1189 2761 1289 2850 (eta),
1311 2763 1426 2831 dileoto
1444 2761 1510 2830 lilio
1522 2810 1555 2828 ..
1584 2759 1693 2829 abban
1722 2758 1762 2827 ds
1784 2758 1918 2828 blerano
1942 2760 2116 2845 apostolice
2136 2759 2225 2829 Sedis

632 2947 634 2951 y
674 2865 782 2952 legata
802 2865 937 2934 salutem
958 2862 1055 2950 (etc.)
1099 2864 1190 2933 Licet
1209 2864 1408 2949 apostolatus
1428 2863 1567 2933 officim
1587 2881 1646 2930 nos
1674 2861 1830 2929 univmsis
1855 2863 2031 2931 constituat
2057 2862 2224 2946 debitores,

674 2967 740 3038 illis
761 2972 868 3036 tamen
889 2968 1055 3052 speciebus
1073 2973 1108 3035 et
1128 2966 1282 3034 effieadus
1304 2968 1413 3035 edesse
1434 2986 1491 3035 nos
1513 2967 1671 3049 convenit,
1690 2965 1746 3049 qui
1767 2964 1856 3032 nullo
1876 2967 1981 3033 medio
2006 2965 2136 3034 subesse
2153 2965 2225 3033 Sodi

676 3070 851 3157 apostolice
870 3070 1086 3137 dinoscuntur.
1130 3066 1210 3136 Cum
1232 3070 1350 3153 itaque,
1372 3070 1456 3138 siout
1475 3087 1515 3135 er
1535 3073 1628 3154 parte
1648 3067 1836 3135 dileemrur'n
1855 3066 1994 3135 filiorum
2015 3068 2167 3135 nobilium
2181 3068 2225 3134 vi·

672 3191 782 3241 rorum
802 3172 978 3258 principum
1000 3170 1130 3239 Polonio
1149 3169 1211 3238 tuit
1231 3171 1429 3256 propositum
1447 3188 1554 3239 eoram
1573 3169 1676 3251 nobb,
1695 3170 1914 3254 progenitores
1936 3188 2045 3237 eorum
2059 3176 2225 3253 postqum

674 3272 856 3343 christinus
875 3272 950 3342 fidei
970 3273 1118 3342 notitiem
1138 3271 1318 3340 habuerunt
1347 3273 1449 3340 eidem
1476 3272 1553 3340 Sodi
1576 3270 1773 3339 solummodo
1805 3271 1940 3339 subiecti
1964 3271 2084 3339 fuerint
2108 3278 2143 3340 et
2166 3270 2226 3355 ipsi

673 3375 778 3446 adhue
798 3375 947 3459 existam,
967 3379 1002 3445 et
1022 3375 1200 3459 insignum
1220 3372 1423 3443 subiectionis
1443 3373 1624 3442 huiusmodi
1644 3392 1774 3442 censum
1791 3375 1849 3458 qni
1869 3375 2018 3442 donadus
2045 3375 2148 3442 sancti
2168 3374 2225 3442 Pe·

673 3478 718 3547 trl
738 3476 912 3563 vulgante
929 3477 1109 3562 appellatur
1129 3476 1225 3543 iidsn
1244 3483 1280 3544 et
1299 3475 1498 3545 habitatores
1518 3475 1650 3544 Polonie
1669 3477 1732 3561 ipsi
1752 3475 1827 3544 Sodi
1846 3477 1941 3544 annis
1961 3477 2094 3562 singulis
2108 3476 2227 3562 persol-

638 3589 642 3598 '
672 3580 778 3650 veriat
798 3579 951 3648 hactenus
968 3584 1003 3647 et
1021 3578 1216 3663 persolvant:
1238 3579 1435 3661 mandamus,
1456 3579 1609 3664 quatinus
1630 3579 1748 3646 eisdem
1769 3572 1965 3665 principibus
1986 3585 2021 3647 et
2041 3578 2227 3647 habitatori·

547 3706 551 3714 ·
672 3680 734 3751 bus
754 3700 813 3766 per
833 3687 867 3749 te
887 3681 937 3748 vel
954 3699 1012 3766 per
1030 3680 1129 3747 alum
1150 3678 1321 3748 sificadter
1341 3679 1479 3764 presidio
1496 3681 1687 3750 defensionis
1707 3681 1870 3764 8881818118,
1898 3701 1964 3750 oon
1989 3682 2155 3765 permittes
2174 3699 2227 3749 eos

673 3783 715 3854 ab
736 3781 895 3868 aliquibus
915 3781 1091 3863 molestari3
1114 3780 1142 3847 si
1160 3799 1239 3865 quas
1259 3780 1498 3863 infeudationoe,
1519 3783 1759 3851 distributiones
1779 3789 1838 3852 sut
1850 3785 2073 3870 occupationes
2087 3785 2127 3853 de
2142 3788 2228 3852 terra

672 3884 804 3955 PolonIe
824 3884 990 3966 inueneris,
1012 3887 1079 3950 tam
1100 3903 1122 3950 a
1143 3884 1336 3951 oanssimrno
1358 3883 1392 3950 in
1414 3882 1542 3952 Christo
1560 3885 1627 3952 lilio
1648 3891 1759 3953 nostro
1780 3884 1833 3953 W.
1853 3904 1928 3971 repe
1949 3887 2164 3954 Romanorum
2190 3885 2227 3952 il·

672 3985 769 4056 lustri
786 4006 883 4073 qnam
903 3986 944 4054 eh
961 3985 1034 4052 aliis
1054 3984 1167 4066 iactas,
1189 3984 1360 4052 denuncies
1380 3987 1574 4055 materiate
1596 3992 1708 4055 nostra
1728 4006 1787 4072 per
1806 3993 1841 4057 te
1866 3985 1919 4057 rel
1948 3989 2047 4056 chum
2073 3989 2228 4073 aliquate-

672 4109 734 4159 nus
755 4109 819 4158 non
837 4091 953 4172 valere,
973 4088 1191 4156 molestatores
1213 4094 1248 4156 et
1268 4089 1516 4158 contradictores
1536 4091 1640 4174 siqui
1657 4089 1787 4173 luerim,
1815 4109 1873 4176 per
1891 4088 2057 4159 censuram
2081 4091 2228 4159 ecclesia·

672 4193 797 4276 sticum,
825 4191 1038 4278 appellatione
1065 4189 1251 4275 postposita,
1295 4193 1529 4276 compescendo.
1583 4192 1657 4260 Non
1685 4193 1887 4261 obstanh‘bus
1918 4194 2079 4277 aliquibus
2110 4193 2228 4261 litteris

671 4312 769 4380 snper
789 4295 851 4363 hoc
870 4313 892 4363 a
912 4292 993 4361 Sede
1014 4292 1189 4376 apostoliea
1209 4291 1389 4376 impensus
1408 4295 1460 4362 vel
1483 4294 1700 4380 impetrandis,
1722 4313 1779 4362 seu
1799 4296 1829 4363 si
1849 4295 2010 4380 aliquibus
2029 4295 2069 4363 de
2083 4293 2227 4381 pertibus

671 4397 737 4466 11118
756 4401 808 4466 est
827 4395 996 4464 abeodem
1014 4393 1095 4461 Sede
1116 4393 1283 4477 indultum,
1305 4396 1390 4480 qnod
1412 4398 1676 4466 excommunicari
1697 4398 1764 4466 sive
1783 4399 1933 4484 suspendi
1947 4404 2005 4464 snt
2018 4417 2127 4467 eorum
2145 4406 2229 4467 terre

672 4497 843 4567 interdicto
864 4495 999 4581 supponi
1020 4513 1084 4561 non
1105 4495 1228 4578 possint
1249 4515 1307 4581 per
1327 4497 1453 4566 litteras
1473 4498 1676 4584 apostoliens,
1706 4519 1770 4568 non
1796 4499 1950 4569 ndentes
1976 4502 2102 4587 plenam
2120 4507 2155 4569 et
2175 4519 2229 4568 ea·

672 4616 827 4687 pressam,
849 4616 906 4665 seu
926 4597 967 4664 de
987 4598 1082 4665 vebo
1104 4597 1145 4664 od
1166 4596 1296 4665 verbnm
1317 4599 1358 4667 de
1379 4600 1503 4668 indulto
1523 4600 1704 4668 huiusmodi
1725 4603 1926 4686 mentionem,
1949 4610 1984 4672 et
2005 4604 2230 4683 constitutione

673 4702 715 4772 de
735 4699 859 4769 duabus
871 4700 976 4783 dietis,
996 4700 1084 4768 edita
1104 4701 1138 4766 in
1158 4699 1299 4770 Concilio
1319 4704 1471 4787 generali.
1498 4703 1619 4772 1181881
1639 4703 1738 4771 181811
1758 4702 1837 4772 xvi
1856 4704 2019 4775 Kalendas
2039 4705 2133 4789 Iunii,
2152 4723 2229 4791 pon·

674 4802 815 4876 libutus
833 4800 936 4873 nostri
956 4820 1040 4871 anno
1060 4802 1192 4871 decimo.
