4860 6180
1905 277 1979 358 309

432 477 748 565 europaeorum
770 476 916 563 punam
936 473 1067 545 roomo
1087 476 1238 547 remus.
1281 478 1320 547 n
1338 478 1431 548 norm
1453 427 1499 546 ru
1522 444 1898 563 modestissimum
1920 480 1981 551 cr-

433 582 527 670 pituli
543 581 766 650 Poznnnionsis
788 580 916 648 fecimus
936 578 1062 662 apponi.
1107 580 1190 647 dcta
1211 587 1285 649 sunt
1307 583 1364 651 bec
1382 598 1465 648 enno
1485 579 1612 647 Domini
1642 580 1808 651 millesimo
1832 583 1981 654 ducente-

336 732 343 743 ,
432 685 513 754 simo
534 684 793 769 quinquagesimo
811 682 955 768 septimo,
975 681 1007 747 in
1030 680 1191 750 cathedra
1206 682 1290 752 boati
1313 685 1399 752 Petri
1420 682 1556 768 apostoli
1571 701 1675 750 coram
1690 682 1780 750 nobis
1795 686 1828 752 in
1842 686 1981 772 Poenan,

433 789 635 959 ”¹⁸⁸⁰an
649 788 814 906 Protpelm
833 786 983 872 palatino,
1013 786 1153 855 Iohanne
1180 789 1367 902 cancellario
1397 793 1515 869 nostro,
1546 784 1670 853 Buaclm
1695 788 1826 855 custode
1851 797 1885 858 ct
1910 792 1982 860 aliis

434 911 531 978 quam
552 909 706 977 purrnns.

538 1095 635 1179 Obra,
661 1098 750 1162 Obrue
794 1095 977 1179 smarsewo,
999 1097 1066 1162 dail
1086 1117 1105 1160 z
1128 1099 1291 1162 nimieclcu
1314 1099 1482 1163 Scbmarse.
1527 1093 1659 1176 Siedlec,
1684 1092 1864 1179 Rekitniua,
1887 1044 1983 1167 Babi-

435 1204 530 1282 most,
551 1199 620 1264 dzil
640 1202 694 1263 talc
714 1218 806 1264 mro.
851 1198 1027 1285 Potopisco,
1049 1204 1101 1264 nie
1121 1202 1320 1279 odpodeiooe.

1105 1495 1180 1582 Nr.
1212 1490 1313 1581 348.

540 1688 764 1774 lucanensis
791 1690 940 1805 tddlllsid
968 1689 1181 1795 Capitulum
1207 1696 1339 1773 1257
1365 1690 1474 1773 Mari.
1490 1695 1575 1788 24,
1601 1691 1644 1773 in
1661 1690 1827 1797 flnezntt
1843 1730 1983 1780 eommu-

437 1816 487 1880 tat
504 1811 612 1879 villam
633 1829 724 1879 suam
745 1809 932 1895 Wysrelrow
953 1830 1023 1879 cum
1044 1812 1120 1880 villa
1150 1812 1317 1880 Absulonis
1342 1810 1447 1878 clerici
1468 1810 1554 1878 dicta
1575 1809 1760 1894 Opatowko,
1787 1818 1820 1878 et
1845 1813 1984 1882 decimas

437 1915 471 1982 in
491 1913 568 1982 villa
588 1912 776 1998 Wysralrow
794 1932 852 1997 pro
873 1913 1001 1981 decimis
1023 1915 1208 1982 monasterii
1230 1914 1270 1981 de
1293 1913 1395 1980 Lubin
1417 1913 1452 1979 in
1470 1913 1632 1997 pmcdicta
1651 1912 1728 1979 uilla
1749 1911 1935 1996 Opatowko.

540 2018 680 2098 peoora
701 2021 819 2098 orypire
864 2021 998 2082 Szourlri
1012 2021 1173 2096 jedacbne
1192 2023 1233 2083 od
1248 2021 1486 2098 przywieszeniu
1508 2013 1609 2079 dodoi
1626 2019 1771 2102 pieczfci.

547 2122 688 2185 decimo.
711 2122 830 2185 Arabio.
857 2122 988 2198 Capituli
1011 2123 1168 2202 Metropot
1193 2123 1246 2185 Nr.
1267 2121 1321 2186 25.

546 2320 585 2389 ln
604 2321 730 2390 nomine
750 2321 879 2390 Domini
899 2323 1000 2391 nostri
1020 2323 1117 2392 Ihesn
1138 2322 1258 2392 christi
1278 2341 1380 2390 amen
1424 2320 1577 2402 Quoniam
1598 2320 1677 2388 iuris
1698 2328 1844 2390 auctores
1864 2323 1985 2393 indem-

438 2425 556 2512 pnitati
577 2423 779 2493 ecclesiarum
800 2430 834 2492 et
855 2424 954 2509 quieti
971 2426 1134 2510 providere
1155 2425 1365 2506 intendentem,
1383 2425 1495 2508 predia
1515 2423 1685 2492 earundem
1702 2443 1764 2508 que
1777 2426 1846 2494 siue
1859 2426 1984 2512 dispen-

438 2527 500 2597 diis
520 2525 664 2614 pluribus
684 2532 719 2596 et
737 2528 941 2594 incommodis
961 2527 1028 2613 regi
1042 2529 1118 2596 sive
1143 2528 1258 2595 instrui
1288 2528 1443 2612 nequiunt
1468 2545 1526 2595 nec
1552 2525 1687 2610 delendi,
1718 2546 1775 2612 pro
1803 2528 1985 2598 melioribus

438 2647 477 2699 ae
508 2629 610 2714 magis
640 2628 773 2697 utilibus
797 2631 971 2714 permutari
994 2636 1231 2699 concesserunt:
1260 2629 1352 2696 licuit
1378 2635 1412 2697 et
1433 2630 1509 2697 licet
1536 2629 1667 2714 prelatis
1688 2631 1891 2699 ecclesiarum
1913 2650 1984 2700 curn

440 2749 549 2800 corum
572 2730 728 2816 capitulis
749 2731 807 2799 hec
829 2732 947 2817 predia,
969 2731 1014 2799 sic
1036 2745 1142 2799 tamen
1163 2738 1201 2799 ut
1218 2730 1351 2800 meliora
1371 2731 1575 2817 prospiciant,
1597 2739 1786 2816 permutare.
1830 2733 1908 2802 Inde
1936 2741 1985 2802 est

439 2834 524 2920 quod
545 2852 604 2902 nos
626 2833 819 2903 (lneznensis
839 2835 970 2903 ecclesie
991 2834 1183 2920 Capitulum,
1205 2835 1438 2903 considerantes
1459 2853 1501 2901 ex
1526 2835 1688 2901 vicinitate
1714 2835 1861 2903 villarum
1892 2835 1985 2921 (lepi-

440 2936 508 3006 tulo
529 2942 639 3006 nostro
657 2938 883 3022 pertinentium
903 2937 1041 3023 plurima
1058 2937 1148 3006 uobis
1170 2935 1332 3004 commode
1353 2936 1526 3019 provenire,
1548 2927 1706 3003 cummuni
1720 2955 1759 3003 ac
1772 2937 1917 3020 diligenti
1930 2937 1985 3004 de·

439 3039 627 3109 liberatione
644 3039 763 3123 habita,
785 3040 875 3108 villus
889 3046 1025 3108 remotas
1038 3037 1205 3124 dequibus
1219 3057 1348 3124 parvam
1362 3037 1412 3105 vel
1429 3037 1548 3105 nullam
1563 3038 1783 3122 consequimur
1800 3039 1985 3123 utilitatem,

439 3162 498 3229 pro
519 3142 723 3211 vicinioribus
744 3142 889 3211 duximus
907 3142 1140 3227 permutandus.
1184 3140 1246 3208 Sed
1274 3143 1350 3226 quia
1374 3141 1433 3208 bec
1460 3140 1708 3225 permutationes
1738 3141 1806 3208 sine
1831 3154 1988 3211 consensu

443 3245 641 3331 prelatorum
661 3244 732 3312 fieri
748 3244 832 3312 nulli
853 3244 999 3330 crpitnlo
1019 3249 1095 3310 sunt
1116 3259 1271 3324 concesse,
1299 3260 1358 3309 nos
1377 3239 1497 3309 domini
1524 3243 1626 3316 nostri
1655 3242 1803 3312 Fnloonis
1831 3243 1986 3330 archiepi-

443 3350 530 3436 aoopi
551 3349 693 3435 gratuito
715 3367 868 3417 consensu
886 3349 987 3432 petito
1006 3353 1040 3414 et
1060 3346 1201 3427 obtento,
1224 3344 1330 3411 villam
1351 3343 1499 3429 Capitulo
1519 3351 1631 3413 nostro
1649 3346 1860 3429 pertinentem
1882 3346 1986 3415 Wisa·

441 3450 512 3520 korr
533 3453 659 3520 nomine
679 3452 713 3518 in
733 3452 859 3536 dyocesi
880 3450 1087 3519 Poananiensi
1107 3450 1212 3522 sitam,
1234 3466 1292 3532 pro
1312 3447 1389 3515 villa
1407 3447 1540 3533 Opatow
1557 3449 1592 3515 in
1612 3448 1738 3534 dyocesi
1752 3449 1871 3517 domini
1885 3450 1987 3518 nostri

441 3554 597 3624 existente
618 3573 689 3623 cum
709 3554 866 3622 Absalone
886 3554 999 3622 clerico
1020 3553 1086 3619 lilio
1107 3550 1261 3619 Bennmi
1282 3551 1322 3617 de
1343 3549 1469 3618 Polvica
1490 3552 1746 3635 permutavimus,
1768 3552 1900 3621 eandem
1914 3571 1984 3637 per·

441 3658 649 3726 mutationem
670 3662 738 3724 tam
757 3677 815 3742 pro
835 3657 925 3724 nobis
946 3661 980 3724 et
1001 3656 1119 3722 nostris
1140 3654 1371 3722 successoribus
1392 3672 1432 3722 ex
1453 3672 1516 3722 una
1536 3660 1638 3738 parte,
1662 3673 1758 3740 quam
1786 3674 1844 3739 pro
1863 3654 1932 3742 ipso
1953 3660 1987 3724 et

442 3758 510 3826 eius
529 3759 665 3844 posteris
687 3778 727 3826 ex
747 3759 848 3826 ultera
868 3759 902 3825 in
922 3763 1110 3842 perpetuum
1132 3764 1235 3824 ratem
1256 3763 1289 3823 et
1310 3755 1432 3823 firmam
1454 3758 1674 3841 promittentes
1694 3757 1871 3826 observare
1913 3757 1988 3826 Per·

441 3861 577 3929 mutatio
601 3868 707 3929 tamen
728 3861 785 3929 bec
801 3861 994 3929 solummodo
1015 3878 1074 3943 pro
1096 3859 1172 3926 villa
1198 3863 1344 3926 teneatur
1364 3865 1553 3941 memorerm
1582 3859 1638 3926 sed
1666 3860 1695 3926 si
1720 3860 1822 3929 denuo
1849 3860 1988 3945 aliquam

442 3963 483 4033 de
503 3963 587 4031 villis
608 3964 726 4031 nostris
750 3971 929 4049 permutare
958 3962 1205 4046 indiguerimus,
1223 3961 1360 4028 eiusdem
1384 3960 1502 4027 domini
1530 3963 1631 4029 nostri
1660 3961 1809 4031 Fulconis
1833 3963 1989 4049 archiepi-

444 4065 530 4151 aoopi
549 4084 718 4135 consensus
738 4066 780 4132 ad
800 4066 861 4134 hoc
878 4063 1021 4150 specialis
1043 4065 1106 4131 erit
1126 4062 1339 4148 requirendus.
1384 4062 1543 4147 (letemm,
1569 4065 1645 4149 quia
1673 4064 1795 4133 decima
1822 4066 1863 4134 de
1885 4066 1990 4133 Wise·

443 4168 514 4237 leun
535 4175 645 4237 nostro
667 4167 815 4253 Capitulo
836 4170 988 4253 pertinuit
1008 4168 1049 4234 ab
1070 4167 1211 4250 antiquo,
1238 4165 1358 4232 decima
1382 4185 1456 4232 vero
1482 4166 1521 4233 de
1551 4166 1683 4251 Opatow
1713 4168 1812 4235 abbas
1841 4175 1877 4236 et
1906 4167 1989 4234 Con·

443 4273 552 4340 ventui
573 4273 612 4339 de
634 4271 751 4339 Lubin:
774 4279 812 4339 ut
831 4272 937 4338 uillam
959 4271 1091 4354 Opatow
1113 4269 1206 4352 pleno
1224 4269 1292 4335 iure
1314 4267 1441 4352 pacifice
1461 4269 1691 4353 possideremus
1712 4275 1747 4337 et
1767 4271 1883 4354 quiete,
1904 4269 1988 4337 deci·

443 4393 512 4442 mus
533 4373 660 4443 eosdem
675 4392 748 4441 cum
762 4373 926 4440 conventu
940 4379 974 4440 et
987 4373 1102 4440 abbate
1117 4371 1362 4457 permutavimus
1376 4373 1566 4454 memoretis,
1588 4372 1708 4440 domini
1726 4373 1827 4441 nostri
1840 4371 1989 4440 Fulconis

443 4476 669 4563 archiepiscopi
700 4493 795 4557 mero,
828 4475 921 4559 pleno
944 4481 978 4542 et
1005 4475 1138 4558 benigno
1165 4493 1317 4540 consensu
1342 4473 1519 4543 accedente.
1563 4475 1666 4560 Super
1694 4476 1752 4544 bec
1774 4477 1871 4543 etiam
1896 4475 1990 4542 dictis

443 4579 551 4649 abbati
574 4587 607 4648 ct
630 4578 815 4660 Conventni,
836 4577 954 4645 domini
975 4577 1076 4644 nostri
1101 4576 1326 4662 archicpiscopi
1351 4582 1385 4646 et
1409 4584 1551 4646 nostrum
1575 4579 1773 4664 privilegium
1801 4577 1991 4645 contulimus

443 4683 589 4768 speciale.
633 4679 672 4748 In
693 4681 782 4749 cuius
804 4680 849 4747 rei
870 4680 1084 4747 testimonimn
1107 4685 1284 4762 presentem
1313 4681 1459 4765 paginam
1488 4681 1607 4749 domini
1635 4667 1739 4750 nostri
1763 4679 1990 4764 archiepiscopi

445 4790 479 4853 et
500 4783 640 4870 cepituli
659 4783 760 4851 nostri
788 4782 899 4866 sigillis
919 4781 1065 4848 duximus
1089 4779 1308 4848 roborandam
1338 4782 1457 4850 Datum
1471 4785 1504 4851 in
1519 4783 1650 4853 (ineana
1662 4803 1746 4852 anno
1759 4783 1864 4868 gratie
1877 4779 1988 4850 MEO.

444 4889 704 4974 quinquagesimo
724 4888 867 4973 septimo,
887 4885 1064 4952 Iudiccione
1081 4884 1194 4969 quinta
1212 4882 1342 4968 decima,
1363 4904 1447 4954 nono
1464 4886 1623 4962 Kalendas
1644 4887 1774 4971 Aprilis.

548 5091 719 5170 Wisukow,
745 5095 924 5174 liberalem.
968 5089 1112 5175 operae,
1141 5092 1313 5170 operculo.
1357 5087 1497 5172 Polviea,
1527 5088 1672 5158 Mica.
1716 5087 1829 5170 laabin,
1851 5089 1958 5159 hubin.
