4476 6180
192 109 287 181 mum
308 107 342 175 in
364 108 525 194 premissis
548 108 690 176 totuliter
709 106 900 192 excipientes
922 105 1121 190 absolvimus,
1140 112 1175 175 et
1190 105 1307 176 libcms
1328 125 1384 176 cos
1404 102 1564 177 reddimus
1585 108 1740 195 presenti·

190 210 247 283 bus
266 215 302 280 et
318 210 487 291 immunem
509 211 565 278 sod
586 211 627 278 nd
647 229 741 294 quem
762 208 942 277 huiusmodi
963 229 1047 294 peno
1065 211 1105 278 do
1125 210 1195 278 iure
1214 209 1414 294 pertinuerit,
1436 229 1525 280 reum
1553 218 1678 298 queret,
1706 218 1741 281 et

188 312 349 387 lneodem
370 331 483 398 penum
505 313 573 381 inre
594 317 720 398 repetet
740 310 918 397 ospitalem.
949 312 1093 400 Denique
1113 311 1226 395 iomm,
1249 312 1449 381 theoloneum
1464 319 1498 382 ct
1511 313 1636 384 forense
1654 315 1740 401 quod

186 414 317 503 tergore
337 415 463 499 dicitur,
483 416 655 485 doneciuno
676 415 867 483 serenissimi
888 415 1039 501 principis
1060 415 1105 500 pii
1127 414 1302 498 Wlndislui,
1324 416 1496 501 ontiputrin
1513 418 1615 485 nostri
1639 417 1741 487 felicis

184 518 428 601 montismontis,
450 519 580 588 ecclesio
600 539 638 588 oc
659 520 744 588 dicte
760 519 867 587 domui
887 518 1084 586 Yescevionsi
1107 524 1142 585 et
1162 518 1314 587 frutribus
1335 518 1451 587 ibidem
1473 518 1513 588 ob
1532 521 1664 605 eudquo
1682 520 1740 591 de·

183 630 267 705 tum,
287 625 444 690 etnmtum
465 627 499 689 et
519 624 639 707 scripto
660 622 894 690 confirmatum:
917 620 1001 705 quod
1022 621 1175 705 scriptum
1197 639 1267 688 oum
1288 622 1323 689 in
1342 622 1544 708 expedicione
1557 622 1741 706 suprudicts

181 722 367 807 memus,
388 724 523 791 vidimus
545 731 579 792 et
598 725 715 792 loetum
734 725 911 792 andivimus
933 730 967 792 ct
984 724 1022 791 -in
1040 724 1186 791 menibus
1206 725 1325 794 nostrin
1345 725 1625 795 contrcctsvimus:
1655 726 1739 795 idem

182 826 303 910 mm,
325 826 506 896 theloneum
529 834 563 896 et
584 835 723 924 tergore,
746 828 845 896 libere
865 846 903 895 sc
924 826 1053 912 pcoitioe
1073 828 1158 895 dicte
1175 829 1282 895 domui
1310 835 1345 897 et
1372 828 1525 898 fratribus
1549 828 1739 914 bnbcndum,
1776 833 1782 844 “

183 929 434 1019 pecipiendum,
463 932 670 998 exercendum
693 937 727 999 et
748 930 971 1015 perfruendm
993 932 1154 1016 perpetuis
1177 932 1370 1017 temporibus
1400 931 1629 1000 continuemus.
1673 931 1741 1000 No·

181 1040 258 1103 tum
275 1032 320 1101 sit
339 1032 440 1100 eciem
460 1033 604 1101 omnibus
624 1041 690 1101 tom
712 1033 911 1118 presentibus
933 1051 1028 1116 quem
1049 1033 1175 1115 futuris,
1197 1034 1282 1118 quud
1303 1053 1406 1103 comes
1425 1034 1612 1102 Mislimirns
1634 1053 1740 1103 corum

177 1140 299 1207 nne
318 1140 561 1219 nostrorumque
582 1135 735 1203 burouum
757 1136 930 1219 presencie,
952 1135 992 1202 ob
1013 1153 1141 1202 suorum
1159 1135 1407 1221 redempcionem
1429 1142 1639 1222 pennatorum,
1664 1156 1740 1206 oon·

178 1236 265 1309 tulit
294 1236 402 1305 domui
429 1237 629 1305 Yeszerieusi
658 1256 714 1321 pro
742 1237 976 1305 oonstmooiuue
1004 1238 1174 1305 molendini
1198 1245 1321 1322 portem
1345 1241 1395 1307 sul
1422 1240 1525 1308 litoris
1553 1240 1587 1306 in
1611 1238 1740 1309 flumine

177 1338 272 1427 qnod
291 1339 381 1409 Reve
401 1341 574 1425 vulgariter
595 1346 805 1425 nuncupetur,
828 1341 897 1409 iure
916 1340 1106 1409 hereditario
1132 1340 1240 1424 libere,
1261 1333 1369 1428 quiete
1395 1361 1433 1410 nc
1459 1348 1613 1428 perpetuen
1638 1343 1741 1428 possi·

177 1440 339 1525 dendum
360 1443 394 1510 in
416 1462 480 1530 que
501 1443 630 1527 piscine,
653 1461 780 1510 sursum
802 1449 836 1510 et
857 1442 1003 1511 deorsum
1024 1463 1082 1528 per
1101 1451 1213 1527 totum,
1233 1465 1291 1515 nec
1312 1446 1380 1530 ipse
1394 1464 1533 1531 unqnnm
1548 1466 1606 1516 nec
1619 1447 1740 1532 posteri

177 1546 239 1619 ai
257 1564 317 1615 nec
335 1565 541 1627 successores,
563 1547 704 1631 piscandi
722 1547 789 1614 sico
802 1546 935 1629 eliquid
963 1547 1099 1615 faciendi
1124 1548 1285 1617 nabebunt
1313 1554 1514 1634 potestatem.
1557 1549 1603 1616 ut
1623 1555 1661 1617 ut
1681 1550 1741 1617 bec

179 1647 395 1721 nelmebilss
417 1667 455 1717 uc
476 1649 653 1733 solempnes
671 1649 860 1716 donaciones
882 1655 991 1716 nostre
1011 1668 1049 1717 ec
1069 1649 1324 1718 confirmaciones
1345 1650 1442 1718 mbur
1455 1656 1643 1736 perpetuum
1657 1651 1740 1719 obti-

178 1756 287 1825 nnut
305 1751 476 1834 firmitatis,
499 1759 677 1836 presentem
699 1752 847 1836 psginnm
869 1751 903 1819 in
925 1752 1019 1818 buius
1033 1753 1080 1820 rei
1094 1753 1266 1836 pleniorem
1280 1753 1473 1821 evidencinm
1486 1754 1658 1822 venerabili
1671 1755 1740 1823 vim

180 1852 313 1945 preieto
333 1855 461 1922 domino
479 1853 619 1921 blurtino
640 1853 750 1921 ebbuti
770 1855 955 1921 monosterii
976 1855 1142 1922 memorati
1162 1855 1205 1923 nd
1222 1855 1398 1939 pmlectum
1417 1856 1547 1924 ecclesie
1568 1875 1608 1925 nc
1627 1856 1740 1926 domus

177 1957 401 2030 Ymevlensis
422 1962 456 2025 et
469 1955 604 2024 fratrum
618 1957 689 2024 duri
710 1957 869 2038 iussimus,
892 1957 993 2024 nostri
1013 1958 1109 2041 sigilli
1130 1958 1324 2042 inpressione
1345 1963 1379 2025 et
1401 1959 1593 2043 appensione
1613 1958 1739 2027 eviden-

179 2066 241 2135 ter
259 2060 492 2132 communitum
536 2061 653 2127 domm
674 2065 709 2128 ct
729 2059 892 2127 demmin
912 2058 1029 2126 Plocnlr
1051 2060 1084 2127 in
1105 2059 1157 2127 die
1176 2060 1262 2127 besti
1276 2061 1427 2144 martyris
1441 2060 1591 2143 Flofisui,
1612 2080 1740 2146 presen-

179 2162 274 2235 unu
293 2161 425 2251 profetis
454 2160 579 2229 dilectis
600 2161 675 2229 filiis
702 2162 820 2230 nostris
852 2162 1011 2252 Semovito
1036 2169 1070 2231 et
1095 2162 1253 2247 Truydino
1284 2162 1427 2244 ducibus,
1461 2161 1563 2231 Geton
1588 2163 1739 2248 pulutino,

182 2265 354 2338 umerus
377 2264 550 2334 cucullum
570 2264 723 2347 Plocensi,
751 2266 866 2333 comite
887 2264 1098 2350 Ncssegnevo,
1127 2265 1254 2333 domino
1275 2265 1412 2334 hncone
1441 2265 1627 2333 cunoellsnio
1653 2267 1741 2334 curie
1774 2288 1776 2294 ⁸

182 2373 298 2441 mite
318 2374 352 2437 ot
372 2368 445 2435 eliis
466 2386 561 2451 quem
581 2366 725 2451 plurimis
747 2366 809 2435 fide
829 2368 943 2451 dignis.
988 2366 1023 2434 Si
1045 2366 1116 2451 quis
1138 2373 1244 2435 entem
1265 2374 1464 2451 postemrum
1494 2386 1551 2435 scu
1580 2385 1741 2436 successo·

183 2490 260 2543 m
281 2476 461 2540 nustromm
484 2476 611 2538 nostrus
631 2471 820 2538 donemones
843 2475 876 2536 et
896 2469 1151 2537 confirmaciones
1173 2471 1352 2554 premissus,
1372 2469 1434 2538 rite
1455 2489 1493 2537 ec
1507 2469 1742 2539 meionebiliter

181 2572 289 2645 heere
310 2580 344 2643 ot
364 2573 467 2655 drus,
494 2572 683 2656 infringerit,
710 2573 959 2657 indignacionem
981 2571 1206 2656 omnipotentis
1234 2571 1294 2639 Dei
1323 2578 1357 2640 et
1385 2572 1550 2639 bectomm
1575 2570 1741 2640 Adulbcrti

182 2683 225 2749 et
243 2675 394 2746 sunem
415 2683 592 2761 martyrum
613 2676 682 2743 eius
704 2695 738 2744 sc
758 2678 880 2744 senciat
899 2675 1163 2743 inremissibiliter
1182 2675 1392 2742 incursurum.
1426 2673 1470 2740 Et
1491 2691 1531 2741 ne
1552 2674 1624 2758 quis
1646 2693 1742 2758 super

184 2778 253 2848 bile
273 2779 417 2848 omnibus
438 2778 600 2863 premissis
621 2778 841 2862 quoquomodo
862 2776 996 2859 dubitet,
1015 2777 1100 2844 lecte
1120 2781 1170 2843 est
1189 2776 1246 2843 bec
1268 2777 1385 2861 pagine
1405 2781 1440 2842 et
1459 2775 1605 2860 exposite
1624 2776 1659 2842 in
1684 2795 1740 2844 no·
1819 2804 1824 2812 ·

185 2885 520 2963 mansuetumque
541 2879 728 2947 dilectorum
749 2880 886 2947 filiomm
907 2868 1075 2946 audierun'
1091 2885 1125 2945 et
1143 2877 1304 2959 buronum,
1328 2877 1406 2945 duta
1436 2896 1494 2962 per
1515 2896 1628 2945 munus
1657 2879 1741 2946 eius·

183 2982 261 3054 (lm
280 2983 399 3051 domini
420 2983 565 3050 lenconis
587 2984 767 3051 ounoellnrii
787 2983 953 3050 memorati
975 2982 1034 3049 sub
1054 3001 1138 3050 nuno
1155 2981 1261 3066 grecie
1281 2980 1517 3048 incarnacionis
1537 2973 1665 3048 Domini
1684 2999 1740 3048 no·

182 3085 248 3155 strl
268 3085 363 3155 ihesu
383 3084 503 3154 christi
523 3086 690 3154 millesimo
711 3086 925 3154 ducentesimo
946 3084 1177 3170 sepmugesiruo
1198 3088 1320 3151 octeno.
1350 3084 1462 3166 Amen,
1484 3081 1517 3149 id
1538 3087 1590 3150 est
1609 3081 1739 3150 fiet...

183 3186 581 3258 nse....urc....mn
1519 3203 1521 3207 ·

296 3391 494 3476 Lublnensls,
514 3358 553 3460 dc
573 3397 677 3459 subsc
720 3392 929 3475 Yeneviensis,
951 3397 989 3457 de
1010 3390 1118 3457 leion.
1153 3388 1271 3472 Grimn,
1294 3388 1453 3471 mmor.
1483 3386 1741 3471 Pisaurense

186 3492 355 3579 Imiuino,
381 3496 496 3562 laeteri.
548 3495 720 3577 Miculimo,
756 3497 898 3562 Macron.
948 3492 1119 3576 crosnom,
1150 3495 1325 3558 Kromoroo.
1378 3490 1467 3575 Bulu
1498 3495 1602 3558 dioto
1652 3489 1743 3559 Rem
1840 3485 1841 3488 ’

184 3595 278 3681 dm,
299 3600 416 3665 emen
435 3603 538 3664 neca.

859 3791 933 3876 Nr.
965 3783 1066 3876 478.

292 3986 481 4072 &nundus
507 3986 668 4070 Preminl
694 3986 771 4068 dux
797 3986 947 4069 Polonie
975 3989 1109 4068 1278
1136 4007 1164 4068 s
1192 3987 1241 4086 d,
1269 3986 1312 4068 in
1338 3985 1504 4088 Ponucn3
1538 4000 1661 4070 sontem
1691 4021 1741 4070 oe
1843 4069 1848 4079 ,

186 4109 304 4179 osteo
323 4108 531 4177 Poznuniensi
552 4108 643 4174 villus
665 4107 814 4174 Psurskie
833 4112 867 4174 ct
889 4107 1061 4190 Ieszkowo,
1083 4126 1164 4191 ques
1186 4107 1344 4191 quondum
1375 4105 1565 4173 Phnlimirus
1584 4104 1669 4173 tilius
1690 4104 1741 4172 lo·

186 4211 302 4280 humb
322 4211 515 4296 possederat,
538 4216 571 4278 ct
591 4216 781 4276 testamento
803 4209 953 4276 ecclcsinc
974 4211 1340 4294 proedictoelegcveret

292 4320 432 4394 Pergam.
451 4320 567 4396 orypire
614 4318 716 4378 Seuer
729 4316 895 4394 jerlroobnp
913 4313 1005 4395 edito,
1027 4315 1187 4395 zlctdrepo
1204 4311 1330 4400 pieczgd
1352 4315 1468 4378 mrem

292 4416 431 4485 Pozuuri.
475 4420 593 4483 mcliv.
622 4421 755 4496 Capitolii
777 4419 805 4492 I,
828 4419 858 4480 7.
883 4452 925 4466 -
947 4416 1130 4499 Rcczrpielci,
1166 4421 1234 4483 Cori
1264 4421 1385 4498 diplom.
1418 4418 1528 4481 Maior.
1556 4417 1659 4480 Polou.
1689 4415 1741 4479 59.

292 4621 331 4690 In
359 4622 485 4689 nomine
507 4621 634 4688 Domini
662 4640 762 4689 omem
806 4621 889 4688 Dum
919 4621 997 4688 vivit
1022 4621 1132 4690 littore
1157 4623 1236 4689 vivit
1264 4628 1298 4689 et
1326 4621 1412 4690 ectio
1434 4619 1601 4687 commisse
1623 4619 1741 4700 littore,

190 4727 281 4795 cuius
298 4727 432 4795 usscrtio
453 4726 555 4792 nutrit
576 4727 758 4824 memoriam
780 4732 814 4792 ct
835 4726 984 4792 roborum
1005 4725 1138 4809 suscipit
1160 4725 1396 4792 incrementum.
1430 4723 1533 4805 Igitur
1551 4740 1610 4788 uos
1631 4740 1742 4787 sccun-

190 4827 252 4897 dus
271 4828 406 4898 Premizl
427 4828 485 4896 Dei
507 4827 611 4913 gretie
629 4828 693 4895 dur
715 4828 855 4910 l‘olouio,
876 4828 1086 4912 predictorum
1108 4827 1190 4895 fretu
1215 4826 1445 4895 ammoniciouc
1467 4825 1654 4894 salutarium
1677 4844 1743 4892 mo

1531 4944 1583 4998 ω,
