4860 6180
1375 318 1450 404 Nn.
1482 313 1582 404 366.

813 510 1006 597 Boloslous
1025 515 1102 597 dux
1114 513 1262 599 Polonis
1279 514 1433 599 bidonis
1451 518 1585 595 1258
1603 511 1687 597 len.
1703 515 1748 609 8,
1764 511 1807 594 ln
1821 510 2025 613 Pennunim
2041 532 2144 596 mun
2157 527 2252 601 nabet

708 634 897 720 emptionem
926 634 1022 700 sortis
1049 634 1488 721 Moclnowo,quom1wonus
1517 634 1627 701 boenes
1647 633 1688 700 de
1713 631 1944 698 Ostrowieczno
1964 629 2113 698 ecclesius
2133 629 2251 701 Pozen-

709 736 811 806 niernl
832 735 1025 804 vendiderat

813 838 947 904 romei.
992 841 1109 904 Arelate.
1137 842 1279 920 Capituli.
1302 844 1365 910 lib.
1375 846 1478 923 privil.
1502 845 1536 916 B,
1558 843 1614 906 Nr.
1637 840 1712 906 166.

812 1042 850 1110 In
871 1041 995 1110 nomine
1016 1041 1143 1109 Domini
1165 1043 1224 1110 Dei
1243 1046 1344 1112 eterni
1365 1065 1465 1114 ornen.
1510 1043 1623 1112 Multis
1643 1039 1848 1109 incommodis
1869 1039 2039 1124 prudenter
2051 1038 2252 1123 occurrimus,

711 1164 783 1215 cum
804 1146 900 1214 stetis
920 1150 1029 1212 nostre
1047 1146 1176 1229 negocio
1195 1146 1375 1216 litterarum
1396 1148 1545 1216 memorie
1563 1143 1825 1214 commendemus.
1858 1141 1936 1209 Inde
1953 1148 2003 1209 est
2022 1140 2107 1226 quod
2121 1159 2179 1208 nos
2192 1141 2253 1209 Bo-

709 1248 825 1316 leslnns
846 1247 906 1316 Dei
926 1248 1034 1331 precio
1054 1247 1118 1314 dux
1139 1247 1268 1316 Polonie
1289 1250 1420 1317 bloioris
1444 1254 1555 1317 notum
1579 1266 1650 1315 esse
1674 1245 1819 1313 volumus
1847 1250 1913 1311 tsrn
1939 1244 2136 1329 presentibus
2158 1262 2253 1326 quem

708 1349 824 1420 luteris
845 1349 999 1436 presentis
1028 1350 1141 1434 pagine
1166 1352 1279 1419 seriem
1305 1352 1503 1436 inspecturis,
1530 1352 1616 1435 quod
1641 1347 1830 1416 venerobilis
1856 1353 1948 1432 peter
1974 1353 2083 1414 noster
2108 1346 2253 1414 dominus

708 1451 879 1538 Bopnmlus
899 1451 1006 1520 divino
1026 1453 1225 1537 providencia
1247 1455 1469 1524 Poenoniensis
1490 1456 1665 1540 episeopus,
1687 1452 1816 1537 cupiens
1837 1451 2000 1520 ecclesiam
2014 1450 2099 1519 beuti
2112 1449 2200 1517 Petri
2214 1450 2254 1518 de
2399 1501 2400 1504 η

707 1555 799 1624 bonis
820 1555 955 1640 propriis
975 1556 1136 1640 ampliore,
1159 1564 1278 1626 sortem
1299 1577 1361 1642 que
1382 1559 1531 1627 Mocoov'o
1556 1557 1748 1638 nominetur,
1774 1555 1955 1639 contiguum
1976 1553 2050 1621 ville
2075 1571 2133 1620 sue
2162 1570 2253 1619 roce-

707 1656 783 1726 bulo
804 1656 992 1741 (lrodnices,
1014 1659 1092 1725 emit
1111 1659 1197 1743 spuo
1218 1660 1386 1745 Hyrunum
1410 1661 1556 1728 heredem
1585 1659 1626 1726 de
1651 1659 1863 1726 Ostroveczno
1888 1675 1947 1742 pro
1975 1655 2114 1740 quinquo
2138 1655 2254 1722 mercis

707 1761 831 1846 ergenii
851 1766 885 1827 et
905 1779 969 1827 une
987 1780 1092 1844 moes,
1115 1780 1176 1847 que
1197 1762 1258 1829 sibi
1280 1765 1344 1830 ism
1365 1762 1508 1844 exsolvit,
1529 1763 1600 1848 ipso
1620 1761 1754 1846 Hyrsno
1776 1778 1882 1829 eorem
1904 1757 1994 1827 nobis
2015 1764 2049 1826 et
2068 1758 2187 1824 nostris
2199 1757 2254 1824 be·

708 1862 837 1932 renibus
855 1869 1061 1948 protestante
1105 1863 1172 1932 Nos
1192 1882 1267 1933 vero
1288 1867 1391 1950 ipssm
1413 1866 1603 1950 empcionem
1626 1869 1730 1932 retem
1749 1868 1783 1930 et
1802 1868 1927 1946 grutem
1949 1860 2110 1942 babentes,
2138 1877 2180 1926 ne
2201 1876 2254 1926 su-

709 1983 767 2051 per
787 1964 847 2032 boe
867 1966 901 2033 in
922 1971 1083 2049 posterum
1105 1966 1321 2050 ambiguitatis
1341 1968 1508 2053 scrupulus
1529 1968 1661 2048 orietur,
1683 1971 1862 2052 presentem
1882 1964 2023 2032 litterum
2041 1961 2196 2031 conscribi
2210 1960 2254 2029 le·

708 2067 808 2136 einrru
829 2073 864 2135 et
883 2068 986 2134 nostri
1003 2068 1099 2153 sigilli
1116 2069 1288 2136 munimine
1305 2070 1458 2139 roborari
1502 2072 1619 2137 Actum
1639 2068 1673 2136 in
1700 2068 1859 2137 romnis
1883 2085 1966 2134 enno
1996 2067 2101 2152 grecie
2126 2065 2254 2134 Domini

708 2167 849 2238 M.OG.L
876 2175 998 2253 octeno,
1021 2172 1119 2238 tercio
1140 2169 1248 2239 Nonne
1269 2171 1418 2254 Innunrii,
1440 2170 1639 2256 presentibus
1663 2170 1791 2238 domino
1817 2168 1957 2238 Iobnnne
1983 2168 2171 2238 esneellnrio
2198 2187 2255 2235 no-

708 2276 777 2340 stro
797 2271 1015 2340 erobidiseono
1037 2271 1253 2356 Pozmniensi,
1282 2273 1513 2342 Hnroomboldo
1541 2275 1682 2358 pulntino
1708 2272 1897 2354 Gnesnensi,
1924 2271 2058 2340 luneone
2080 2270 2254 2340 esstellsno
2395 2340 2397 2345 .

709 2372 885 2458 fflmensi,
907 2381 941 2443 ot
961 2375 1033 2444 ullis
1054 2376 1315 2462 quamplurimis
1336 2377 1412 2444 viris
1432 2377 1539 2462 probis
1558 2381 1593 2445 et
1611 2375 1762 2444 honestis
2393 2376 2411 2425 ε*

810 2580 959 2649 Moeeovo
996 2580 1037 2666 (rr
1067 2585 1264 2664 topiarium
1295 2587 1328 2647 A
1363 2583 1529 2668 Mocbouo)
1564 2585 1659 2648 oredo
1698 2585 1815 2648 ossen
1871 2579 2058 2664 Grodnlcm,
2095 2583 2253 2646 emoneo

708 2681 930 2766 Quoremno,
957 2688 1185 2751 Ortronieozno.

1170 3048 1173 3054 J
1318 3039 1322 3048 .
1375 2981 1450 3067 Nr.
1481 2973 1582 3067 367.

811 3176 1034 3262 Bolonlnsus
1062 3178 1139 3261 dor
1165 3177 1316 3260 Polonlo
1342 3179 1479 3259 1258
1505 3175 1941 3280 Febr.14‚lndneens;
1960 3191 2170 3279 mousom
2186 3211 2254 3263 mo

588 3326 591 3331 ·
707 3298 848 3367 meterlo
868 3298 909 3366 do
928 3297 1040 3366 dekno
1062 3318 1083 3367 n
1103 3296 1355 3383 progenitoribus
1376 3298 1443 3365 suis
1463 3297 1598 3379 colum,
1620 3314 1718 3366 nosos
1737 3295 1857 3364 edlicit

815 3403 1012 3482 decemper
1029 3405 1254 3482 pomierdzonp
1271 3421 1385 3481 prm:
1412 3401 1591 3468 animirus
1608 3400 1795 3469 rexPolonie
1816 3399 1901 3465 1346
1920 3398 1995 3468 Jum
2017 3397 2049 3482 6,
2071 3399 2105 3468 ln
2124 3398 2250 3484 Pudry,

682 3583 684 3586 ⁴
709 3500 846 3583 murm
865 3523 893 3565 u
913 3510 1135 3584 nmnmmpcie
1152 3507 1270 3584 orppin.
1288 3509 1541 3585 pmnioedzonym
1562 3523 1674 3585 prm.-
1702 3492 1921 3588 Siglsm'undus
1941 3520 1998 3570 rex
2020 3501 2169 3571 Polonise
2192 3508 2254 3570 ete

711 3602 796 3669 1590
816 3603 891 3673 Dee
916 3603 967 3688 16,
989 3603 1228 3673 Verssovisew
1246 3626 1384 3686 peram
1405 3613 1534 3688 coppim,
1555 3606 1824 3696 Meropum&
1841 3610 1956 3673 nudie

818 3711 1010 3796 prrowiec.
1055 3713 1172 3774 Arcbin
1194 3713 1337 3788 uidetis.

809 3912 848 3980 ln
868 3912 993 3981 nomine
1015 3913 1141 3980 Domini
1162 3933 1264 3982 omen.
1311 3914 1391 3982 (lum
1412 3917 1534 4002 petitur
1552 3913 1638 4000 quod
1658 3915 1777 3983 iustum
1797 3921 1902 3983 estet
1925 3913 2051 3982 ridetur
2075 3912 2253 3997 boreum,

706 4014 802 4085 iustis
820 4015 997 4101 potencium
1020 4015 1185 4082 desideriis
1205 4017 1334 4101 dignum
1356 4024 1407 4085 est
1427 4018 1558 4103 prebere
1578 4035 1776 4099 eonsensum,
1797 4022 1832 4084 ot
1851 4023 1929 4086 roto
1955 4035 2017 4101 quo
2036 4035 2058 4084 o
2078 4022 2165 4085 recto
2187 4023 2254 4084 tro·

708 4117 786 4186 mite
807 4137 871 4185 non
891 4117 1082 4198 discordent,
1104 4117 1217 4185 effectu
1237 4120 1454 4205 prosequendo
1476 4120 1661 4204 complere·
1686 4118 1789 4204 Igibrr
1809 4139 1867 4187 nos
1887 4119 2052 4187 Boleslnus
2073 4119 2133 4186 Dei
2146 4119 2255 4204 mucis

706 4219 772 4288 dux
793 4219 921 4287 Polonie
938 4225 1049 4287 notum
1071 4238 1140 4287 esse
1168 4219 1312 4287 volumus
1340 4228 1407 4290 tem
1436 4222 1635 4306 presentibus
1655 4241 1751 4306 quem
1768 4221 1885 4288 futuris
1905 4227 2081 4307 presented
2106 4222 2254 4307 pupieno

611 4342 612 4347 ¹
706 4321 905 4407 inspecturis,
927 4321 1012 4405 quod
1032 4322 1073 4389 ob
1095 4324 1303 4390 reverenciam
1325 4324 1384 4391 Dei
1406 4331 1440 4391 et
1459 4325 1551 4391 beste
1572 4325 1702 4406 virgime
1724 4325 1825 4392 Morio
1846 4344 1904 4392 nec
1925 4344 1987 4392 non
2013 4330 2121 4392 ennete
2141 4324 2255 4392 metris

706 4421 856 4505 Bedesis,
875 4424 976 4489 nostri
999 4425 1215 4508 progenitores
1235 4425 1380 4492 dominus
1401 4427 1519 4495 blesiso
1539 4433 1573 4493 et
1594 4426 1813 4511 Wlsdysslsns
1839 4428 1934 4494 duees
1960 4426 2089 4495 Polonle
2114 4426 2255 4495 contule·

705 4531 782 4593 runt
803 4526 835 4593 ln
856 4526 922 4592 suis
948 4525 1130 4610 privilegiis,
1158 4544 1220 4608 que
1246 4529 1364 4594 nostris
1390 4529 1490 4596 oculis
1519 4528 1747 4612 conspeximus,
1773 4529 1918 4596 omnibus
1947 4529 2030 4597 villis
2054 4528 2188 4598 instrum
2214 4529 2255 4596 de

709 4627 824 4697 Lukns
843 4627 885 4695 sd
902 4647 1031 4712 presens
1052 4628 1169 4696 meltis
1191 4636 1225 4696 et
1246 4631 1397 4698 bobendis
1418 4633 1603 4700 sumemus
1625 4629 1799 4713 libertem,
1820 4631 1968 4699 videlicet
1982 4632 2065 4718 quod
2085 4652 2107 4700 n
2127 4632 2255 4716 podero-

707 4748 801 4815 rone,
823 4750 845 4799 s
865 4738 979 4814 strom,
1001 4749 1022 4797 u
1044 4732 1179 4815 pmnod,
1201 4752 1222 4800 o
1242 4734 1405 4818 podrody‚
1427 4734 1470 4802 eb
1489 4733 1700 4818 expedicione,
1722 4740 1756 4800 et
1775 4735 1978 4818 reputacione
1991 4736 2096 4820 pontis
2110 4742 2144 4803 et
2157 4735 2255 4803 onstri

707 4832 860 4902 liberrimi
874 4835 939 4901 sint
952 4839 985 4901 et
999 4832 1147 4917 obsoleti,
1162 4854 1219 4903 nee
1233 4836 1315 4905 ullus
1330 4838 1455 4922 iniquos
1469 4838 1652 4905 susociones
1665 4836 1786 4904 solvere
1800 4842 1977 4904 teneantur.
2004 4836 2072 4905 Nos
2092 4857 2165 4905 vero
2187 4844 2254 4905 torn

705 4936 860 5005 solemnes
876 4937 1063 5005 dormcioncs
1079 4940 1316 5023 progenitorum
1330 4940 1487 5008 dictorum
1499 4940 1614 5008 ducunt
1629 4944 1738 5023 grume
1752 4939 1914 5024 hebenus,
1929 4940 2126 5025 presentibus
2140 4941 2255 5009 confir·
