4860 6180
2027 280 2103 365 228

558 491 677 580 sique
696 506 771 559 vero
799 486 986 559 donationes
1016 494 1074 559 ant
1097 487 1301 558 alienationes
1327 488 1421 559 aliter
1447 509 1543 576 quarn
1570 487 1691 557 dictum
1717 493 1768 556 est
1788 487 1871 558 nete
1895 487 2024 570 inerint,
2050 505 2107 556 eas

559 596 665 668 irrites
690 611 760 662 esse
785 610 958 662 censemus.
1002 593 1053 661 Ad
1079 592 1137 660 bec
1165 591 1348 676 inhibemus,
1375 600 1412 660 nt
1432 593 1547 679 aliquis
1565 591 1736 660 momulus
1757 593 1823 660 sire
1844 609 2022 674 conuersus,
2044 589 2105 659 sub

559 696 749 788 professione
769 702 875 764 vestm
896 697 1008 764 domus
1026 697 1187 779 astrictus,
1208 695 1276 764 sine
1296 715 1448 764 consensu
1468 703 1503 764 et
1523 694 1652 763 licentia
1671 695 1794 762 abbatis
1812 699 1847 763 et
1861 694 1991 761 maioris
2004 694 2107 779 pertis

558 800 656 872 restrl
677 797 817 883 capituli
838 799 1024 885 proaliquo
1046 799 1225 881 fideiubore,
1253 800 1301 866 sel
1326 798 1366 867 ab
1391 799 1497 882 aliquo
1523 799 1688 886 perunum
1721 802 1832 865 mutuo
1856 797 1992 879 accipiat
2019 795 2109 879 ultra

559 920 711 974 mmmm
734 899 874 986 Capituli
895 903 993 970 vestri
1021 902 1218 987 providentia
1238 903 1449 982 consulatum,
1472 901 1532 968 nisi
1554 907 1686 986 propter
1704 899 1903 967 manbestam
1924 902 2029 963 vestre
2049 898 2107 964 do·
2227 941 2230 947 -

559 1021 629 1076 mus
648 1002 836 1085 utilitatem
859 1004 944 1087 qnod
970 1005 998 1070 sl
1025 1003 1129 1072 faeere
1153 1003 1234 1072 lorte
1258 1003 1495 1088 presumpserit,
1526 1021 1589 1070 non
1610 1008 1759 1071 teneatur
1776 1001 1956 1069 Conventus
1976 1017 2035 1084 pro
2055 997 2107 1066 lris

559 1107 760 1193 ndquatenus
779 1104 977 1190 respondere.
1021 1105 1159 1174 Licinum
1185 1113 1327 1192 preterea
1355 1106 1399 1171 sit
1422 1104 1511 1171 vobis
1539 1106 1574 1171 in
1603 1109 1706 1174 caruis
1727 1103 1873 1190 propriis,
1895 1103 1961 1169 sive
1982 1101 2106 1170 drilcnr

560 1210 625 1281 sire
653 1208 848 1277 criminalem
874 1208 1057 1275 contineant
1086 1208 1295 1293 questionem,
1323 1204 1456 1272 fratrum
1484 1212 1660 1274 vestrorum
1690 1204 1878 1274 testimoniis
1905 1204 1964 1285 uti,
1985 1222 2027 1270 ne
2048 1221 2107 1287 pro

560 1310 684 1382 deiectu
705 1311 834 1378 testium
855 1310 906 1376 ius
926 1315 1067 1376 ossuum
1085 1310 1119 1376 in
1140 1309 1245 1393 aliquo
1267 1309 1371 1375 valeat
1387 1308 1539 1391 deperire.
1569 1306 1702 1392 Insuper
1722 1307 1913 1376 enotamtate
1933 1304 2109 1390 apostolius

560 1411 746 1494 inhibemus,
766 1411 929 1478 utnullus
945 1412 1111 1496 episeopus
1137 1411 1187 1479 vel
1211 1411 1276 1479 alia
1304 1410 1443 1494 quelibet
1467 1428 1603 1493 persona
1631 1411 1672 1477 sd
1698 1409 1831 1478 Sinodos
1858 1408 1907 1475 vel
1936 1411 2109 1476 conventus

562 1515 701 1586 iorenses
718 1532 775 1581 vos
796 1514 853 1594 ire,
873 1513 924 1580 vel
951 1512 1066 1579 iudicio
1088 1512 1221 1580 seculari
1243 1512 1282 1579 de
1309 1516 1416 1579 vestra
1436 1513 1564 1596 propria
1584 1513 1766 1581 substancia
1783 1512 1833 1580 uel
1859 1508 2122 1596 possessionibus

560 1616 674 1686 ιωιιὶι
694 1616 856 1682 subiacere
877 1615 1056 1699 compellat,
1085 1633 1144 1682 nec
1169 1616 1209 1682 ad
1234 1615 1343 1682 ‹lomos
1368 1621 1489 1682 vostras
1514 1633 1610 1683 caum
1635 1615 1761 1682 ordines
1785 1614 1973 1695 celebrandi,
1995 1629 2109 1680 causas

561 1718 728 1800 mnndi,
749 1718 799 1785 vel
821 1724 992 1785 conventus
1013 1717 1136 1801 aliquos
1157 1718 1297 1803 publicos
1319 1718 1508 1786 convocandi
1527 1720 1634 1786 venire
1655 1724 1827 1802 presumat,
1856 1734 1914 1784 nec
1932 1716 2108 1799 regularem

439 1885 443 1892 .
560 1820 685 1893 abbatis
697 1821 796 1887 sesni
817 1819 1001 1888 electionem
1024 1819 1185 1903 impediat,
1206 1826 1264 1887 aut
1284 1820 1323 1887 de
1341 1821 1534 1889 instituendo
1555 1821 1604 1888 vel
1626 1818 1812 1887 removendo
1832 1828 1871 1884 'eo
1885 1817 1940 1900 qui
1954 1835 2013 1902 pro
2027 1823 2108 1885 tern-

562 1941 637 2010 pore
657 1920 763 1999 inerit,
784 1926 896 1990 contra
912 1926 1037 1989 statuta
1058 1920 1276 1988 cisterciensis
1305 1921 1431 1989 Ordinis
1456 1942 1491 1990 se
1512 1924 1712 2006 aliquatenus
1733 1921 1938 1987 intromittat
1979 1917 2015 1985 Si
2034 1937 2110 1986 suu

561 2024 778 2112 episcopusin
798 2023 887 2092 cuius
906 2024 1074 2108 parrochia
1094 2022 1206 2090 donnus
1225 2030 1330 2091 vestra
1349 2024 1480 2093 inndnta
1500 2033 1551 2093 est
1578 2044 1650 2094 cum
1677 2024 1856 2091 hnmilitate
1882 2042 1920 2090 ac
1944 2022 2112 2089 devotione
2237 2069 2242 2078 .

418 2123 422 2130 ’
561 2146 625 2214 qua
650 2129 798 2196 convenit
829 2128 1010 2211 requisitus,
1046 2125 1254 2193 substitutum
1282 2125 1428 2195 abbatem
1455 2128 1637 2197 benedicere
1664 2135 1698 2194 et
1724 2126 1790 2194 elia
1814 2143 1877 2210 que
1901 2123 1943 2192 ed
1972 2123 2112 2191 cilicium

561 2228 738 2316 episcopale
756 2229 917 2314 pertinent
938 2229 1025 2296 vobis
1046 2228 1188 2296 scalen-e
1209 2231 1359 2310 renuerit,
1381 2230 1502 2298 licitum
1521 2233 1565 2299 sit
1585 2230 1686 2298 eidem
1701 2229 1818 2311 abbati,
1841 2229 1992 2295 sitamen
2006 2243 2112 2293 moer·

562 2330 619 2399 dos
639 2330 746 2412 inerit,
768 2332 913 2415 proprios
934 2331 1072 2399 novicios
1093 2330 1277 2398 meminere
1296 2338 1330 2398 et
1350 2333 1413 2399 alia
1433 2352 1496 2418 qne
1516 2333 1557 2402 sd
1578 2333 1716 2400 cllidum
1736 2351 1828 2400 sunm
1848 2331 2009 2415 pertinent
2021 2347 2112 2396 exer·

548 2450 643 2516 ¹cere,
664 2439 699 2500 et
716 2430 805 2499 vobis
825 2432 931 2500 omnis
951 2432 992 2500 ab
1009 2432 1072 2500 alio
1092 2432 1238 2517 episcopo
1257 2435 1415 2516 percipere
1433 2453 1495 2517 que
1514 2440 1611 2503 antea
1636 2434 1764 2502 iuuant
1783 2433 1925 2501 indebite
1945 2431 2110 2515 denegata
2226 2461 2230 2470 ·

563 2532 646 2602 illud
677 2534 862 2617 adimentes,
888 2540 927 2601 ut
953 2534 987 2601 in
1012 2534 1202 2619 recipiendis
1228 2533 1557 2621 professionibusque
1583 2557 1604 2604 a
1629 2536 1800 2604 benedictis
1820 2536 1873 2602 vel
1893 2533 2113 2602 benedicendis

563 2634 731 2706 abbatibus
751 2636 949 2720 exhibentur,
975 2654 1015 2703 ea
1034 2637 1102 2702 sint
1121 2636 1259 2721 episcopi
1280 2634 1381 2704 iorrna
1405 2645 1438 2704 et
1456 2638 1655 2723 expressione
1675 2639 1826 2721 contenti,
1847 2656 1910 2722 que
1928 2638 1977 2717 ab¹
1989 2636 2112 2721 arigim

564 2736 692 2806 Ordinis
712 2739 854 2807 noscitur
874 2738 1040 2820 instituta3
1062 2744 1100 2804 nt
1119 2738 1240 2806 scilioet
1261 2737 1391 2806 abbates
1413 2740 1473 2823 ipsi
1492 2741 1637 2825 episeopo
1658 2742 1745 2807 salvo
1764 2738 1882 2807 Ordine
1897 2759 1954 2806 suo
1969 2739 2112 2824 profiteri

563 2839 708 2923 debeam,
729 2847 764 2909 et
781 2849 893 2910 oontm
913 2846 1037 2909 statuta
1055 2839 1183 2907 Ordinis
1204 2842 1254 2908 sui
1275 2842 1395 2909 nnllam
1415 2841 1638 2925 professionem
1658 2843 1761 2910 facere
1782 2842 2020 2925 oompellantur.
2050 2841 2113 2908 Pro

562 2944 848 3012 eonsoemdonibus
868 2962 943 3011 vero
966 2943 1116 3011 altarium
1134 2943 1183 3009 vel
1204 2943 1418 3026 occlusurum,
1441 2946 1508 3012 sive
1534 2964 1592 3029 pro
1620 2944 1698 3014 Oleo
1720 2963 1810 3013 sacro
1829 2945 1879 3011 rel
1902 2943 2042 3029 quolibet
2062 2961 2113 3011 ec-

565 3044 740 3115 rlcsinstlco
756 3045 971 3129 mannua,
993 3045 1100 3111 nullus
1121 3062 1141 3111 a
1162 3044 1249 3111 vobis
1268 3044 1327 3111 snb
1344 3045 1469 3112 obiectu
1490 3047 1725 3114 consuetudinis
1751 3046 1802 3115 rel
1824 3047 1887 3114 alio
1908 3045 2114 3128 modo-qnid·

566 3166 661 3233 quarn
680 3147 798 3217 audeat
814 3153 1013 3233 extorquere,
1036 3152 1086 3213 set
1106 3146 1165 3214 hec
1185 3147 1292 3214 omnia
1311 3148 1412 3232 gratis
1436 3149 1524 3217 vobis
1545 3150 1709 3234 episcopus
1730 3150 1914 3218 docueras
1940 3149 2113 3233 impendat

565 3251 715 3337 Alioquin
739 3251 836 3319 lieeat
860 3249 949 3318 robis
977 3266 1197 3335 quemcunque
1225 3249 1400 3316 malueritis
1429 3251 1618 3319 catholicum
1642 3252 1730 3319 adire
1757 3252 1945 3333 antistitem,
1975 3252 2115 3335 graciam

564 3358 599 3422 ct
613 3354 863 3424 communionem
885 3352 1057 3437 apostolice
1078 3349 1169 3418 Sedis
1190 3350 1368 3436 hebenum
1385 3354 1442 3437 qui
1462 3359 1573 3422 nostra
1592 3353 1693 3421 fretus
1713 3355 1906 3421 auommtate
1926 3355 2015 3421 vobis
2028 3351 2115 3436 qnod

470 3522 473 3527 ⁴
501 3520 526 3527 ,.
566 3456 746 3541 putamur
759 3455 930 3540 impendat
965 3453 1104 3534 Quodsi
1125 3453 1215 3521 sedes
1236 3453 1394 3523 dlooesnnl
1415 3457 1553 3541 episcopi
1573 3455 1656 3523 iorte
1676 3457 1845 3539 vomuerit,
1866 3455 1996 3523 interim
2010 3455 2117 3522 omnia

564 3557 775 3627 munden
803 3556 1007 3625 Sacramenta
1028 3576 1050 3624 a
1069 3557 1180 3624 vicinis
1209 3558 1363 3643 episcopis
1384 3560 1525 3643 accipere
1546 3559 1644 3626 libere
1669 3564 1703 3626 et
1722 3557 1843 3646 absque
1864 3558 2112 3627 contradictione

564 3660 708 3746 possitis3
733 3660 780 3728 sic
802 3666 917 3743 tamen
940 3666 977 3728 ut
997 3679 1037 3728 ex
1058 3660 1118 3728 hoc
1139 3660 1173 3726 in
1194 3667 1356 3744 posterum
1378 3662 1505 3746 proprio
1526 3661 1673 3746 episcopo
1694 3662 1817 3730 nullum
1838 3661 2044 3746 preludicium
2062 3680 2116 3746 ge·

565 3767 702 3843 nentur.
722 3762 807 3857 Quin
823 3781 897 3831 vero
918 3764 1078 3832 interdum
1099 3763 1219 3849 proprii
1241 3763 1378 3847 episcopi
1400 3763 1523 3847 copiam
1541 3782 1605 3830 non
1620 3762 1753 3845 habetis,
1768 3765 1797 3831 si
1812 3781 1905 3848 quem
1921 3764 2113 3847 episcopum,

564 3864 705 3935 Romam
723 3865 814 3934 Sedis
834 3871 872 3932 ut
892 3866 1029 3934 diximus
1049 3867 1190 3950 graciam
1211 3872 1246 3934 et
1264 3865 1511 3933 communionem
1532 3864 1699 3932 habentem
1719 3872 1754 3932 et
1774 3867 1814 3934 ‹le
1834 3884 1898 3950 quo
1917 3865 2043 3950 plenam
2058 3882 2114 3930 no·

565 3968 672 4038 teiam
693 3968 847 4050 habeetb,
869 3987 926 4052 per
946 3985 1002 4034 vos
1024 3969 1160 4035 uanum
1181 3967 1359 4051 contigerit,
1387 3966 1429 4035 ab
1447 3986 1485 4033 eo
1506 3966 1737 4035 benedictiones
1758 3987 1905 4036 vasorum
1924 3974 1958 4035 et
1979 3968 2117 4036 rendum

564 4089 602 4140 ac
630 4072 879 4140 consecutiones
908 4069 1069 4152 uanum,
1095 4070 1308 4136 ordinationes
1334 4070 1571 4152 monachornm,
1600 4071 1793 4139 anctoritate
1821 4071 1994 4156 apostolice
2024 4068 2117 4138 Sedu

565 4175 705 4259 recipere
717 4173 860 4241 ruentis.
881 4172 990 4254 Porro,
1002 4174 1029 4239 si
1043 4172 1181 4256 episeopi
1191 4171 1241 4239 rel
1252 4171 1307 4238 alii
1321 4172 1521 4240 ecclesiarum
1535 4177 1674 4240 rectores
1687 4174 1721 4239 in
1736 4175 1962 4241 monasterinm
1976 4178 2117 4240 vostnrm

565 4274 615 4344 rol
631 4293 780 4361 personas
799 4274 877 4341 inibi
898 4274 1089 4342 constitutas
1119 4275 1340 4358 suspensionis,
1371 4275 1669 4343 excomunicationis
1689 4276 1739 4343 vel
1761 4275 1922 4343 interdicti
1943 4276 2117 4343 sententias
2205 4327 2209 4335 .

565 4378 841 4464 promulgaverint,
868 4396 925 4445 seu
945 4379 1042 4444 etiam
1065 4377 1097 4442 in
1117 4378 1347 4445 mercennarios
1368 4385 1490 4445 vestros
1510 4396 1569 4463 pro
1587 4397 1625 4444 eo
1639 4378 1724 4463 quod
1738 4378 1874 4446 decimas
1894 4379 1978 4446 sicut
1998 4377 2118 4446 dictum

565 4487 615 4550 est
635 4500 698 4550 non
719 4481 908 4566 persolvitis,
930 4481 997 4548 sire
1017 4479 1125 4578 aliqua
1153 4482 1299 4548 oeasione
1327 4500 1435 4548 eornm
1465 4499 1527 4563 que
1548 4480 1588 4547 ab
1609 4481 1783 4564 apostoliea
1811 4482 2007 4567 benignitate
2028 4478 2117 4547 vobis

565 4581 690 4652 indulta
709 4588 795 4665 sunt,
816 4600 873 4651 sen
891 4582 1105 4650 namnum
1127 4587 1249 4649 vestros
1271 4602 1328 4666 pra
1342 4602 1379 4650 eo
1394 4583 1479 4666 quod
1492 4582 1600 4666 eliqua
1616 4582 1705 4649 robis
1727 4583 1877 4651 meleficia
1896 4583 1946 4650 vel
1968 4582 2119 4667 obsequia

567 4701 606 4752 ex
626 4685 761 4754 earitme
775 4685 982 4770 prestiterunt
996 4685 1045 4751 vel
1060 4685 1102 4751 nd
1113 4684 1320 4751 laborandum
1335 4684 1526 4751 adiuverunt
1545 4684 1579 4750 in
1601 4683 1664 4750 illis
1685 4671 1796 4753 (liebus
1818 4687 1851 4754 in
1872 4687 1988 4771 quibus
2002 4703 2057 4752 von
2071 4685 2119 4751 ln·

564 4785 684 4856 boratis
704 4792 739 4856 ct
760 4786 815 4853 alii
836 4785 1000 4869 leuantur,
1022 4786 1154 4853 eandem
1179 4788 1369 4854 sententiam
1390 4786 1606 4870 protulerunt:
1633 4786 1735 4870 ipsam
1757 4793 1908 4873 tanquam
1930 4794 2042 4856 contm
2062 4785 2121 4855 Se·

565 4887 614 4958 dis
631 4889 804 4976 apostolice
823 4888 948 4956 indulta
966 4889 1123 4973 prolatam
1144 4889 1340 4957 decernimus
1361 4889 1561 4970 irritandam;
1583 4906 1641 4956 nec
1661 4888 1769 4957 littere
1790 4890 1845 4958 ille
1865 4890 2049 4957 firmitatem
2062 4887 2121 4956 ba·

566 4988 673 5074 bant,
704 5009 785 5078 qaas
816 4992 915 5059 tacito
947 4991 1073 5058 nomine
1103 4990 1321 5059 cisterciensis
1345 4992 1486 5074 Ordinis,
1514 4996 1549 5059 et
1574 4997 1686 5059 eontra
1719 4992 1843 5059 indulta
1874 4991 2120 5077 apostolicorum

496 5174 498 5178 Α
567 5094 800 5180 privilegiorum
821 5094 1023 5164 constiterint
1044 5095 1218 5180 impetrari.
1239 5095 1397 5178 Pretesen,
1420 5115 1492 5164 cum
1513 5113 1677 5162 commune
1696 5095 1899 5162 interdictum
1915 5101 2000 5161 terre
2013 5093 2121 5176 merit,

377 5214 381 5223 ·
565 5193 660 5269 luent
681 5196 770 5268 robis
791 5197 1012 5269 meliorum
1032 5197 1068 5266 in
1088 5203 1194 5268 vestm
1215 5198 1417 5285 monastero,
1448 5198 1583 5268 exuasis
1609 5198 1794 5268 eaorclutis
1815 5203 1850 5267 et
1867 5196 2055 5283 interdictis,
2072 5195 2122 5264 dl·
