4860 6180
434 479 510 556 orl

431 677 548 747 marris
566 681 745 763 presentem
766 675 912 764 pagiuam
934 673 1133 759 inspecturis,
1155 671 1330 755 quodcum
1349 687 1452 737 comes
1473 668 1618 752 Bogossa
1644 665 1730 733 lilius
1747 665 1905 749 quondam
1926 663 1985 731 Po·

432 781 486 864 tri,
509 780 600 848 heres
622 779 661 847 do
683 778 882 860 Charbeiino,
905 778 1006 862 ipsam
1027 776 1234 842 lrorelitatem
1253 772 1441 841 Citarbeiiuo
1463 776 1497 839 ct
1519 770 1652 837 Dimino
1670 789 1743 837 curn
1761 769 1891 836 dimidio
1914 769 1986 834 lucu

432 881 569 952 'l’rebeze
590 887 625 949 et
645 881 708 949 aiio
731 881 858 963 Casino,
878 880 984 948 domni
1006 879 1098 946 bmtc
1119 877 1258 961 Virginis
1279 877 1318 945 de
1337 877 1440 943 Lubin
1461 895 1499 944 ac
1520 874 1628 942 abbati
1651 880 1684 942 et
1702 873 1854 940 iratribus
1869 871 1984 939 ibidem

433 984 502 1054 Deo
523 983 733 1054 servientibus
754 1004 812 1068 pro
833 1003 890 1051 suc
910 984 1014 1050 auimc
1040 988 1074 1050 et
1102 988 1270 1065 parentum
1294 999 1424 1048 suorum
1450 977 1588 1047 remedio
1614 977 1809 1059 contulisset,
1837 981 1934 1059 otone
1952 974 1986 1039 iu

351 1116 356 1127 ··
433 1086 548 1155 ultimo
568 1087 733 1154 voluntate
753 1086 885 1153 eandem
906 1085 1114 1153 heraclitatcm
1136 1081 1325 1151 Cirorbeliuo
1344 1080 1466 1166 prefate
1481 1080 1588 1149 domni
1602 1080 1748 1162 legasset,
1771 1078 1899 1146 tandem
1914 1080 1988 1161 post

434 1187 575 1258 eiusdem
596 1188 738 1274 Bogusse
766 1186 888 1254 obitum
909 1187 1010 1255 liliolii
1031 1187 1091 1269 sni,
1118 1184 1248 1268 Mistivy
1274 1182 1359 1250 lilius
1386 1183 1545 1266 Biisborii,
1572 1182 1709 1266 Datioiep
1735 1187 1769 1248 et
1789 1180 1904 1248 Petrus
1930 1177 1987 1244 liiii

434 1290 533 1375 Potui,
554 1289 695 1376 prefatos
717 1288 864 1357 abbatem
885 1294 919 1357 et
936 1288 1051 1358 iratres
1065 1306 1161 1372 super
1175 1287 1317 1371 proheta
1330 1287 1505 1355 hereditate
1519 1286 1688 1354 molestare
1702 1285 1859 1353 volebant
1892 1282 1987 1350 Gum-

435 1412 498 1481 qno
517 1393 577 1481 hec
596 1411 693 1461 causa
713 1391 754 1458 od
776 1392 877 1458 nostri
895 1391 1004 1460 iudicii
1022 1410 1152 1459 examen
1173 1389 1310 1457 deducta
1330 1387 1451 1471 luisset,
1480 1407 1538 1456 uos
1565 1408 1630 1456 uua
1651 1408 1722 1456 cum
1743 1386 1913 1457 baronibus
1931 1402 1988 1451 no·

435 1494 523 1579 stris,
544 1494 600 1581 qni
622 1499 698 1561 tunc
712 1493 875 1561 uobiscum
888 1500 1050 1577 presentes
1064 1500 1165 1575 erant,
1180 1490 1338 1577 prelatum
1351 1491 1559 1559 hereditatem
1574 1490 1774 1574 Charbelino,
1796 1489 1873 1575 qnia
1886 1490 1988 1573 ipsam

434 1597 640 1667 donacionem
660 1614 730 1664 esse
751 1614 857 1663 veram
878 1596 1063 1678 invenimus,
1086 1595 1254 1680 sepedictis
1271 1594 1380 1662 abbati
1401 1599 1435 1664 et
1455 1593 1607 1662 iratribus
1635 1595 1676 1662 de
1697 1593 1801 1661 Lubiu
1827 1592 1988 1660 adiudica

433 1701 538 1770 vimus
557 1699 685 1768 iusticia
706 1699 874 1782 mediante,
895 1700 958 1768 iam
980 1699 1073 1766 dictis
1095 1697 1247 1766 militibus
1270 1703 1457 1782 perpetuum
1477 1696 1639 1765 silentium
1670 1698 1877 1781 imponentes.
1921 1694 1989 1762 Nos

301 1844 306 1853 -
434 1803 535 1890 igitur
550 1802 693 1871 volentes
714 1800 926 1886 predictorum
947 1801 1082 1870 bubum
1103 1801 1282 1868 orationum
1303 1800 1373 1868 lieri
1385 1800 1564 1885 participes,
1587 1800 1688 1867 eidem
1703 1799 1873 1867 hereditati
1888 1797 1989 1865 char·

438 1903 544 1974 balino
565 1903 739 1972 addicimus
760 1903 969 1972 omnimodam
990 1902 1169 1972 hbertatem
1192 1921 1287 1986 quarn
1307 1902 1427 1970 hahent
1447 1921 1556 1970 omues
1576 1902 1652 1971 ville
1673 1901 1855 1969 monasterii
1878 1919 1989 1984 supra·

436 2006 524 2091 dieti,
546 2006 751 2091 adiungeutes
772 2024 841 2073 eum
862 2005 946 2073 villis
967 2005 1150 2073 monasterii
1170 2005 1346 2072 memorati
1376 2004 1425 2073 Ut
1444 2009 1551 2071 autern
1572 2004 1632 2071 hec
1654 2023 1716 2088 que
1738 2003 1881 2088 predicta
1902 2006 1987 2084 suut,

435 2107 528 2178 druna
547 2114 700 2194 perpetuo
722 2107 946 2178 inviolabiliter
965 2113 1175 2193 perseverent,
1197 2112 1376 2191 presentem
1396 2108 1545 2191 peginam
1566 2106 1720 2175 conscribi
1740 2105 1871 2174 fecimus
1885 2111 1920 2173 et
1932 2122 1989 2172 uo·

434 2211 495 2280 sul
523 2210 620 2298 sigilli
645 2210 818 2279 munimine
843 2211 985 2279 roborari
1008 2209 1207 2295 presentibus
1231 2208 1293 2276 hiis
1319 2208 1471 2277 testibus:
1505 2210 1621 2278 comite
1651 2208 1807 2277 Bervoido
1838 2213 1990 2275 venatore

437 2312 605 2396 mmusl
628 2313 743 2381 comite
763 2311 949 2398 Ssudyvoyo
964 2313 1136 2381 castellano
1148 2311 1189 2380 de
1202 2310 1328 2393 Drosin,
1351 2311 1478 2379 domiuo
1494 2310 1643 2380 Gabriele
1658 2318 1787 2380 cantore
1800 2309 1988 2379 Guecnemi

436 2414 554 2483 Actum
575 2420 610 2482 et
624 2414 742 2482 datum
761 2414 796 2481 iu
818 2414 968 2499 Rogoma
988 2413 1072 2484 inira
1092 2417 1219 2482 octavas
1241 2412 1419 2497 Epiphanio
1442 2413 1573 2498 Christi,
1595 2419 1630 2482 et
1649 2432 1733 2482 anno
1745 2413 1848 2499 gratie
1860 2411 1990 2480 Domini

437 2514 647 2586 illiciam
667 2523 768 2600 sexto,
789 2535 848 2603 per
867 2535 980 2587 manns
1001 2518 1142 2588 Philonis
1160 2517 1277 2587 notarii
1299 2517 1386 2586 curie
1407 2523 1525 2586 nostro.

538 2719 738 2805 marbino,
766 2724 940 2789 Chmblclba
983 2723 1128 2806 Diusiuo,
1157 2726 1291 2806 libaima
1335 2722 1482 2806 meiere,
1513 2726 1688 2791 muza.
1733 2721 1836 2790 [acus
1862 2721 1989 2804 Gosiuo,

435 2824 505 2891 dell
524 2843 669 2906 capcione
682 2827 804 2905 jezioro
823 2829 1036 2892 Bmzkowrkie.
1079 2823 1194 2908 Lubin,
1215 2827 1320 2892 mooe
1364 2825 1549 2908 Lentiensis,
1577 2831 1615 2892 de
1641 2828 1717 2912 lod.
1762 2824 1888 2907 Dresia,
1912 2829 1990 2889 Pro·

434 2932 503 3010 iva.
548 2929 577 2992 Ζ
594 2930 737 3008 mac
757 2931 857 3009 produ
871 2933 1015 3009 pozorlol
1035 2931 1147 3009 amoti
1166 2949 1275 3011 accpp,
1297 2950 1341 2995 ao
1361 2930 1480 3012 morem
1498 2951 1540 3012 po
1561 2934 1753 2995 vrirzczeaia
1773 2929 1861 3010 ἱεροὶ
1882 2937 1988 3010 postu·

436 3033 532 3096 ulmo
561 3029 687 3106 kadoldi,
709 3052 736 3094 vr
757 3036 888 3112 aeratam
914 3036 1038 3113 depicto
1067 3034 1165 3100 utam
1190 3033 1367 3114 rozebruao.
1411 3034 1487 3100 Dzid
1514 3037 1573 3098 eloi
1600 3051 1644 3098 ac
1672 3041 1730 3098 tera
1754 3035 1882 3113 mejero
1908 3034 1991 3097 Boiu

435 3133 531 3221 neae
574 3129 733 3218 &Polme
755 3133 909 3216 copem

1110 3429 1185 3516 Nr.
1217 3425 1317 3516 562.

542 3624 701 3710 Promisi
728 3626 807 3709 dux
832 3603 982 3709 Poionlo
1008 3595 1143 3708 1286
1168 3622 1258 3730 dpr.
1283 3629 1371 3728 26,
1397 3626 1440 3709 iu
1464 3624 1629 3728 bucmar
1651 3648 1754 3711 mem
1774 3642 1870 3712 habet
1883 3644 1992 3712 vuar·

325 3782 328 3787 ·
435 3744 554 3815 tionem
574 3745 670 3815 villae
689 3746 831 3829 Kouale,
852 3763 874 3812 a
894 3745 1009 3814 comite
1029 3747 1217 3831 Stoyguevo
1239 3746 1389 3814 ecclesiae
1410 3745 1589 3815 Guezneusi
1611 3746 1799 3830 resignatae.

543 3850 686 3918 dalem
730 3852 849 3915 Archm
878 3852 1010 3930 moue
1032 3852 1188 3930 Metropot
1211 3853 1275 3918 Lib.
1293 3856 1397 3932 privil.
1420 3854 1457 3916 Χ
1460 3853 1490 3916 V
1504 3869 1564 3918 rac.
1583 3855 1637 3931 sol.
1659 3853 1730 3916 7o'o.

537 4051 577 4121 Iu
597 4051 725 4121 nomine
742 4051 870 4120 Domini
891 4051 992 4120 nostri
1014 4051 1109 4121 ihesu
1131 4052 1252 4123 Christi
1269 4073 1372 4123 amen.
1403 4054 1558 4136 Quoniam
1571 4054 1742 4140 persistere
1763 4055 1797 4122 in
1818 4073 1911 4122 evum
1929 4073 1994 4123 non

434 4155 522 4225 valet
543 4155 724 4224 mortalium
745 4155 896 4240 valitudo,
918 4156 1023 4224 dicere
1044 4174 1215 4225 consonum
1235 4163 1295 4240 est,
1317 4158 1394 4242 quia
1414 4158 1500 4225 facta
1519 4158 1681 4225 homiuum
1698 4157 1868 4225 lauriabilia
1888 4165 1994 4225 naus·

434 4261 512 4326 eunt
531 4262 566 4326 et
581 4257 747 4326 oblivionis
768 4258 900 4326 interita
921 4278 942 4325 a
962 4259 1120 4326 memoriis
1141 4260 1315 4328 vivencium
1337 4260 1559 4329 miserabiliter
1580 4267 1781 4342 evanescunt,
1811 4262 1839 4328 si
1857 4261 1994 4344 scriptu·

434 4375 543 4426 rarnm
564 4363 599 4426 et
619 4359 749 4426 testium
770 4359 951 4427 testimonio
969 4379 1032 4428 non
1054 4360 1174 4429 lucriut
1193 4361 1356 4444 roborata;
1385 4381 1521 4447 namque
1549 4363 1734 4448 hegilitatis
1756 4362 1893 4431 humano
1919 4382 1994 4431 con·

435 4459 518 4529 dicio
537 4459 634 4529 nichil
654 4467 734 4546 aput
755 4478 790 4528 se
811 4460 937 4528 firmum
957 4468 1061 4546 putat,
1084 4465 1145 4530 uisi
1167 4463 1254 4548 quod
1274 4464 1382 4548 aliqum
1397 4467 1620 4549 perpetuitatis
1635 4465 1751 4533 indicio
1765 4467 1809 4532 eit
1822 4466 1992 4536 firmatum.

435 4562 572 4633 Proinde
593 4582 650 4632 nos
671 4563 805 4631 Promisi
826 4564 885 4631 Dei
906 4566 1013 4648 gracia
1033 4567 1097 4634 dax
1118 4567 1249 4634 Polouie
1267 4573 1378 4634 uotum
1398 4586 1468 4635 esse
1490 4568 1635 4636 volumus
1660 4569 1815 4636 universis
1838 4571 1994 4654 presenti-

434 4665 494 4735 bus
515 4674 550 4736 et
570 4665 697 4749 lutaris,
719 4665 804 4751 quod
825 4665 940 4734 nobilis
962 4669 1011 4734 vir
1032 4668 1108 4737 horo
1128 4676 1238 4737 noster
1260 4688 1365 4738 comes
1384 4670 1572 4756 Stoygneus,
1601 4669 1701 4739 irater
1726 4672 1879 4740 Rosconis
1900 4692 1995 4741 reue

435 4768 515 4838 toris
536 4767 730 4851 culisicnsis,
753 4768 959 4837 hereditatam
981 4788 1071 4839 suum
1093 4772 1212 4840 dicmur
1234 4772 1371 4855 Quale,
1402 4791 1499 4857 quam
1519 4791 1578 4841 uos
1599 4774 1660 4840 sibi
1687 4775 1829 4841 serviciis
1853 4775 1920 4843 sols
1946 4775 1995 4843 in·

435 4870 553 4956 spectis
574 4870 643 4938 inre
666 4870 858 4938 hereditario
880 4871 1076 4956 doleremus,
1099 4893 1162 4958 quo
1182 4875 1282 4942 eciam
1303 4875 1479 4942 hereditate
1507 4875 1635 4961 quidam
1661 4877 1788 4944 nomine
1809 4877 1841 4945 S.
1864 4883 1996 4963 propter

437 4971 645 5042 andaonem
667 4973 764 5041 castri
785 4971 968 5042 Calisieusis
997 4995 1121 5045 summu
1147 4978 1248 5044 nostri
1274 4978 1381 5061 patrui
1413 4977 1532 5046 domiui
1560 4980 1650 5046 ducis
1675 4979 1861 5047 Pomorauie
1882 4986 1916 5049 et
1937 5000 1994 5050 uo·

436 5083 577 5145 stromm
595 5076 748 5145 baronum
768 5078 911 5162 privatus
933 5078 1046 5164 luerat,
1068 5081 1109 5149 ‹lc
1129 5088 1239 5148 nostro
1260 5100 1414 5149 consensu
1436 5082 1607 5150 venerabili
1628 5084 1713 5166 patri
1727 5083 1854 5150 domiuo
1869 5083 1993 5168 Iacobo,

435 5178 544 5248 ovino
571 5178 772 5264 providencia
798 5180 976 5257 Gpeavrensi
1002 5181 1246 5267 archiepiscopo,
1280 5182 1406 5249 nominc
1437 5201 1494 5250 sno
1523 5182 1654 5251 ecclesio
1693 5204 1751 5268 pro
1783 5184 1995 5270 quadraginta

437 5282 552 5349 marcis
574 5283 698 5363 menti
719 5282 861 5350 vendidit
882 5304 953 5352 eum
974 5287 1060 5353 omni
1082 5286 1160 5368 iure,
1183 5287 1276 5370 pleno
1297 5285 1436 5352 ‹lominio
1458 5292 1492 5352 et
1507 5286 1699 5353 utilitatibus
1714 5287 1917 5372 quibvsllhet,
1932 5308 1994 5372 que

437 5383 482 5452 lhi
504 5382 665 5452 habeatur
686 5385 734 5453 vel
757 5384 865 5453 haberi
888 5395 1038 5471 potemrvt
1057 5390 1088 5456 in
1108 5390 1226 5457 lutuno.
1256 5389 1323 5457 Nos
1338 5396 1446 5457 autem
1469 5389 1680 5459 vendicionem
1695 5392 1868 5476 preliatum
1891 5399 1993 5460 ratam
