4860 6180
1109 432 1184 522 Nr.
1216 382 1319 523 377.Ι
1463 384 1477 490 «ἡ

533 642 729 730 Bolenluus
756 647 834 730 dux
858 647 1008 732 Polonis
1033 648 1187 732 biuioris
1221 653 1358 730 1259
1387 644 1475 730 iun
1501 649 1587 742 29,
1616 644 1659 727 in
1684 643 1840 749 Possum
1872 663 1986 732 mosr-
2126 722 2129 727 .

432 769 501 835 mot
520 767 711 835 monasterio
735 767 776 835 de
796 767 935 835 Koibuen
962 769 1189 854 possessionem
1211 769 1358 836 villarum
1383 768 1505 837 'lieben
1526 772 1562 835 et
1582 765 1753 851 Doperpui,
1774 785 1795 835 s
1813 771 1907 852 putre
1926 785 1985 836 suo

431 868 463 941 b.
481 888 524 938 m.
542 868 622 938 duee
639 868 813 936 wladislao
833 870 1029 955 solistumum,
1051 878 1086 940 et
1107 860 1258 940 terminos
1281 871 1451 940 eorundem
1469 869 1571 955 fingit

537 977 656 1039 Stultius
686 978 807 1053 Kriuipl.
838 973 946 1039 Senatu
967 980 1086 1044 Arcbiu
1121 978 1276 1043 Colbotzrr
1307 978 1455 1043 Mutrikel
1469 977 1523 1057 sol
1545 975 1598 1051 25,
1625 975 1680 1039 Nr.
1698 974 1773 1042 103.
1791 1008 1835 1023 -
1854 976 1984 1058 Breuem

438 1079 509 1144 Cod.
533 1079 711 1143 somme
732 1084 787 1142 eiu
808 1078 862 1144 Νν.
884 1078 958 1143 310.

535 1314 574 1383 lu
595 1314 719 1384 nomino
740 1313 868 1384 Domini
888 1334 990 1387 umen.
1035 1321 1188 1403 Quonium
1210 1320 1296 1406 longi
1317 1323 1439 1387 tructus
1465 1323 1642 1404 temporum
1663 1317 1793 1403 perium
1812 1311 1986 1405 sndqditu·

431 1424 507 1504 tem‚
517 1418 691 1503 antiquius
701 1418 898 1506 oblivionem,
909 1423 1025 1493 oblivio
1039 1446 1114 1495 uero
1129 1447 1234 1494 rerum
1248 1432 1393 1494 sumtum
1406 1423 1661 1507 exinanitionem,
1676 1431 1843 1509 eapropter
1855 1442 1985 1494 neeesse
2073 1504 2074 1507 Ἴ

432 1536 484 1602 est
504 1537 542 1599 ut
559 1549 611 1600 res
636 1530 732 1615 dignu
759 1533 908 1601 memorie
933 1536 1043 1619 scripti
1076 1533 1258 1602 testimonio
1287 1529 1499 1612 confirmetur,
1528 1546 1591 1612 quo
1620 1545 1787 1596 mussoens
1810 1527 1987 1612 antiquitus

432 1632 573 1704 mebrins
602 1633 707 1702 vuleot
731 1635 885 1703 rmovnri.
929 1637 1091 1722 Agnoscat
1117 1654 1247 1721 presens
1273 1634 1372 1719 igitur
1400 1638 1470 1699 etus
1496 1636 1531 1698 et
1548 1631 1630 1698 suist
1647 1635 1788 1714 posters,
1817 1630 1901 1714 quod
1927 1648 1987 1700 nos

432 1737 599 1808 Bolenlm
620 1737 679 1805 Dei
697 1738 804 1823 meeis
823 1738 889 1813 dux
910 1738 1039 1808 Poionie
1060 1739 1206 1823 Maioris,
1227 1737 1425 1805 revolventes
1441 1734 1476 1801 in
1495 1735 1601 1802 unimo
1624 1734 1709 1818 pium
1727 1737 1762 1801 et
1780 1732 1908 1818 dignum
1929 1732 1987 1802 do-

433 1840 598 1911 nreionem
617 1842 718 1926 putris
747 1842 847 1909 nostri
876 1841 976 1910 ieiieis
1005 1842 1155 1911 memorie
1179 1841 1269 1910 ducis
1297 1834 1988 1923 Wlsdizlui,quumieuiteou1esiessnete
2079 1905 2082 1912 ,

434 1944 620 2015 colbueensi
640 1943 768 2012 Ordinis
789 1943 1008 2014 Cistenuiensis
1028 1951 1063 2013 et
1080 1944 1232 2012 frutribus
1257 1942 1375 2011 ibidem
1400 1941 1469 2010 Deo
1490 1938 1732 2021 ismuluntibum
1752 1938 1794 2007 ob
1814 1939 1987 2008 remedium

433 2048 539 2119 enims
558 2053 667 2116 nostre
687 2048 818 2116 eundem
840 2048 1044 2117 domoonem
1066 2048 1296 2134 perpetualiter
1316 2044 1546 2114 oonirmumus
1569 2042 1639 2111 ileu
1659 2048 1711 2110 est
1723 2047 1843 2111 sutem:
1864 2041 1987 2111 Treben

434 2156 469 2222 et
488 2151 650 2237 Doperpul
669 2169 741 2219 eum
762 2156 875 2236 stagno
897 2152 1018 2221 &vinu
1037 2158 1072 2220 et
1099 2171 1171 2219 enm
1200 2148 1346 2218 omnibus
1367 2147 1511 2217 tunninio
1537 2144 1773 2218 etsttineneiis
1793 2144 1870 2229 suis,
1890 2145 1987 2230 egris,

433 2253 545 2342 protis,
567 2253 700 2339 pmeuis,
722 2253 820 2336 silvis,
841 2254 936 2323 uultis
954 2260 989 2322 et
1000 2255 1140 2338 innuitis,
1161 2252 1264 2339 equis,
1285 2251 1419 2336 stagnis,
1436 2250 1524 2335 rivis,
1546 2246 1785 2335 piseueiombns‚
1806 2248 1841 2315 in
1854 2247 1987 2331 semitis,

433 2356 505 2440 viis,
525 2359 560 2425 et
580 2356 665 2424 omni
685 2356 826 2424 utilitate
846 2375 909 2442 que
927 2362 978 2426 est
998 2358 1048 2426 vsi
1068 2358 1104 2425 iu
1123 2356 1266 2425 futurum
1284 2353 1394 2423 buberi
1414 2358 1531 2440 potest
1553 2372 1612 2422 neu
1632 2371 1696 2420 uon
1717 2351 1758 2420 nb
1776 2350 1915 2420 omnium
1932 2349 1988 2419 de-

434 2459 587 2531 ulnnrum
608 2457 658 2527 rel
678 2458 848 2527 cuiuslibet
865 2459 987 2528 seruitii
1007 2459 1171 2529 erectione
1183 2459 1310 2542 liberos,
1331 2464 1485 2544 perpetuo
1504 2456 1719 2542 possidendos
1745 2455 1895 2525 Proteus
1912 2472 1987 2524 eon·

434 2561 566 2632 munus
586 2561 686 2630 eidem
707 2561 824 2645 domui,
846 2568 885 2630 nt
904 2561 974 2637 iur'e
994 2570 1150 2642 (unorum)
1165 2563 1326 2631 civitatem
1348 2578 1420 2628 eum
1440 2558 1510 2628 iuro
1523 2559 1625 2628 libero
1642 2559 1678 2627 iu
1690 2558 1839 2652 districtu
1851 2559 1987 2627 istorum

433 2664 588 2735 mmmm
609 2664 714 2733 loeent
732 2665 922 2751 ubicumque
942 2666 1050 2734 uebnt
1085 2665 1135 2734 Ne
1154 2666 1253 2751 igitur
1265 2666 1301 2734 iu
1315 2663 1465 2750 predictis
1487 2663 1736 2750 possessionibus
1750 2662 1988 2733 suoesdentibus

435 2767 630 2853 temporibus
649 2766 807 2853 predictos
828 2767 944 2836 lustres
966 2768 1180 2854 euiuseunque
1199 2768 1382 2854 mumius
1403 2767 1473 2836 iuro
1492 2766 1609 2836 debent
1628 2766 1815 2852 inquietare,
1835 2766 1989 2834 terminos

434 2871 650 2958 mediettrum
679 2870 911 2956 possessionum
944 2872 1080 2956 pmpriis
1109 2872 1288 2941 nominibus
1321 2871 1500 2940 sensuimus
1532 2870 1761 2956 exprimendos
1808 2871 1838 2939 Δ
1866 2869 1989 2938 Treben

434 2991 545 3042 uersus
565 2972 676 3058 Teplin
697 2978 843 3057 stupnum
862 2973 948 3057 quod
969 2973 1087 3041 dieitur
1108 2974 1224 3058 Stulte,
1249 2974 1324 3043 inde
1350 2980 1518 3044 recurrunt
1543 2975 1578 3043 in
1601 2975 1756 3043 direcm
1782 2972 1825 3042 sd
1847 2978 1989 3041 montem

434 3074 564 3161 longum
584 3074 640 3160 qui
660 3075 784 3143 nmnoet
810 3073 963 3157 Neribne‚
992 3074 1109 3144 ubhine
1132 3094 1229 3162 super
1249 3081 1396 3162 mgnum
1417 3077 1527 3159 Virlre,
1547 3076 1647 3146 etsie
1667 3096 1724 3163 per
1741 3064 1876 3145 medium
1896 3075 1989 3162 puin·
2098 3116 2102 3122 -

434 3176 507 3246 dem
527 3194 628 3263 usque
648 3176 690 3244 sd
710 3175 864 3245 iossstum
884 3176 969 3261 qnod
990 3183 1041 3244 ost
1062 3177 1147 3246 inter
1168 3177 1291 3247 ciuken
1319 3184 1353 3246 et
1374 3178 1485 3264 Soviu,
1506 3179 1548 3248 ds
1569 3179 1689 3248 fosseio
1710 3199 1767 3266 per
1787 3179 1989 3248 solitudinem

435 3296 531 3365 super
548 3279 685 3347 rivulum
704 3279 832 3348 Zioniue
852 3280 909 3364 qui
929 3277 1052 3347 fluitin
1073 3278 1191 3363 Yusm,
1218 3281 1320 3349 etsie
1340 3301 1399 3367 per
1424 3280 1698 3351 deseensumine
1718 3301 1758 3351 ex
1775 3281 1877 3351 alteru
1896 3286 1990 3368 porte

435 3381 478 3451 ud
495 3381 625 3452 uberes
645 3381 822 3468 pomiferos.
865 3381 944 3449 Inde
971 3389 1141 3451 recurrunt
1168 3383 1202 3450 in
1231 3390 1378 3470 rognum
1396 3383 1545 3470 Isindius,
1575 3390 1610 3455 et
1630 3385 1677 3454 sie
1694 3386 1736 3453 ud
1756 3383 1892 3454 rivulum
1912 3384 1991 3454 Diu·

436 3483 493 3552 din
512 3484 574 3553 kin.
617 3484 667 3553 De
686 3484 765 3553 rubo
786 3503 882 3570 super
909 3482 1057 3569 poindem
1083 3483 1245 3570 Smerdin,
1274 3487 1380 3556 etsie
1409 3506 1469 3572 per
1492 3487 1630 3557 medinm
1655 3487 1807 3574 paludem
1828 3506 1930 3575 usque
1955 3488 1990 3555 in

436 3584 617 3655 mannent
660 3585 738 3654 Inde
769 3591 958 3671 permrrunt
985 3587 1019 3653 iu
1050 3586 1206 3655 directum
1235 3607 1332 3674 snper
1362 3590 1552 3659 monticulos
1578 3589 1749 3659 Svinerors
1776 3590 1886 3675 glutis,
1915 3589 1991 3658 bino

435 3689 592 3775 mque-in
611 3688 747 3779 rivulum
767 3689 906 3756 Rntnizn
927 3689 982 3774 qui
1000 3687 1072 3756 fluit
1089 3690 1125 3757 iu
1146 3688 1258 3774 Ynsm,
1281 3691 1322 3758 de
1342 3691 1415 3760 Yne
1435 3711 1536 3778 usque
1556 3693 1598 3760 ud
1612 3691 1724 3761 Stulte
1750 3692 1799 3761 Ut
1811 3693 1869 3761 beu
1881 3698 1990 3761 nutem

435 3796 546 3860 nostm
565 3791 697 3860 donuoio
717 3811 789 3859 enm
811 3792 961 3877 predictis
982 3791 1231 3876 possessionibus
1252 3798 1287 3861 et
1307 3794 1498 3879 supmdietis
1519 3795 1664 3863 terminis
1678 3800 1748 3863 rste
1762 3800 1797 3864 et
1807 3794 1991 3864 inoonrnlss

436 3893 604 3979 sepsdietls
625 3892 777 3962 frutribus
798 3893 980 3961 monosterii
1002 3893 1043 3961 de
1065 3891 1182 3961 coibas
1210 3901 1364 3979 perpetrm
1387 3903 1603 3981 perseverent,
1632 3898 1729 3983 sigilli
1748 3897 1851 3967 nostri
1872 3916 1990 3982 eppen-

435 3994 528 4079 siono
546 4013 618 4064 eum
637 3997 765 4064 testium
787 3995 1020 4080 subscriptione
1042 4001 1220 4079 presentem
1242 3999 1391 4084 pepinum
1412 3999 1606 4068 mbornmus
1650 4000 1759 4069 Testes
1780 4005 1869 4069 sunt:
1890 4000 1992 4068 domi·

436 4115 497 4166 nus
518 4096 616 4167 nbbns
637 4099 677 4168 do
702 4099 820 4167 Belboc
848 4097 950 4178 Bono,
979 4097 1179 4166 Hsseellinus
1206 4099 1276 4166 eius
1296 4100 1488 4185 eepellunus,
1517 4102 1606 4188 prior
1625 4102 1847 4172 Poznsnieusis
1866 4102 1991 4184 Petrus,

335 4213 340 4222 ·
436 4199 587 4270 Nimbus
609 4201 787 4287 prepositus
809 4199 850 4267 de
871 4199 1008 4281 SsutoIr,
1038 4199 1179 4268 Muthius
1196 4202 1355 4283 notarius,
1381 4207 1416 4270 et
1443 4203 1499 4271 ulii
1520 4225 1618 4291 quum
1639 4206 1747 4291 plures
1768 4205 1842 4273 huie
1862 4204 1991 4290 negocio

435 4302 512 4372 dum
531 4301 623 4371 fleret
642 4301 809 4370 affuerunt
852 4302 970 4370 Dutum
992 4319 1076 4369 uuno
1097 4304 1204 4388 grecie
1225 4303 1353 4372 Domini
1373 4304 1562 4376 mcum
1583 4309 1618 4379 in
1639 4308 1772 4392 Possm,
1792 4307 1845 4377 die
1863 4312 1992 4394 sposto-

434 4407 539 4479 lorum
559 4408 648 4478 Petri
669 4414 703 4476 et
722 4407 824 4476 Puuli.

540 4649 749 4732 Oolbuoensis
772 4653 811 4715 de
831 4652 974 4715 Kolbocz.
1004 4648 1137 4733 Treben,
1158 4654 1254 4716 modo
1274 4653 1388 4717 millo.
1423 4649 1596 4735 Doperpul,
1618 4653 1815 4732 Bobberpbul
1838 4650 1993 4737 smmum

437 4749 567 4836 Zodne,
602 4757 716 4818 Sionis
736 4756 804 4818 See.
847 4750 969 4837 Teplin‚
1001 4757 1112 4832 mubue
1139 4774 1213 4818 zum
1235 4758 1355 4836 Replin,
1375 4756 1470 4831 (ousr.
1491 4756 1549 4821 Nr.
1571 4755 1662 4832 uo).
1706 4752 1858 4838 suenum
1880 4752 1991 4838 Stuke,

438 4856 528 4921 &urz
551 4857 616 4921 See.
644 4853 792 4935 Neribne,
814 4856 992 4932 (urimur)
1014 4860 1097 4922 mole
1118 4858 1187 4921 uzu
1200 4861 1323 4935 jezioro
1340 4861 1408 4937 pod
1427 4861 1501 4943 utiq
1522 4861 1676 4923 Petmsled
1707 4856 1861 4940 sumum
1881 4855 1993 4939 Viuite,

436 4955 619 5042 (Gortzkel)
639 4963 721 5024 orote
742 4957 809 5022 deii
831 4961 926 5036 Prope
948 4961 1014 5022 See.
1039 4956 1175 5041 (linkout,
1198 4960 1343 5027 Klilolreu
1359 4963 1426 5025 See.
1448 4958 1583 5026 Rivulus
1597 4958 1735 5041 Zlonice,
1757 4965 1839 5025 mole
1857 4961 1994 5040 Μηνὶ

439 5065 623 5149 npodojqcp
641 5067 680 5128 do
700 5082 743 5126 rs
765 5064 856 5127 Molo
872 5063 933 5124 Ino
947 5064 1014 5142 ped
1032 5067 1107 5150 urio
1130 5067 1303 5130 Biderbeck.
1326 5061 1407 5145 Ynu,
1427 5066 1543 5128 scilicet
1559 5082 1670 5144 porus,
1693 5066 1788 5129 saue
1807 5063 1896 5128 mnu
1917 5059 1993 5130 Sis·
