4860 6180
1906 342 1980 421 835

430 562 527 631 guum
549 541 691 628 Limina,
721 550 899 624 (Briziuui)
931 551 1013 611 rnoie
1031 548 1129 623 jedna
1153 548 1294 626 zjezior
1312 549 1378 628 ped
1397 551 1470 632 scrip
1493 547 1689 626 scombro.
1713 545 1845 614 Rivulus
1865 545 1982 615 Diadiu

432 647 494 731 hir,
526 653 679 730 zopecnie
698 655 806 729 mutate
824 670 903 716 zoro.
923 651 1017 713 rubus
1038 651 1189 714 Dziudzio
1213 655 1298 716 biert
1319 651 1416 738 (cnsr.
1440 653 1495 716 Ii'r.
1517 648 1605 731 145).
1632 647 1729 715 Polus
1750 648 1905 733 Smardin,
1926 670 1982 714 zu·

312 753 318 764 ’
429 770 537 833 penae
557 752 643 816 ωοιιι
663 753 749 816 obolo
769 756 823 815 nsi
844 753 1037 830 Bobberpbul
1067 747 1246 834 Clambeck,
1262 758 1383 831 jezioro
1410 753 1535 839 cephen.
1565 749 1737 817 Sviuema
1756 751 1862 836 glutis,
1891 757 1983 832 (Scri-

431 857 569 918 marono
589 851 680 932 paor)
700 860 816 934 pmrrie
836 851 976 934 asporto
996 874 1024 916 rr
1041 854 1162 932 pellito
1182 845 1236 918 reri
1256 857 1365 921 Deliis.
1395 852 1498 920 bivul.
1521 852 1668 933 Rutulae,
1686 854 1857 931 (Rutilzul)
1877 862 1981 919 sim.

432 959 616 1042 aemdmbey
644 960 683 1021 do
710 979 755 1023 η.
790 959 881 1022 Mola
909 959 969 1020 Ino
995 957 1062 1035 poc
1081 960 1155 1043 utiq
1177 958 1343 1036 Blurrbcrp.
1377 954 1504 1039 Beibot,
1528 957 1668 1021 netoucc.
1701 952 1835 1036 Sunlok,
1856 954 1982 1027 saneah

431 1056 564 1140 raama
591 1057 728 1125 Parnoi.
778 1060 891 1125 obem
923 1067 957 1123 tu
991 1058 1158 1140 clreitony,
1189 1063 1254 1140 leto
1284 1080 1328 1125 no
1356 1057 1602 1141 pherezaeum
1632 1059 1673 1122 od
1702 1061 1812 1122 miurlc
1848 1059 1983 1122 θλοσιιιιι

433 1163 650 1248 (mdc),

1106 1493 1180 1580 Ns.
1212 1487 1313 1580 378.

536 1685 732 1771 boleslaus
766 1687 844 1770 lux
876 1686 1027 1785 Polcnic
1053 1686 1207 1772 llaioris
1237 1695 1372 1772 1249
1408 1689 1491 1790 (sio)
1515 1687 1614 1791 hug.
1644 1691 1721 1785 21,
1752 1686 1796 1770 in
1821 1686 1983 1789 Pernam

438 1805 601 1876 adiudicat
621 1807 847 1875 haereditatem
867 1806 998 1893 Kielpin
1018 1806 1136 1875 choni
1158 1809 1299 1893 palatino
1327 1808 1512 1894 legnicensi
1538 1814 1572 1875 et
1599 1805 1691 1875 fratri
1711 1805 1810 1890 ipsius
1828 1803 1984 1890 Michaeli,

425 1914 546 1979 >contra
564 1910 750 1995 petitionem
771 1908 944 1978 Hurostlaa
963 1916 997 1978 et
1017 1909 1178 1994 Iohannis,
1197 1911 1342 1980 fratrum.

537 2011 673 2081 Poma
717 2016 837 2094 Koaipl
860 2017 966 2078 &autc
986 2017 1078 2081 Arch
1118 2016 1207 2092 ocra,
1229 2017 1293 2082 Lib.
1311 2020 1412 2097 privil
1429 2018 1485 2095 sot.
1509 2015 1553 2079 10
1571 2031 1598 2078 c.

536 2232 575 2301 ln
595 2232 722 2301 nomiae
742 2232 801 2300 Dei
818 2233 920 2301 eterni
941 2252 1042 2303 amen.
1073 2233 1268 2302 habentibus
1289 2234 1454 2303 maricula
1475 2240 1662 2319 temporum,
1684 2248 1737 2299 res
1751 2229 1984 2315 quanticunque

433 2333 581 2420 ponderis
602 2333 749 2402 facillime
769 2354 790 2404 a
810 2337 963 2404 memoria
983 2336 1169 2405 hlabuntur
1193 2338 1221 2404 si
1249 2337 1437 2406 auctorabili
1468 2342 1503 2405 et
1529 2337 1621 2404 firmo
1640 2335 1761 2420 scripto
1781 2352 1845 2401 non
1865 2332 1983 2400 maniat

434 2436 665 2519 commendate3
685 2443 853 2522 eapropter
872 2456 999 2506 necesse
1019 2444 1078 2520 est,
1101 2444 1139 2505 ut
1158 2456 1209 2505 res
1230 2438 1326 2523 digna
1348 2440 1501 2506 maneria
1524 2439 1620 2507 certis
1641 2436 1745 2505 titulis
1770 2436 1885 2504 debeat
1908 2436 1984 2504 inti-

434 2538 546 2622 talari,
572 2539 686 2625 quibus
711 2539 860 2625 inspectis
886 2538 1099 2624 frequencius,
1129 2541 1247 2608 cadens
1270 2541 1422 2609 memoria
1451 2543 1552 2625 poerit
1571 2539 1745 2608 sublevari
1794 2539 1862 2607 Nos
1886 2539 1985 2624 igitur

434 2640 599 2709 Boleslaus
619 2641 679 2709 Dei
699 2643 807 2726 gracia
827 2641 893 2709 (lux
912 2641 1042 2710 Polonie
1063 2641 1204 2725 Maioris,
1225 2642 1310 2710 filius
1331 2642 1498 2711 wladislai
1519 2643 1578 2711 lilii
1599 2642 1718 2711 odonis
1739 2641 1820 2710 bone
1836 2641 1984 2711 memorie
2029 2653 2033 2662 '

435 2743 593 2829 quondam
613 2744 702 2812 ducis
723 2745 862 2813 eusdem
883 2744 1026 2828 Polonie,
1053 2751 1163 2813 notum
1189 2746 1322 2814 iacimus
1345 2752 1414 2814 tam
1439 2745 1638 2830 presentibus
1661 2763 1757 2830 quam
1777 2743 1893 2812 futuris
1913 2763 1984 2830 pre·

434 2863 508 2914 sens
527 2847 681 2932 scriptum
702 2847 902 2932 inspecturis,
924 2847 1010 2932 quod
1030 2847 1172 2915 honestis
1193 2847 1329 2917 dominis
1340 2848 1466 2917 chone
1480 2848 1621 2934 palatino
1635 2847 1820 2932 legnicensi
1833 2852 1868 2915 et
1886 2846 1984 2914 hatra

434 2965 493 3017 suo
510 2947 677 3033 hiicbaeh,
698 2949 773 3016 liliis
794 2951 918 3017 comitis
938 2950 1124 3032 llirononis‚
1147 2969 1274 3018 causam
1289 2951 1455 3036 agentibus
1469 2969 1529 3035 pro
1544 2949 1721 3018 hereditate
1739 2968 1801 3034 que
1814 2949 1985 3034 vulgatior

434 3049 571 3137 Kalpino
591 3057 806 3137 ammpamr,
822 3053 857 3125 in
878 3052 1061 3120 certamin
1085 3052 1125 3120 de
1154 3051 1282 3122 Obasinr
1306 3055 1442 3136 iacente,
1471 3057 1584 3121 cenna
1608 3052 1690 3120 filios
1711 3051 1852 3135 onnis,
1880 3051 1985 3119 lluro-
2030 3119 2032 3122 Α

436 3152 533 3223 stlarn
552 3153 699 3223 videlicet
716 3160 750 3222 et
768 3160 879 3222 eontra
903 3154 1034 3222 fratrem
1055 3154 1124 3223 eius
1147 3155 1335 3239 Iohannem,
1362 3174 1469 3224 coram
1498 3155 1589 3224 nobis
1611 3160 1646 3222 et
1667 3172 1774 3223 coram
1799 3153 1985 3238 quibusdam

435 3256 555 3325 amon
572 3255 743 3326 baronibus
763 3256 967 3341 ccrhntibos,
989 3258 1065 3324 visis
1087 3256 1222 3326 fortibus
1242 3257 1483 3341 probacionibm
1496 3263 1531 3326 et
1547 3257 1713 3343 legittimis
1726 3256 1985 3327 attestationibus

162 3318 166 3324 ’
313 3353 316 3357 ’
436 3358 681 3427 menachus
703 3360 767 3428 iam
787 3360 904 3429 oscam
925 3360 1134 3429 nemnem
1159 3360 1313 3428 amana
1341 3378 1440 3444 mara
1456 3361 1654 3442 monas,
1675 3359 1792 3428 raom
1813 3359 1932 3427 mum
1951 3363 1986 3426 et

435 3461 530 3532 fratri
550 3481 609 3531 suo
630 3462 792 3547 Michaeli,
821 3482 893 3532 cum
913 3465 1046 3550 integris
1076 3463 1220 3532 terminis
1241 3469 1366 3532 etcum
1386 3463 1567 3531 omnimoda
1588 3461 1751 3545 libertate,
1770 3462 1816 3529 sic
1836 3467 1874 3529 ut
1894 3466 1986 3546 pater

436 3584 545 3634 eorum
567 3565 680 3636 habuit
699 3567 821 3652 integra
841 3573 876 3635 et
895 3568 1003 3653 quiete
1020 3568 1170 3652 possedit
1215 3566 1260 3634 lit
1279 3571 1318 3633 ut
1343 3566 1403 3633 hcc
1426 3565 1547 3634 iactum
1567 3566 1691 3633 firmius
1716 3564 1814 3632 robur
1834 3563 1985 3646 obtineat,

436 3687 566 3755 presens
586 3671 739 3756 scriptum
757 3670 852 3755 sigilli
879 3673 982 3739 nostri
1010 3672 1182 3739 mummine
1210 3668 1340 3738 iacimus
1366 3668 1519 3737 roborari
1563 3668 1682 3736 Datum
1700 3667 1735 3735 in
1754 3667 1881 3737 Pornan
1902 3683 1985 3736 anno

436 3773 565 3841 Domini
593 3773 759 3842 millesimo
789 3773 1003 3843 duoeatesimo
1028 3774 1268 3859 quadragesimo
1297 3773 1370 3859 (sic)
1392 3791 1491 3855 nono,
1519 3762 1607 3840 ieris
1626 3771 1740 3855 quinta
1763 3776 1839 3839 ante
1869 3768 1986 3838 festum

437 3876 540 3944 macti
560 3875 785 3960 bartholomei,
808 3875 1006 3961 presentibus
1025 3877 1086 3944 hiis
1107 3875 1257 3945 testibus:
1278 3875 1463 3959 boguphalo
1475 3875 1646 3943 castellam
1659 3874 1877 3957 Pcznaniensi,
1899 3871 1986 3940 lieu·

436 3979 537 4048 stacio
558 3978 661 4048 iudice
682 3979 777 4063 curie,
799 3980 914 4048 comite
933 3980 1099 4048 Beniamin
1120 3979 1293 4048 mellanc
1312 3979 1353 4046 (la
1366 3979 1525 4062 Premant,
1545 3978 1660 4046 comite
1672 3976 1860 4046 Samricone
1873 3975 1987 4043 matel-

437 4081 511 4150 lano
531 4082 572 4150 de
593 4081 721 4167 Oririm,
743 4084 858 4151 comite
884 4082 1056 4151 Ceehcslao
1083 4082 1224 4168 dapifero
1248 4081 1289 4149 ‹ie
1318 4079 1418 4166 Colis,
1444 4082 1573 4192 andrea
1601 4080 1834 4152 subetmemrio
1858 4085 1893 4149 et
1915 4079 1986 4164 plu·

438 4184 527 4254 ribus
545 4185 628 4254 aliis.

541 4441 753 4531 legnicensis,
772 4449 810 4511 de
829 4447 969 4526 anicc
994 4405 1987 4607 Kclpm0,1c·erpeacbasim,zbmzptl>remant,emafc

439 4544 569 4633 crisim,
591 4552 742 4632 Krzyuira
771 4548 867 4633 Calis,
894 4552 1008 4615 Kolias.
