4476 6180
1700 329 1775 409 ibi

229 535 317 607 dium
336 534 460 601 emtum
480 530 603 618 amenti
622 530 758 600 solvant.
800 530 986 602 usiadem
1006 552 1081 603 uero
1101 533 1264 621 predictus
1292 531 1463 603 advocatus
1488 540 1556 604 turn
1580 533 1664 604 inira
1681 552 1777 619 quarn
1896 569 1897 573 ι

230 647 322 714 atra
340 633 518 704 libertatem
539 634 673 703 tercium
693 633 858 703 denarium
878 653 1002 722 semper
1022 640 1067 705 sit
1097 644 1312 723 percepturus.
1356 637 1401 705 Et
1421 657 1529 707 omnes
1542 639 1711 707 'utilitates
1736 637 1777 725 de

229 745 361 844 patrib
383 739 479 809 curiis
498 742 532 806 et
553 738 714 822 appotecis
736 737 819 805 inira
836 738 967 806 eandem
988 740 1150 808 ciuitatem
1172 746 1206 808 et
1225 742 1307 809 ortis
1327 745 1420 810 extra
1443 741 1633 810 constructis
1655 741 1697 809 ed
1717 759 1777 810 nos
1924 739 1926 743 ’

229 850 418 943 munta,
439 842 502 909 ὶιιιιι
522 839 606 907 dicte
628 841 751 908 ciuitati
770 841 959 908 contulimus
981 842 1015 909 in
1036 842 1210 910 subsidium
1228 843 1327 912 libero
1347 844 1564 929 possidendas,
1587 850 1620 911 et
1636 845 1777 929 hospites
2062 835 2066 842 ’

229 973 302 1029 m
322 946 466 1034 expensis
486 941 648 1010 venalibus
670 942 710 1008 ad
732 942 835 1027 ipsam
864 943 1026 1011 venientes
1046 963 1067 1011 a
1089 945 1235 1013 theloneo
1264 952 1300 1014 et
1326 947 1475 1014 monetha
1504 947 1619 1013 liberos
1646 945 1777 1013 iadmus

228 1065 264 1130 ιι
283 1056 444 1124 immunes.
489 1045 707 1113 concessimus
728 1045 829 1112 eciam
855 1045 896 1112 de
923 1064 1077 1113 consensu
1107 1047 1257 1132 sepedicti
1284 1049 1403 1116 domini
1433 1047 1610 1133 Bogupbali
1638 1048 1777 1132 episcopi

230 1151 451 1232 pambnsis
472 1147 590 1216 ciuibus
610 1147 644 1212 in
662 1146 772 1213 Mem
795 1147 926 1215 civitate
946 1147 1111 1216 oeclmiam
1134 1157 1326 1232 constmore,
1348 1171 1410 1236 que
1432 1151 1465 1218 in
1485 1150 1592 1217 divino
1605 1149 1708 1217 cilicio
1722 1148 1777 1217 de·

229 1265 287 1335 pot
304 1272 436 1341 mame
456 1256 489 1318 et
508 1247 617 1317 dicbus
637 1248 754 1316 debitis
775 1269 847 1316 cum
873 1268 965 1318 cruce
991 1251 1133 1320 euenire.
1178 1251 1215 1318 ln
1242 1253 1312 1338 ipsa
1336 1272 1411 1321 uero
1438 1253 1568 1320 cisiute
1592 1251 1707 1319 annale
1729 1250 1777 1319 io·

232 1381 314 1443 mm,
333 1377 355 1426 a
374 1353 465 1423 nobis
483 1357 516 1419 et
534 1369 555 1417 a
575 1351 694 1417 nostris
712 1350 747 1417 in
767 1349 905 1418 dominio
926 1352 1029 1420 nostri
1051 1354 1233 1423 constitutis
1254 1355 1337 1423 inira
1350 1356 1531 1423 libertatem
1546 1355 1725 1436 statuimus,
1740 1360 1778 1421 ut

230 1464 336 1538 nullus
356 1461 390 1527 iu
410 1474 449 1524 ea
469 1453 629 1521 bominum
649 1451 732 1519 inira
753 1452 856 1536 ipsum
878 1451 982 1522 iorum
1003 1455 1108 1522 valeat
1129 1456 1273 1542 inpediri.
1317 1457 1398 1525 Item
1417 1457 1608 1525 contulimus
1633 1456 1775 1541 predicto

231 1568 382 1653 ,promta
402 1559 528 1643 suisque
548 1555 781 1623 successoribus
802 1555 881 1623 duas
900 1576 1041 1625 cameras
1062 1558 1095 1625 in
1117 1560 1210 1628 domo
1232 1580 1329 1646 quarn
1349 1561 1382 1627 in
1397 1560 1467 1646 ipsa
1480 1560 1609 1627 civitate
1622 1577 1680 1643 pro
1695 1576 1787 1626 mer-

230 1651 388 1741 catoribus
409 1659 619 1731 edificabimus
640 1657 844 1742 possidendas
865 1659 974 1741 bbere,
1004 1660 1043 1728 de
1065 1663 1199 1746 quoius
1225 1668 1259 1729 et
1286 1663 1436 1744 metum,
1464 1662 1604 1746 exceptis
1626 1661 1777 1747 predictis

229 1767 369 1849 amb,
401 1782 459 1832 nos
479 1769 513 1828 et
538 1760 658 1846 posteri
684 1759 787 1852 nostri
808 1759 953 1828 uolumus
980 1781 1050 1830 esse
1077 1765 1267 1849 percepturi.
1312 1764 1360 1832 De
1386 1764 1588 1849 expedicione
1612 1783 1686 1830 vero
1714 1781 1777 1847 qus

231 1877 322 1943 utra
341 1873 459 1936 terrm
479 1863 584 1945 inerit,
606 1864 689 1931 cives
710 1862 850 1929 eiusdem
871 1863 982 1932 adesse
1002 1883 1067 1932 non
1089 1872 1272 1948 teneantur,
1303 1867 1337 1934 in
1358 1867 1538 1935 defensione
1563 1872 1669 1934 autem
1692 1872 1777 1934 terre

233 1973 341 2044 desse
363 1973 519 2048 tenemur,
538 1971 577 2033 ut
596 1984 635 2033 eo
655 1965 790 2033 ualidius
809 1963 935 2032 hostilis
958 1967 1096 2035 incursio
1117 1970 1319 2053 reprimatur.
1362 1969 1455 2050 Item,
1478 1975 1516 2035 ut
1536 1968 1679 2053 predicta
1699 1968 1776 2035 eisi-

234 2085 283 2145 tus
302 2073 396 2158 plausa
417 2068 559 2139 custodia
576 2073 696 2152 ranst,
718 2068 920 2152 promisimus
938 2070 1038 2137 οιίιιιι
1060 2070 1179 2139 civibus
1200 2073 1340 2140 eiusdem
1368 2072 1508 2139 civitatis
1537 2079 1677 2155 quatuor
1695 2070 1776 2155 vigl-

230 2178 276 2247 ies
294 2181 328 2244 et
344 2164 425 2242 duos
446 2170 635 2252 badsunoa
653 2169 687 2235 iu
709 2170 826 2238 nostris
847 2171 993 2255 expensis
1014 2181 1220 2256 procurantes
1233 2195 1291 2261 pro
1306 2174 1450 2242 custodia
1464 2173 1604 2241 civitatis
1617 2173 1774 2240 exhibere

233 2264 390 2349 ninivis
409 2282 477 2342 tam
496 2273 579 2340 inira
598 2290 695 2356 quam
717 2279 809 2339 extra
829 2271 1009 2341 districtum
1031 2294 1138 2343 eorum
1160 2297 1219 2361 pro
1239 2276 1384 2345 domibus
1403 2276 1623 2345 construendis
1650 2282 1684 2343 et
1703 2273 1776 2342 aliis

229 2377 476 2459 mintium,
497 2375 616 2460 absque
635 2375 722 2442 omni
742 2394 859 2459 pavore
880 2376 1071 2445 contulimus
1092 2378 1307 2446 succidendus.
1336 2379 1470 2463 Insuper
1491 2378 1569 2463 ipsis
1590 2376 1775 2445 alienantes

229 2482 438 2572 monuimus,
459 2486 496 2548 ut
515 2477 621 2546 nullus
643 2483 824 2547 metrorum
845 2479 1044 2547 subditorum
1065 2481 1151 2565 ipsos
1171 2501 1230 2566 pro
1248 2480 1355 2566 aliquo
1376 2480 1482 2549 debito
1504 2480 1554 2549 uel
1582 2498 1658 2548 casu
1683 2485 1776 2547 extra

229 2585 422 2655 mnndum
442 2581 581 2668 predicte
602 2581 750 2663 ciuitatis,
772 2579 805 2648 id
827 2585 878 2647 est
898 2581 932 2646 in
952 2581 1016 2649 alio
1030 2581 1146 2649 indicio
1159 2583 1328 2667 compellat
1341 2582 1544 2667 respondw
1567 2582 1596 2650 si
1609 2582 1680 2667 quis
1693 2582 1776 2650 alius

229 2706 281 2756 eos
300 2685 441 2754 iudicare
460 2682 694 2770 presumpserit,
717 2681 867 2749 iuditium
889 2682 988 2766 ipsius
1009 2685 1254 2767 pronunciamus
1272 2704 1342 2752 esse
1359 2685 1490 2753 nullum.
1534 2685 1580 2753 Et
1597 2684 1789 2768 bominibus.

229 2791 262 2857 ia
281 2795 368 2880 terra
387 2793 498 2856 nostra
517 2785 711 2866 constitutis,
735 2785 777 2853 ad
798 2785 972 2870 predictam
1001 2787 1162 2854 civitatem
1192 2807 1250 2872 pro
1275 2788 1446 2856 sedendis
1471 2789 1626 2856 universis
1650 2789 1776 2856 rosione
1912 2840 1914 2843 .

228 2890 288 2958 iuri
307 2895 343 2958 et
362 2888 477 2974 emptis
495 2885 685 2955 abducendis
703 2885 906 2954 aiduendbus
927 2888 1147 2969 concessimus,
1174 2894 1213 2955 ut
1234 2889 1414 2957 theloneum
1439 2908 1498 2959 nec
1524 2895 1684 2957 monetam
1712 2890 1775 2958 sol·

227 2997 316 3074 mnt3
348 2991 490 3077 hospites
517 3008 592 3058 vero
619 2995 712 3070 extra
744 2990 895 3056 termims
921 2994 1007 3056 terre
1035 2997 1143 3058 nostre
1165 2991 1300 3058 solvant
1343 2991 1477 3077 Insuper
1497 2992 1716 3074 concessimus,
1738 2996 1783 3060 ut

228 3093 398 3186 adsumtos
419 3112 491 3161 cum
510 3091 630 3160 ciuibus
649 3091 716 3158 suis
737 3098 804 3159 tam
825 3092 859 3157 in
879 3097 958 3176 potu
979 3110 1075 3176 quam
1093 3093 1228 3187 inpane
1248 3100 1283 3160 et
1303 3094 1337 3160 in
1354 3094 1498 3162 omnibus
1512 3095 1585 3162 aliis
1598 3094 1712 3179 quibus
1726 3095 1776 3162 uti

227 3197 372 3278 debant,
393 3213 570 3263 mensuram
597 3193 768 3262 aecuudum
795 3211 922 3262 cursum
951 3195 1103 3278 temporis
1128 3194 1296 3279 diligenter
1326 3195 1529 3280 disponemes
1555 3202 1714 3278 statuant3
1739 3201 1776 3264 et

227 3297 376 3384 eumad
391 3298 433 3367 de
452 3296 538 3365 iul-is
559 3296 710 3364 utilitatis
728 3296 844 3364 iudicio
864 3296 1000 3363 deriuari
1014 3297 1133 3380 poterit
1146 3298 1313 3378 mensuris,
1334 3298 1477 3367 volumus
1491 3304 1530 3366 ut
1547 3298 1658 3390 cipites
1672 3300 1775 3383 ipsam

227 3402 397 3469 utilitatem
417 3419 475 3484 per
494 3399 629 3467 medium
651 3416 776 3484 semper
797 3398 841 3464 sit
863 3403 1059 3482 perceptura
1103 3396 1294 3466 ludiciorum
1317 3389 1539 3467 nichilominus
1564 3402 1715 3484 omnium,
1735 3407 1774 3468 nt

227 3510 277 3571 est
294 3503 335 3572 ds
355 3503 563 3583 contentione,
582 3501 791 3586 percussione,
812 3500 1026 3585 suspensione,
1046 3505 1080 3568 et
1101 3502 1186 3568 omni
1207 3502 1373 3583 questione
1386 3521 1449 3585 que
1462 3503 1547 3570 inter
1559 3501 1773 3572 Tbeutunioos

111 3610 114 3615 '
227 3606 415 3685 etPolonos
434 3613 506 3672 orta
523 3602 620 3672 fuerit
639 3605 675 3672 in
692 3603 763 3689 ipsa
781 3603 909 3672 ciuitate
931 3609 965 3671 et
986 3609 1078 3670 extra
1098 3603 1210 3687 ipsam,
1231 3602 1316 3671 deut
1337 3605 1533 3685 territorium
1559 3604 1698 3673 eiusdem
1719 3623 1774 3673 oc·

226 3714 330 3793 caput,
349 3709 501 3793 premisso
519 3707 672 3802 advocdo
690 3706 819 3791 sudoque
837 3707 975 3790 posteris
995 3705 1218 3772 auctoritatem
1231 3705 1391 3772 'tradimus
1412 3706 1645 3775 diiudicandum
1665 3713 1699 3775 et
1712 3701 1803 3798 ³⁶¹3
1824 3737 1851 3800 Ι·
1894 3755 1912 3787 .,
1939 3754 2042 3801 ...ᾗ

228 3810 465 3879 ιπιιιὶιιιιᾱιιιιι.
508 3809 555 3877 Ut
576 3814 683 3876 autem
701 3806 884 3875 donacionis
906 3812 940 3874 et
961 3806 1210 3874 confirmacionis
1228 3812 1338 3874 nosue
1362 3807 1452 3892 vigor
1480 3816 1547 3876 tem
1576 3808 1774 3895 presentibus
1847 3816 1850 3820 “
1880 3820 1886 3831 ’
1914 3825 1915 3828 ’
1975 3853 1984 3882 -‚
2001 3807 2040 3845 '·‘·‘'

228 3928 320 3995 quam
339 3911 457 3980 futuris
477 3913 663 3992 innotescat,
690 3916 870 3994 presentem
890 3911 1038 3993 paginam
1064 3909 1238 3993 sigillorum
1264 3914 1444 3976 nostrorum
1470 3911 1773 3998 subappensionibus
2050 3901 2056 3908 ’

94 4020 102 4069 t
227 4013 354 4099 dmum
374 4015 520 4083 duximus
539 4012 757 4082 roborandam.
787 4014 871 4079 Acta
888 4017 964 4078 sunt
985 4011 1043 4078 bec
1065 4007 1099 4077 ni
1119 4009 1279 4077 Poznania
1299 4030 1382 4079 anno
1400 4012 1441 4079 ab
1462 4013 1687 4082 Incarnacione
1708 4014 1773 4082 Do-
1838 4051 1840 4054 >

229 4117 304 4185 mini
324 4118 491 4186 millesimo
511 4117 724 4184 ducentesimo
746 4116 1005 4200 quinquagesimo
1029 4115 1137 4196 tercio,
1157 4114 1356 4199 presentibus
1377 4117 1437 4201 hys
1451 4116 1604 4186 testibus:
1626 4117 1775 4204 Predpel·

229 4236 302 4287 cone
319 4221 462 4306 palatino
482 4218 697 4299 Poznanieasi,
722 4218 917 4303 Dirsigravio
946 4218 1088 4303 palatino
1117 4215 1305 4299 Guoenensi,
1329 4217 1525 4286 Damaratlm
1551 4220 1653 4288 iudice
1676 4221 1772 4304 curie,

220 4319 434 4408 'Boguebmo
455 4323 626 4391 castellano
647 4321 865 4404 Pounaniensi,
895 4320 1067 4388 Eusteebio
1096 4318 1161 4387 tilio
1190 4318 1350 4402 lobannis,
1377 4320 1529 4389 Pacoslao
1554 4321 1621 4390 illio
1651 4321 1775 4390 Cedriui

230 4431 259 4490 et
277 4425 350 4495 aliis
369 4445 466 4512 qum
486 4425 638 4513 pluribus

328 4631 499 4701 deuterum
519 4647 658 4716 campus,
688 4632 809 4708 Rutuie
854 4628 1008 4712 Petrouo,
1041 4632 1197 4697 Piotronn
1242 4625 1383 4714 Zagrou,
1404 4617 1528 4712 irone
1573 4629 1773 4716 Sturalanlm,

144 4710 159 4893 X
238 4730 402 4821 &vulfio
445 4733 635 4818 Npeuchow,
657 4731 828 4817 Spitboow,
859 4737 956 4813 orum
980 4736 1088 4797 znikte
1113 4736 1273 4813 mzrdepte
1293 4739 1413 4815 aduste,
1442 4755 1484 4801 nn
1504 4756 1640 4817 prunum
1660 4738 1773 4816 buca

240 4850 276 4898 ra
312 4838 427 4902 Wma
477 4835 649 4923 l'prubyeo,
681 4837 750 4902 dail
787 4840 894 4902 Witda
950 4834 1079 4920 Yssyez,
1113 4839 1233 4917 Jespoe.
1283 4835 1459 4920 Panculan,
1495 4845 1547 4904 aie
1573 4842 1773 4919 adomim

154 4896 167 5027 ζ
243 4927 463 5021 lpestutbkou,
484 4943 579 5004 orado
604 4943 713 5004 unitio
738 4945 903 5021 pnplepta
932 4943 986 5002 ne
1016 4940 1136 5004 Sdacz.
1180 4936 1349 5020 Schidlou,
1368 4943 1418 5005 ruia
1445 4944 1645 5020 odpudssona
1687 4940 1775 5008 les

162 5038 174 5151 ι.
248 5032 420 5206 m
433 5044 576 5124 prm,
605 5039 694 5110 vill.
713 5040 868 5127 Bagada
890 5047 941 5108 nie
957 5043 1158 5122 odoudndoua
1190 5038 1278 5109 Villa
1297 5038 1415 5124 Unold,
1433 5042 1561 5124 plinio·
1585 5047 1773 5128 bastonico,

169 5157 176 5201 ².
235 5196 239 5203 .
420 5161 486 5209 αισι
547 5208 549 5212 ,
1552 5181 1553 5185 ’

175 5262 185 5330 ἰ
