4860 6180
996 634 1070 720 m.
1102 630 1202 753 cos.
1244 627 1407 759 (eoos)

533 831 729 918 Boloalm
755 832 833 916 dux
858 830 1005 916 Polonic
1031 836 1166 913 1262
1193 852 1222 914 s
1249 830 1299 930 d,
1334 829 1377 911 in
1402 827 1561 933 lllnskop
1592 844 1736 913 mnoedic
1766 845 1850 912 vine
1878 846 1976 914 cocle

430 956 498 1026 siae
515 974 540 1025 a
558 954 707 1024 Iohannis
727 956 767 1024 dc
788 954 957 1036 Wroclaw,
979 954 1013 1021 in
1034 958 1069 1021 et
1089 954 1173 1020 circa
1193 950 1406 1019 castellaniam
1426 949 1467 1018 de
1487 947 1660 1035 smrygrou
1687 948 1768 1032 sitia,
1797 947 1977 1017 libertatem

430 1058 577 1130 villarum
597 1064 632 1128 et
652 1058 813 1127 hominum
834 1058 1028 1127 Gneanensis
1049 1063 1083 1126 et
1103 1053 1324 1124 Poenanieasis
1345 1052 1556 1122 ecclesianam.

535 1169 675 1247 Perpuur.
698 1168 817 1245 orypim
851 1167 900 1229 Nu
914 1168 1031 1245 pmmic
1051 1166 1114 1228 uici
1127 1161 1278 1242 jedocba
1308 1163 1413 1226 siclum
1432 1161 1662 1242 μιμηίωιωια
1672 1154 1797 1245 precept
1812 1158 2000 1224 mosoma,

432 1270 567 1358 *dcclv
586 1275 732 1347 praem
750 1274 848 1340 ml

542 1372 701 1436 orroeon.
745 1371 863 1436 Arclda
888 1372 1020 1451 ceptum
1042 1367 1082 1453 L,
1104 1369 1134 1434 8.

535 1576 572 1646 ln
593 1576 720 1645 nomine
737 1572 864 1641 Domini
884 1593 985 1643 amen.
1029 1575 1110 1658 Quia
1129 1575 1212 1643 deut
1232 1574 1339 1658 lapsus
1360 1572 1511 1659 lamponis
1534 1579 1568 1642 et
1587 1572 1740 1642 obliviosa
1760 1592 1866 1641 rerum
1890 1581 1981 1643 vetu-

439 1687 508 1752 stas
529 1680 681 1771 paubdm
703 1685 892 1748 consumunt
911 1679 1027 1762 omnic,
1055 1677 1252 1763 negociorum
1283 1683 1442 1762 gestorum
1461 1677 1605 1746 omnibus
1627 1677 1765 1746 tollendo
1789 1678 1980 1762 memoriam,

435 1785 482 1855 alc
503 1791 537 1855 et
556 1804 616 1854 usu
636 1784 800 1852 literarum
830 1788 953 1850 seruato
981 1782 1066 1849 edite
1091 1781 1247 1866 scripture
1272 1789 1387 1849 cuncta
1414 1799 1563 1866 reparare
1583 1782 1739 1865 uidentur,
1766 1782 1841 1849 dum
1871 1802 1980 1850 eorum

433 1909 496 1977 que
513 1910 534 1957 a
554 1886 747 1974 quibuslibet
766 1885 851 1954 lacta
867 1884 995 1967 fuerint,
1017 1885 1190 1952 certissime
1212 1883 1295 1953 liunt
1315 1890 1399 1953 nota.
1443 1884 1642 1971 Quapropter
1662 1903 1721 1954 nos
1742 1885 1907 1954 Bolezlcus
1920 1885 1981 1953 Dei

433 1992 541 2080 gradu
557 1993 622 2059 dux
643 1989 782 2073 Polonie,
804 1991 945 2058 uolentes
966 1986 1083 2056 factum
1105 1995 1248 2056 nostrum
1269 2007 1339 2057 esse
1361 1988 1562 2058 memorabile
1582 1991 1667 2057 inter
1696 2008 1804 2058 omncs
1832 1991 1982 2058 instantis

436 2094 588 2182 temporis
609 2100 643 2163 ct
663 2091 772 2177 laturi,
794 2097 903 2160 nostro
924 2092 1064 2176 presenti
1084 2091 1203 2177 scripto
1222 2094 1257 2160 in
1278 2094 1418 2162 omnium
1439 2093 1598 2178 publicam
1616 2091 1785 2161 deferimus
1806 2094 1980 2178 accionem,

434 2198 520 2285 qnod
539 2197 581 2268 ad
601 2196 789 2284 peticionem
806 2195 994 2264 venerabilis
1015 2196 1116 2280 patris
1137 2195 1255 2264 domini
1276 2196 1395 2265 Tbome
1409 2197 1548 2281 episcopi
1562 2195 1819 2265 Vratislarieasis
1833 2202 1867 2264 et
1880 2198 1982 2265 tocius

435 2301 485 2372 sul
507 2300 657 2387 Capituli,
679 2299 888 2369 concessimus
909 2302 943 2364 et
963 2297 1106 2367 dedimus
1126 2299 1209 2366 villis
1230 2299 1375 2367 omnibns
1396 2298 1481 2367 besti
1509 2299 1668 2381 lobannis,
1699 2319 1760 2385 que
1781 2299 1814 2366 in
1835 2299 1983 2368 districtu

435 2405 533 2474 castri
553 2403 717 2489 Starigrod
738 2409 772 2471 et
792 2403 875 2471 circa
901 2408 977 2470 sunt
1003 2402 1106 2470 locate
1126 2402 1176 2469 vel
1202 2402 1299 2470 etiam
1321 2401 1523 2486 locabuntur,
1554 2403 1642 2470 illam
1668 2401 1857 2485 libertatem,
1887 2422 1982 2487 quarn

414 2507 469 2597 ¹in
489 2512 598 2576 noatm
619 2507 739 2575 ducatu
760 2507 861 2573 tocius
883 2504 1011 2575 Polonie
1029 2504 1146 2573 babent
1166 2505 1240 2573 ville
1257 2512 1291 2575 et
1311 2506 1454 2574 homines
1478 2506 1673 2574 (lucanensis
1698 2513 1732 2575 ct
1760 2506 1983 2573 Poznanieusia

435 2611 574 2695 aedesio,
596 2629 668 2680 cum
688 2609 833 2678 omnibus
853 2610 899 2677 eis
918 2627 980 2694 que
1001 2608 1042 2676 sd
1063 2607 1264 2677 ecclesiarum
1285 2610 1465 2696 earumdem
1485 2608 1664 2677 libertatem
1678 2611 1836 2696 pertinere
1849 2627 1983 2677 noscun-

436 2719 500 2799 tur,
521 2732 543 2783 s
562 2719 744 2782 nostrorum
765 2712 983 2781 iurisdiceionc
1004 2712 1245 2782 castellanorum
1265 2732 1319 2782 cos
1341 2715 1466 2800 penitus
1487 2715 1669 2783 eximentes.
1705 2713 1743 2781 In
1764 2715 1854 2782 curius
1875 2713 1922 2780 mi
1936 2719 1983 2780 te·

436 2816 629 2898 stimonium,
644 2822 822 2901 presentem
836 2816 960 2884 literam
981 2815 1186 2900 impressione
1205 2817 1307 2884 nostri
1328 2817 1423 2901 sigilli
1444 2816 1574 2886 lecimus
1589 2816 1776 2884 confirmari
1809 2815 1894 2884 dcta
1908 2821 1984 2884 sunt

434 2921 494 2990 bec
513 2920 549 2988 ia
569 2919 692 2988 Dloslro
711 2937 794 2988 anno
813 2919 940 2987 Domini
960 2918 1179 3002 moedau,
1201 2920 1401 3006 presentibus
1430 2922 1548 2989 nostds
1570 2921 1737 2990 nobilibus:
1765 2920 1897 2988 Nicolao
1917 2919 1982 2986 lilio

435 3023 608 3110 Predpelci,
631 3024 763 3092 Nicolco
784 3022 849 3092 lilio
871 3023 1023 3106 Selinom
1045 3024 1164 3097 Bozeta
1185 3024 1252 3093 lilio
1280 3025 1430 3093 lobannis
1454 3024 1615 3105 Ricbardi,
1638 3023 1765 3091 Ianuaio
1793 3022 1859 3090 filio
1885 3022 1982 3105 Petri,

435 3129 514 3197 item
530 3126 678 3196 Boanone
698 3125 764 3194 filio
792 3125 920 3210 Ianusii,
948 3128 1025 3194 item
1043 3127 1213 3195 Vinccncio
1243 3126 1309 3195 filio
1333 3126 1535 3209 Thomialarl,
1564 3127 1691 3194 domino
1715 3125 1810 3194 Petro
1834 3127 1983 3194 canonico

436 3229 623 3315 (immensi,
645 3229 774 3298 domiuo
795 3228 890 3298 Petro
911 3231 1045 3316 plebano
1065 3230 1106 3299 de
1127 3229 1264 3316 doctrin,
1286 3230 1413 3318 domino
1434 3229 1559 3299 Mathia
1583 3229 1720 3313 nemrio,
1749 3229 1876 3298 domino
1904 3229 1983 3297 lona

436 3333 560 3419 edico,
581 3340 616 3403 et
635 3333 708 3402 aliia
728 3332 846 3402 multia
1845 3339 1852 3349 “

538 3539 624 3608 Villo
643 3538 675 3608 b.
698 3538 858 3623 Iohannis,
885 3547 907 3606 t.
930 3543 960 3620 j.
981 3538 1120 3605 kolciolc
1143 3542 1363 3621 katcdrulncpo
1383 3561 1411 3605 rr
1438 3527 1633 3608 Wroccuwic
1678 3537 1852 3625 Starigrod,
1877 3543 1984 3623 Statu·

435 3641 523 3729 prou
567 3642 700 3728 Dlnalro,
722 3646 833 3711 mark.
878 3641 1016 3727 cosmin,
1039 3646 1198 3726 lloetrzpu

1001 3940 1076 4029 Nr‘.
1109 3938 1210 4028 604.
1257 3920 1416 4048 (405²)

540 4139 746 4225 lollmlrus
779 4138 928 4224 ccclesia
963 4138 1271 4224 Wlsdlslcrlcns.
1309 4137 1501 4243 opiscopus
1535 4116 1674 4220 1263
1707 4135 1795 4242 dpr.
1821 4143 1910 4241 28,
1943 4140 1984 4224 in

438 4257 824 4399 macwardum,
864 4276 1000 4345 cemos
1042 4277 1081 4345 ue
1119 4276 1202 4346 aas
1239 4276 1356 4347 moon
1387 4282 1422 4346 et
1453 4276 1581 4346 cnseo
1613 4276 1806 4345 monerem
1841 4276 1882 4346 ue
1916 4277 1985 4365 um

439 4381 742 4554 Μωῧὲἒωὶωιὶ.
788 4483 881 4552 Liber
900 4487 1036 4566 priuilep.
1059 4489 1234 4551 monosterii
1256 4487 1330 4573 ded,
1348 4505 1423 4567 pop.
1448 4486 1520 4551 179.

541 4690 714 4760 Voliminrs
731 4691 792 4759 Dei
809 4690 914 4776 gratia
935 4690 1064 4759 ecclesie
1081 4689 1351 4759 wladislaviensis
1372 4689 1547 4775 episcopus,
1569 4688 1724 4757 universis
1746 4688 1866 4757 Christi
1887 4688 1986 4757 fideli·
2039 4732 2047 4740 -

439 4794 499 4864 bna
520 4794 554 4863 in
575 4813 633 4863 sua
653 4794 770 4862 diocesi
792 4793 973 4861 constitutis
993 4793 1129 4862 salutem
1148 4794 1182 4861 in
1203 4813 1250 4876 eo,
1274 4794 1329 4877 qni
1347 4800 1398 4862 est
1418 4793 1559 4860 omnium
1586 4811 1661 4860 vera
1681 4792 1776 4859 salus.
1823 4790 1903 4860 (lum
1924 4794 1986 4861 iuri

374 4945 378 4950 -
438 4898 483 4967 sit
502 4916 672 4967 consonum
695 4903 728 4965 et
746 4897 872 4977 rationi,
893 4897 977 4980 quod
998 4917 1038 4964 ea
1059 4917 1120 4981 que
1141 4905 1279 4982 mentor
1297 4898 1330 4964 in
1346 4904 1487 4983 tempore
1508 4897 1720 4981 legitimorum
1742 4898 1913 4964 munimine
1939 4899 1986 4964 in-

439 5005 685 5070 strumentorum
708 4998 905 5083 roborentur,
924 5000 1122 5067 universitati
1137 5007 1241 5068 vestre
1256 5007 1365 5068 terrore
1387 5001 1580 5085 presentium
1594 4999 1741 5066 duximus
1754 5000 1986 5086 declarandum,

432 5104 525 5189 ‘qnod
546 5123 603 5172 nos
624 5103 664 5171 ob
685 5104 892 5172 reverentiam
913 5104 1137 5187 omnipotentis
1160 5104 1217 5171 Dei
1240 5112 1273 5172 ct
1291 5104 1383 5171 beate
1402 5104 1504 5172 Mario
1525 5103 1664 5186 virginis,
1687 5104 1727 5169 dc
1742 5121 1895 5171 consensu
1910 5104 1986 5172 Fra-

443 5213 528 5276 trum
550 5212 740 5290 nostrorum,
762 5207 909 5289 decimas,
930 5205 1074 5274 videlieet
1094 5207 1134 5274 de
1154 5205 1257 5274 llloba
1278 5213 1311 5275 et
1325 5207 1458 5288 Clroten,
1477 5205 1576 5273 citius
1596 5207 1748 5274 territorii
1763 5206 1848 5291 quod
1861 5213 1912 5275 ert
1925 5206 1987 5275 lm·

443 5315 528 5380 unm
548 5309 676 5378 Ordinis
696 5310 912 5379 cisterciensis
935 5310 966 5378 in
988 5310 1106 5396 Lenda,
1128 5310 1279 5396 predictis
1299 5308 1451 5376 iratribus
1478 5315 1638 5377 eteorum
1662 5309 1774 5376 Onliui
1801 5328 1880 5394 quas
1900 5311 1988 5396 prius
