4860 6180
1901 533 1977 619 trs

433 753 625 821 occurratur.
669 745 768 818 Nobis
786 768 870 833 vero,
892 767 949 834 per
970 744 1109 817 eiusdem
1129 746 1233 834 gentis
1251 746 1442 817 Theutonice
1465 746 1638 832 ingressum
1662 745 1874 815 ecclesiastica
1886 744 1980 814 liber-

435 861 485 923 tas
504 859 539 922 et
559 854 630 921 iura
656 858 765 921 nestm
793 872 876 921 nune
903 852 1095 935 estimantur,
1125 853 1237 920 devote
1262 871 1320 936 per
1344 852 1478 920 Pelonos
1506 850 1652 935 primitus
1673 850 1854 930 observata;
1877 868 1982 934 ymmo
2091 883 2094 889 ,

433 957 567 1044 quedam
594 958 718 1043 ponitus
747 957 950 1041 denegantur,
978 959 1061 1025 sicut
1090 957 1123 1024 in
1154 956 1313 1024 solucione
1341 956 1532 1024 decimarum
1554 959 1643 1038 putet
1664 954 1793 1038 liquido,
1815 973 1894 1038 quas
1912 952 1982 1036 qui·

434 1061 507 1129 dam
533 1079 640 1129 eorum
670 1060 795 1128 omnine
821 1077 884 1126 non
913 1059 1050 1142 solvunt,
1081 1059 1208 1143 quidam
1236 1078 1310 1126 vero
1337 1078 1398 1125 non
1421 1059 1490 1125 inm
1523 1063 1608 1124 torre
1638 1064 1797 1138 consueto,
1817 1057 1872 1123 sed
1893 1057 1983 1123 iuxta

434 1163 568 1250 primam
598 1163 854 1232 consuetudinem
879 1163 983 1246 gentis
1012 1181 1076 1230 sue
1123 1162 1185 1230 Sed
1206 1168 1239 1228 et
1260 1162 1325 1228 alin
1345 1161 1429 1228 mala
1450 1181 1507 1245 ρετ
1525 1159 1663 1228 eiusdem
1684 1159 1787 1243 gentis
1808 1159 1982 1243 ingressum

432 1266 642 1352 multiplicata
669 1271 744 1333 sunt
775 1266 809 1332 in
830 1273 925 1348 tenu,
947 1265 1022 1332 dum
1043 1284 1120 1349 gens
1142 1264 1291 1332 Polenica
1312 1283 1369 1348 ρετ
1389 1282 1443 1331 ees
1472 1263 1669 1348 opprimitur,
1690 1261 1872 1344 despicitur,
1890 1281 1982 1347 guer-

433 1369 478 1438 ris
500 1370 688 1451 concutitur,
710 1369 830 1437 iuribus
854 1374 888 1436 et
909 1368 1187 1436 consuetudinibus
1210 1370 1313 1453 patrie
1334 1367 1543 1434 laudabilibus
1564 1367 1717 1451 privatur,
1748 1365 1849 1431 noetis
1870 1366 1982 1433 intem-

434 1478 525 1558 peste
550 1459 688 1540 silencio
705 1472 739 1539 in
767 1471 903 1558 propriis
930 1472 1101 1539 commodis
1130 1472 1263 1556 capitur,
1293 1479 1327 1538 et
1352 1470 1436 1555 quod
1456 1469 1517 1536 hiis
1537 1475 1587 1536 est
1610 1469 1759 1550 deterius,
1782 1467 1983 1536 ecclesiarum

435 1575 592 1644 emunitus
619 1576 756 1644 violatur
776 1582 811 1644 et
830 1575 1043 1643 ecelesiastica
1064 1593 1197 1643 censura
1218 1593 1276 1660 ρετ
1296 1573 1421 1642 eosdem
1443 1573 1676 1657 contempnitur
1693 1577 1727 1638 et
1747 1571 1984 1654 parvipenditur

434 1678 571 1747 omnino.
615 1677 660 1746 lit
680 1685 719 1746 ut
735 1678 775 1746 de
795 1678 867 1746 aliis
889 1683 1058 1760 amamus,
1081 1677 1140 1745 hoc
1162 1676 1264 1745 solum
1285 1696 1349 1745 non
1371 1678 1439 1744 sine
1461 1676 1569 1743 dolore
1589 1675 1693 1743 cordis
1710 1672 1884 1756 referimus,
1900 1675 1984 1759 quod

435 1787 470 1851 et
489 1781 627 1867 religiosi
653 1781 780 1866 quidam
806 1782 910 1865 gentis
936 1781 1076 1866 predicte
1100 1781 1283 1867 perniciosis
1303 1779 1454 1864 exemplis
1481 1779 1561 1846 alios
1579 1777 1773 1859 seducentes,
1794 1776 1888 1861 primi
1909 1782 1984 1845 sunt

317 1904 320 1911 ·
435 1881 478 1951 ad
494 1883 731 1969 irrumpendum
759 1890 793 1951 et
823 1883 1033 1951 enervandum
1059 1885 1186 1952 omnino
1214 1883 1409 1968 prelatorum
1431 1881 1608 1949 sentencias
1629 1880 1819 1964 strigorem
1840 1880 1985 1947 ecclesia·

436 1984 516 2055 stica
532 1984 706 2072 discipline.
749 1986 879 2054 Fratres
906 1987 1060 2071 siquidem
1083 1986 1211 2056 Ordinis
1236 1987 1395 2056 Minorum
1416 1984 1636 2068 Tbeuthunici,
1657 1984 1766 2052 eiectis
1787 1989 1871 2051 tene
1891 1983 1985 2052 Polo·

436 2089 488 2158 uie
512 2087 597 2174 filiis,
619 2106 685 2158 non
704 2090 773 2157 sine
798 2091 887 2175 gravi
915 2089 1016 2158 tocius
1044 2090 1152 2175 populi
1173 2095 1271 2174 atque
1291 2096 1401 2158 nostro
1423 2088 1572 2157 seandalo
1594 2085 1786 2173 provinciam
1808 2085 1984 2155 scindentes

436 2190 574 2275 Polenie,
596 2211 658 2279 que
679 2213 736 2279 per
753 2193 835 2260 filios
855 2199 951 2276 terre,
971 2193 1086 2260 boues
1107 2193 1157 2260 sui
1179 2192 1316 2277 Ordinis,
1339 2191 1540 2260 laudabiliter
1560 2196 1594 2258 et
1615 2189 1783 2258 honorifice
1804 2195 1893 2258 recta
1913 2189 1985 2272 fuit,

437 2313 521 2364 nunc
540 2293 684 2363 iecemnt
704 2302 738 2364 et
758 2296 985 2364 ordinaverunt
1006 2295 1174 2363 Surenam
1195 2298 1361 2365 nominari.
1387 2296 1449 2364 Sed
1470 2313 1529 2362 nec
1550 2293 1612 2361 biis
1633 2293 1783 2376 mutanti,
1804 2291 1914 2360 domos
1928 2311 1986 2361 no-

437 2416 494 2467 ras
515 2397 550 2466 in
570 2397 673 2466 merliu
694 2397 884 2466 Polonerum
919 2398 1009 2467 nobis
1039 2400 1327 2468 contradicentibus
1356 2399 1523 2484 recipiunt,
1555 2399 1589 2464 in
1621 2396 1824 2466 consentibus
1845 2397 1985 2481 ipsorum

437 2499 578 2586 singuiis,
600 2519 681 2587 quos
699 2502 847 2585 retinent,
868 2502 922 2569 rix
944 2521 1042 2570 unum
1063 2507 1121 2570 aut
1141 2502 1263 2570 nullum
1285 2505 1412 2572 omnino
1433 2501 1565 2570 bomem
1587 2500 1739 2568 Polonum
1760 2501 1794 2567 in
1814 2502 1864 2568 sui
1882 2500 1986 2569 medio

437 2604 639 2689 susdnentes,
665 2623 736 2672 eum
762 2624 820 2690 per
844 2605 960 2673 naues
984 2607 1145 2692 indigenas
1172 2613 1206 2675 ct
1234 2607 1364 2694 prelatis
1391 2607 1593 2678 ausimum
1616 2603 1724 2672 debita
1744 2603 1922 2673 reverencia
1941 2604 1987 2671 sit

437 2705 587 2791 umbra,
608 2713 642 2776 et
659 2708 869 2776 consolacioni
886 2711 1052 2794 utriusque
1078 2710 1187 2795 populi
1207 2712 1399 2780 commodius
1420 2716 1455 2779 et
1475 2709 1632 2778 efficacius
1649 2707 1694 2774 sit
1713 2708 1883 2792 prouisum.
1918 2706 1987 2775 Nos

438 2807 546 2896 igitur,
572 2828 613 2879 ne
638 2809 679 2879 de
702 2817 863 2879 tantmum
891 2829 1075 2881 excessum
1102 2813 1295 2898 negligencia
1315 2816 1405 2900 argui
1427 2813 1583 2898 possimus
1603 2817 1638 2880 et
1657 2811 1770 2879 merito
1791 2809 1986 2895 reprehendi,

439 2918 544 2982 restra
565 2914 751 2999 paternitati
770 2915 967 2999 querulando
989 2916 1135 2984 duximus
1157 2916 1368 2999 deferendum,
1391 2917 1475 3001 qued
1494 2914 1645 3001 sepedicti
1664 2912 1779 2982 fratres
1799 2913 1988 2983 Tbeutuniei

437 3013 478 3083 de
496 3016 657 3102 provincia
678 3016 813 3085 Smonie
832 3018 866 3084 in
885 3019 990 3086 medio
1010 3018 1139 3088 Polenie
1159 3021 1256 3105 positi
1277 3039 1312 3088 se
1332 3025 1504 3102 censentes,
1527 3036 1586 3087 nos
1607 3024 1641 3086 et
1660 3018 1837 3086 sentencias
1861 3023 1987 3085 nesuas

438 3117 522 3188 latus
550 3119 704 3206 legittime
735 3122 933 3207 vilipendunt
957 3124 1077 3208 pariter
1094 3130 1129 3192 et
1149 3128 1383 3209 mntempnunt,
1412 3128 1446 3189 et
1472 3120 1594 3190 tadum
1621 3120 1706 3205 apud
1733 3121 1814 3189 alios
1840 3121 1988 3189 vilescere

438 3221 505 3289 suia
525 3224 778 3307 persuasionibus
797 3231 831 3292 et
852 3225 1036 3310 perniciosis
1066 3228 1227 3313 exemplis,
1258 3227 1343 3294 sieut
1363 3231 1454 3310 patet
1474 3226 1546 3294 luce
1567 3225 1682 3293 elurim
1698 3225 1732 3292 in
1753 3223 1837 3293 facto
1858 3223 1989 3293 ecclesia

439 3323 714 3394 wratislaviensis
746 3326 828 3395 Nam
849 3348 907 3414 per
928 3328 1135 3397 venerabilem
1156 3329 1285 3399 matrem
1306 3336 1460 3414 nostum,
1481 3329 1621 3398 eiusde·
1642 3328 1774 3398 ecclesie
1788 3329 1984 3416 episcopum,

439 3428 473 3495 in
489 3427 585 3513 plena
605 3427 730 3514 Synodo
751 3431 937 3516 provinciali
959 3434 1154 3517 propositum
1175 3435 1283 3503 exurit
1303 3451 1408 3501 eorum
1428 3433 1529 3516 nobis,
1550 3432 1637 3518 quod
1650 3431 1795 3500 videlicet
1815 3431 1910 3499 iidem
1924 3431 1989 3500 fra·

365 3543 368 3546 ’
440 3536 506 3600 tres
531 3529 716 3602 Tbeutuniei
744 3536 920 3604 sentencias
951 3537 1281 3605 excommunicacionis
1314 3542 1348 3604 et
1377 3535 1547 3618 interdicti,
1581 3535 1663 3603 latas
1695 3517 1850 3620 legittime
1878 3541 1990 3602 centra
2095 3567 2096 3570 ¹

439 3634 612 3722 principem
630 3636 716 3705 dicte
737 3638 875 3705 civitatis
902 3644 937 3707 et
960 3643 1045 3705 terre
1066 3657 1124 3723 pro
1146 3639 1278 3706 uotonis
1299 3645 1334 3707 et
1356 3638 1531 3707 manifestis
1551 3639 1681 3708 ecclesie
1701 3657 1758 3707 sue
1779 3639 1989 3724 oppressioni-

440 3736 509 3822 bus,
542 3738 613 3807 aliis
634 3741 788 3824 religiosis
809 3747 843 3808 et
864 3741 1058 3810 secularibus
1079 3742 1204 3811 casdem
1224 3741 1428 3810 laudabiliter
1444 3742 1634 3826 tenentibus,
1661 3749 1768 3810 tenere
1782 3760 1845 3810 non
1861 3748 1987 3825 eurant;

439 3859 545 3927 ymmo
566 3842 699 3910 eundem
720 3843 893 3929 principem
914 3845 949 3911 in
978 3865 1084 3913 errore
1105 3864 1163 3913 suo
1185 3852 1296 3913 centra
1316 3845 1490 3914 Ecclesiam
1511 3847 1577 3915 suis
1596 3845 1734 3914 consiliis
1758 3851 1793 3913 et
1813 3847 1989 3930 persuasio-

439 3944 533 4013 nibus
553 3947 691 4014 retinent
712 3953 745 4013 et
766 3947 965 4032 subportant,
985 3950 1249 4017 communicantes
1270 3949 1372 4017 eidem
1392 3949 1517 4035 publice
1538 3951 1572 4016 in
1594 3949 1663 4018 cibo
1685 3956 1719 4016 et
1733 3955 1811 4034 potu
1831 3967 1868 4016 ac
1882 3948 1988 4016 diuino

439 4046 552 4132 cilicio,
574 4068 688 4134 ymmo,
711 4050 794 4134 quod
816 4050 877 4117 hiis
899 4058 949 4118 est
970 4051 1118 4135 deterius,
1141 4070 1247 4120 coram
1267 4054 1336 4138 ipse
1358 4054 1505 4121 continue
1527 4052 1731 4136 celebrantes,
1747 4054 1780 4120 in
1796 4053 1897 4120 tocira
1912 4050 1989 4119 cleri

441 4157 475 4220 et
494 4151 603 4239 populi
629 4152 810 4220 scandalum
838 4160 872 4221 et
900 4159 1044 4222 nestrum
1071 4173 1110 4223 ae
1138 4156 1347 4225 ecclesiastice
1365 4156 1529 4242 discipline
1551 4163 1775 4241 mntemptum,
1796 4175 1854 4224 nee
1875 4173 1938 4222 non
1956 4159 1991 4222 et
2041 4205 2044 4208 -

441 4254 475 4322 in
502 4273 630 4323 suarum
657 4255 831 4338 periculum
861 4258 1047 4326 animarum.
1091 4259 1135 4325 Et
1165 4259 1241 4342 quia
1272 4260 1405 4343 predicti
1435 4259 1551 4327 frutras
1580 4259 1765 4327 Tbeutuniei
1786 4265 1820 4327 et
1838 4258 1989 4325 alienaeio

440 4359 600 4442 provincie
621 4357 778 4441 Polenice,
802 4359 895 4427 buius
917 4362 1162 4446 presumpcionis
1185 4363 1349 4429 temerarie
1369 4380 1407 4429 ac
1429 4369 1626 4448 contemptus
1648 4363 1840 4447 prelatorum
1861 4359 1990 4429 Polenie

441 4461 563 4528 occasio
585 4466 659 4526 sunt
682 4467 715 4527 et
737 4481 841 4545 musa,
871 4464 1079 4532 dominacioni
1103 4471 1205 4532 vestre
1227 4465 1439 4550 supplicamus
1460 4466 1650 4533 unanimiter
1671 4471 1705 4533 et
1725 4467 1890 4547 instanter,
1913 4483 1990 4549 qua·

441 4568 533 4630 tenus
556 4563 755 4630 attendentes
778 4565 917 4634 Rornane
940 4568 1069 4635 coelare
1091 4568 1261 4653 ‹lampnum
1282 4589 1320 4636 ac
1343 4576 1485 4637 rrostrum
1508 4577 1542 4637 et
1562 4570 1665 4654 gentis
1687 4574 1794 4637 nostre
1814 4569 1989 4653 periculum

441 4667 674 4751 sempiternum,
698 4666 837 4734 Ecclesie
857 4678 966 4737 nostre
995 4671 1118 4738 cadenti
1149 4672 1252 4737 velitis
1286 4673 1338 4757 pie
1359 4691 1550 4756 succurrere,
1572 4672 1753 4740 ordinantes
1774 4690 1832 4757 per
1853 4677 1990 4740 vestrum

441 4768 684 4838 miscricordiam
712 4777 744 4837 et
766 4771 960 4854 nrundnntes,
992 4780 1029 4840 ut
1055 4775 1151 4840 tantis
1175 4774 1352 4842 excessibus
1381 4774 1551 4843 efficaciter
1572 4775 1729 4857 correctis,
1749 4775 1910 4859 prouincia
1930 4773 1990 4842 Po·

442 4868 543 4938 lonico
565 4872 606 4940 ud
627 4881 747 4941 statum
768 4874 909 4942 debiturn
932 4876 1130 4959 reformetur,
1152 4884 1185 4944 ct
1204 4877 1334 4945 Poleniu
1355 4880 1438 4946 sicut
1460 4879 1640 4964 priusnos
1662 4878 1801 4946 Saxonis
1813 4886 1989 4961 censeatur,

441 4974 648 5058 ministroque
669 4978 798 5044 Polonie
818 4978 862 5044 sit
882 4977 1037 5059 subiectu;
1071 4980 1209 5063 alioquin
1233 4981 1263 5046 in
1285 4981 1388 5062 geritis
1410 4982 1630 5049 extenniuium
1656 4990 1690 5049 ct
1711 4982 1912 5051 ecclesiarum
1934 5000 1990 5047 no·

442 5084 592 5144 strururn
608 5080 733 5145 evidens
760 5081 932 5164 perieulum
962 5101 1109 5163 cogemur
1135 5082 1288 5149 flebilibus
1318 5084 1445 5150 vocibus
1473 5085 1645 5170 clepsidram,
1674 5086 1734 5152 nisi
1757 5091 1863 5153 vestm
1883 5085 1990 5166 gracia

442 5180 684 5248 misericonliter
720 5189 753 5249 et
779 5185 947 5251 efficaciter
972 5185 1033 5250 biis
1062 5193 1215 5252 occurrat.
1260 5185 1378 5254 Datum
1407 5189 1491 5273 aprud
1517 5189 1717 5256 Lunelrieianr
1738 5187 1814 5257 xv1
1834 5188 1992 5257 Kalendas

443 5282 604 5352 Febnrarii
628 5291 699 5370 post
722 5285 882 5369 Syuorlurn
905 5288 1138 5372 provincialem,
1158 5308 1240 5355 nnrro
1263 5290 1388 5357 Durnim
1412 5290 1639 5359 liculnclx
1662 5295 1782 5377 quinto.

993 5524 1446 5584 ‘ww
