4860 6180
1813 343 1888 424 513

451 548 664 636 aequoniam
696 548 823 636 qnidam
842 546 981 631 religiosi
1007 547 1179 635 terrigenas
1207 554 1334 617 nostros
1359 547 1493 617 Polonos
1521 547 1562 617 nd
1580 546 1729 618 Omlinem
1750 549 1889 633 recipcre

352 651 547 739 frequentius
573 660 783 739 aspernantur
805 654 996 735 nbcrrieenas
1022 654 1129 738 pocius
1151 651 1386 738 amplectentes,
1409 671 1480 719 cum
1499 651 1540 718 ab
1561 651 1714 736 indigenis
1740 650 1891 719 beneticia

348 757 526 841 receperint
554 762 588 824 et
607 757 763 841 rccipiunt
782 774 840 839 pro
862 774 995 839 quamn
1019 755 1123 822 salute
1143 757 1335 823 monasteria
1355 755 1460 840 potius
1483 761 1559 820 sunt
1584 755 1725 837 tundata,
1747 755 1890 824 volumus

350 864 385 927 et
404 860 593 942 statuimus„
607 865 645 926 ιιι
665 859 706 927 ab
726 858 904 925 huiusmodi
926 864 1107 944 contemptu
1127 877 1184 942 per
1204 858 1414 943 dyocesanum
1435 857 1613 942 episcopum
1635 877 1692 942 per
1704 858 1892 926 subtractis

348 981 420 1030 nem
442 962 674 1045 beneddarum,
696 968 733 1029 nt
753 980 850 1046 supra
870 968 998 1030 cautum
1016 970 1075 1043 ast,
1097 966 1279 1042 uocantum
1302 969 1335 1028 et
1355 962 1384 1028 si
1404 960 1502 1045 aliqui
1524 966 1634 1027 cantra
1655 961 1714 1029 lrac
1734 961 1844 1030 ιιιοιιιιι
1857 980 1892 1029 se

349 1064 465 1135 habere
485 1066 660 1152 privilegia,
682 1065 791 1134 eadem
814 1071 982 1134 teneantur
1003 1065 1093 1134 nabis
1114 1063 1197 1131 infru
1217 1064 1339 1132 Pascha
1358 1066 1535 1148 proximum
1555 1069 1745 1148 prasentare

451 1169 543 1252 Item,
566 1189 637 1238 cum
658 1173 692 1236 et
713 1169 792 1236 alias
813 1169 857 1237 sit
877 1175 1042 1250 ειιιιιιιιιιιι,
1065 1168 1230 1250 utnullus,
1252 1168 1340 1235 cuius
1354 1166 1505 1247 condicio,
1528 1173 1641 1248 status,
1661 1184 1759 1251 genus
1773 1169 1807 1233 et
1819 1184 1894 1234 can·

350 1271 490 1341 remmio
510 1272 619 1357 ignata
639 1277 698 1355 est,
720 1273 762 1338 ad
783 1271 918 1340 Ordines
938 1273 1135 1352 admittatur,
1165 1289 1222 1338 nas
1243 1270 1303 1339 bac
1323 1272 1438 1337 iterum
1459 1257 1644 1338 innovantes
1663 1269 1827 1352 adicimus,
1856 1274 1894 1337 ut

350 1375 449 1442 ecum
472 1375 577 1443 nullus
597 1380 689 1442 extra
710 1381 849 1442 naseam
870 1375 1061 1458 provinciam
1079 1380 1251 1459 promotus,
1272 1372 1314 1440 ad
1334 1372 1532 1439 serviendum
1552 1373 1585 1438 io
1607 1378 1717 1440 nostra
1734 1372 1895 1457 provincia

354 1478 404 1546 sel
424 1478 636 1563 recipiendum
657 1466 841 1546 mucidum
864 1479 1076 1563 pennittatnr,
1095 1477 1157 1543 nisi
1179 1476 1266 1561 prius
1287 1494 1344 1560 per
1364 1475 1573 1560 dyocesannm
1601 1474 1698 1543 firedt
1725 1475 1890 1558 admissu,

351 1587 385 1649 et
406 1579 466 1649 bac
486 1600 545 1666 per
565 1581 690 1648 litteras
711 1581 850 1650 eiusdem
870 1581 1037 1665 dyocesani
1059 1585 1203 1665 patentes
1226 1578 1382 1646 ostendat.

453 1684 545 1766 item,
567 1685 643 1770 qnia
660 1685 787 1768 plurimi
805 1685 938 1751 simrios
959 1685 1116 1768 rccipiunt
1136 1681 1177 1749 ad
1197 1700 1273 1749 suas
1294 1681 1442 1749 ecclesias
1462 1682 1566 1749 minus
1587 1681 1724 1766 ydoneos
1736 1681 1787 1748 sel
1807 1681 1896 1766 igno·

358 1792 409 1856 tas
426 1791 465 1855 ut
485 1788 531 1855 eis
554 1787 705 1855 sannam
725 1788 830 1855 minus
850 1787 983 1870 solvant,
1004 1786 1157 1867 volumus,
1180 1791 1218 1852 ut
1237 1803 1345 1853 omnes
1366 1785 1475 1853 vicani
1495 1784 1673 1852 bmnsmodi
1697 1782 1897 1869 arelddyaco·

299 1889 402 1958 ..ais
422 1895 653 1977 presentantur,
674 1909 715 1958 ne
735 1891 770 1957 ia
791 1891 908 1958 litteris
928 1888 1125 1956 ιιιιιιιιιιιιοιιιι
1146 1889 1229 1956 idn
1249 1888 1376 1973 plebani
1396 1889 1519 1974 passim
1539 1888 1641 1974 decipi
1661 1889 1711 1956 vel
1730 1888 1851 1973 sigillis.

455 1990 537 2060 Item
557 1992 711 2074 volumus,
732 1999 771 2059 ιιι
790 1992 923 2059 vimrios
940 1991 1077 2076 ydoneos
1099 1991 1133 2058 ia
1154 1993 1220 2060 suis
1241 1991 1380 2059 eccloeiis
1398 1997 1550 2077 perpetuo
1571 1993 1765 2075 conveniant,
1785 1996 1820 2060 et
1832 1991 1897 2059 rie·

324 2133 327 2140 -
352 2099 422 2163 tam
441 2094 581 2180 quiaque
602 2112 777 2162 marcarum
799 2095 845 2163 eis
866 2095 1116 2179 predestinamos
1137 2094 1261 2161 habena

454 2197 536 2265 item
556 2197 736 2279 statuimus,
757 2204 795 2265 ut
816 2217 887 2266 curn
907 2196 948 2264 ad
969 2197 1049 2265 alias
1071 2215 1176 2265 sacros
1203 2197 1329 2265 ordines
1353 2196 1520 2265 debuerint
1548 2197 1697 2281 andiceni,
1726 2216 1789 2266 nau
1817 2197 1896 2265 reci·

353 2299 481 2385 piantur
505 2300 568 2367 nisi
594 2299 737 2384 malesei,
766 2320 807 2369 ue
834 2301 1019 2369 executione
1046 2318 1174 2368 suarum
1203 2300 1348 2368 ordinum
1372 2306 1501 2368 caream
1522 2300 1551 2367 si
1570 2298 1688 2368 merint
1713 2301 1747 2367 ia
1771 2299 1898 2367 mortedi
1936 2374 1943 2384 ,

456 2507 538 2576 item
558 2507 739 2590 statuimus,
761 2514 799 2575 nt
819 2527 859 2576 ex
879 2526 943 2592 quo
963 2505 1081 2575 fuerint
1099 2507 1246 2590 ordinati,
1267 2506 1475 2575 ordinationis
1496 2525 1553 2575 sue
1572 2506 1695 2574 litteras
1715 2504 1830 2574 habere
1851 2510 1899 2572 te·

354 2617 502 2694 ιιιιιιιιιιις
525 2612 681 2694 similiter,
703 2631 774 2680 curn
795 2611 971 2679 beneficiati
989 2610 1116 2694 fuerint,
1138 2612 1325 2679 investitura
1351 2629 1408 2678 sue
1433 2611 1557 2678 litteras
1587 2608 1722 2695 debeam
1746 2609 1896 2677 obtinere.

457 2714 539 2783 Item
561 2715 742 2798 autumus,
763 2721 801 2782 ut
821 2714 928 2783 nullus
949 2715 989 2782 de
1010 2714 1204 2784 mnefieetis
1225 2733 1259 2781 se
1280 2732 1377 2781 asua
1396 2713 1528 2781 ecclesia
1541 2719 1632 2780 extra
1645 2713 1836 2797 provinciam
1848 2713 1899 2779 rel

354 2817 501 2903 dyocesin
522 2818 640 2887 audeat
660 2818 825 2886 absentare
846 2836 904 2885 uec
924 2818 1020 2886 alicui
1040 2820 1167 2900 servire,
1187 2819 1249 2885 nisi
1268 2817 1308 2884 de
1332 2818 1382 2884 sai
1410 2817 1577 2902 dymni
1603 2817 1733 2884 licencia
1760 2815 1898 2901 speciali

457 2920 549 3003 item
571 2940 643 2989 cum
661 2921 798 3006 episcopi
817 2919 953 2988 madent
974 2921 1120 2989 ecclesias
1141 2926 1199 2988 aut
1219 2918 1367 2988 ιιιιιιιιιιιιι
1388 2920 1498 2987 doure
1527 2920 1694 3000 valuerint,
1719 2919 1898 3002 statuimus,

354 3029 394 3091 ut
409 3023 467 3092 das
488 3025 522 3092 in
544 3031 729 3111 perpensam
750 3024 933 3092 minanam
951 3025 1106 3092 habeatnr
1126 3024 1160 3090 iu
1183 3023 1319 3112 scriptis,
1342 3028 1376 3089 et
1396 3021 1457 3089 sub
1472 3022 1576 3106 sigillo
1591 3021 1704 3106 prelati
1719 3028 1752 3088 et
1764 3021 1915 3110 patruni,

354 3126 463 3195 littera
491 3126 675 3212 ddigeadus
700 3133 910 3195 conservetur.
956 3125 990 3195 Si
1016 3146 1078 3212 qna
1104 3131 1210 3193 autem
1236 3125 1355 3192 damme
1385 3143 1443 3210 pra
1471 3123 1580 3192 umbus
1607 3124 1745 3192 eiusdem
1770 3124 1899 3192 molosia
1979 3129 1984 3140 “

355 3227 473 3298 inermi
492 3231 662 3314 migrate,
681 3229 740 3297 sub
762 3236 849 3298 certa
869 3231 1059 3298 limitatione
1080 3236 1164 3297 terre
1186 3235 1219 3296 et
1240 3230 1419 3313 quantitate
1439 3228 1556 3296 valane
1574 3228 1709 3296 debeant
1730 3229 1898 3313 msiguam

355 3331 411 3414 ita,
430 3338 468 3399 ut
488 3335 712 3414 exeesmneie,
734 3335 762 3399 si
783 3352 845 3419 que
866 3332 971 3401 tarent
988 3335 1192 3418 inposterum,
1215 3331 1256 3398 ad
1277 3350 1416 3412 meamru
1438 3332 1576 3417 episcopi
1595 3336 1802 3399 revertantur.
1831 3330 1902 3400 Hac

355 3434 462 3502 autem
481 3434 524 3501 ad
545 3435 746 3504 kathedralss
766 3436 913 3504 eeclesias
936 3436 1081 3503 nalurnus
1102 3434 1238 3503 extendi.
1360 3506 1363 3511 ⁴
1404 3507 1407 3510 ,

322 3534 326 3538 ’
459 3527 541 3606 aad
568 3557 631 3607 uon
659 3540 703 3606 sit
728 3538 857 3606 malitiis
886 3538 1046 3605 hominnm
1077 3536 1309 3621 indulgendum,
1339 3542 1373 3603 et
1399 3538 1594 3621 quarundam
1621 3537 1699 3605 adea
1719 3537 1900 3622 malignitas

356 3638 495 3721 inolevit,
517 3646 554 3707 nt
575 3659 647 3708 cum
665 3641 807 3709 homines
827 3641 947 3708 innoxii
971 3641 1064 3724 plena
1090 3642 1259 3708 securitate
1286 3657 1321 3706 se
1347 3641 1483 3723 gaudere
1512 3641 1652 3723 credam,
1681 3642 1751 3726 ipsi,
1775 3642 1898 3725 peiores

356 3741 489 3828 publicis
509 3744 632 3811 viamm
652 3743 840 3828 predonibus
863 3763 918 3810 sen
940 3745 1079 3827 pirratis,
1101 3742 1242 3811 homines
1261 3744 1400 3810 insontes
1422 3745 1601 3811 temeritate
1621 3745 1750 3828 propria
1770 3745 1900 3829 capiunt

358 3851 393 3914 et
410 3845 531 3914 fidant
553 3848 722 3932 captivam
744 3847 924 3927 statuimus,
947 3853 984 3912 ut
1005 3846 1046 3913 ad
1067 3848 1169 3913 instar
1189 3853 1413 3913 nocturnorum
1432 3847 1653 3930 populatorem
1680 3865 1824 3931 agrorum
1846 3866 1901 3914 seu

357 3947 539 4017 rabatarum
565 3949 761 4035 publicarum
780 3955 963 4031 ductarum,
996 3949 1174 4015 huiusmodi
1194 3948 1395 4016 detestabiles
1416 3949 1598 4032 predatores
1617 3968 1673 4016 sen
1697 3952 1805 4033 pocius
1830 3969 1903 4034 pro·

357 4050 476 4119 ditares
496 4053 566 4137 ipso
587 4052 672 4120 iacto
694 4052 880 4119 mutandam
902 4053 1230 4120 excommunicationis
1252 4053 1423 4134 iucunnat,
1446 4059 1480 4120 et
1500 4053 1570 4120 loca
1591 4055 1623 4120 in
1645 4054 1758 4138 quibus
1779 4054 1902 4120 habita·

358 4154 461 4222 vemat
479 4158 514 4222 et
534 4155 569 4221 iu
589 4153 703 4238 quibus
725 4155 840 4238 captivi
861 4155 983 4222 detenti
1007 4155 1133 4237 inerint,
1156 4155 1365 4224 ecclesiastiea
1380 4163 1597 4241 supponantur
1610 4158 1787 4239 interdieta,
1802 4158 1901 4224 rionec

359 4258 509 4342 captivati
531 4258 647 4340 taliter,
670 4258 788 4341 absque
809 4260 926 4325 nullius
948 4261 1109 4326 exactione
1131 4260 1291 4343 peccunia,
1311 4260 1444 4342 pristine
1465 4259 1637 4327 reddantur
1651 4261 1798 4328 libertati.

460 4359 551 4441 Item
574 4379 646 4427 curn
667 4367 822 4428 stannum
845 4363 898 4442 sit,
918 4368 956 4428 nt
976 4382 1047 4429 cnm
1068 4363 1165 4447 aliqui
1193 4364 1476 4431 excommunicatos
1499 4365 1532 4430 iu
1559 4366 1653 4432 cudis
1680 4366 1745 4432 suis
1766 4366 1902 4433 scienter

359 4463 511 4545 detinent,
534 4464 566 4530 in
589 4464 684 4530 curiis
703 4483 809 4532 corum
831 4467 937 4533 divina
958 4467 1062 4535 officia
1084 4487 1145 4533 non
1167 4466 1302 4533 debmnt
1323 4466 1489 4534 celebrari:
1520 4486 1577 4535 aas
1603 4467 1772 4534 adicientes
1790 4469 1903 4534 statui·

359 4584 439 4649 mus,
460 4572 498 4633 ut
518 4566 546 4633 si
567 4567 666 4650 aliqui
692 4567 797 4634 elerici
827 4570 938 4636 moniti
968 4576 1078 4636 contra
1106 4570 1282 4654 predictum
1308 4575 1462 4637 statutum
1489 4571 1640 4652 venerint,
1669 4570 1710 4638 ab
1738 4570 1848 4638 ciliciis
1869 4577 1903 4638 et

360 4670 516 4738 mneiieiis
536 4671 602 4736 sint
621 4672 774 4755 suspensi.

462 4773 507 4840 Et
526 4775 674 4858 quoniam
695 4780 822 4841 cautum
842 4782 902 4856 ast,
925 4783 962 4842 nt
983 4777 1196 4843 coniuratores
1225 4782 1259 4843 ct
1285 4776 1514 4860 conspiratores
1534 4796 1555 4843 a
1576 4777 1701 4860 propria
1727 4776 1827 4861 made
1853 4796 1904 4844 aa·

360 4876 434 4944 dere
453 4874 597 4956 debeant,
616 4879 795 4959 statuirnns,
818 4883 855 4944 ut
875 4879 902 4942 si
922 4879 974 4961 qui
999 4879 1078 4943 taulus
1100 4878 1215 4963 ιιῚιιιιιι
1237 4879 1364 4960 fuerint,
1385 4880 1451 4944 suis
1470 4878 1627 4944 benefieiis
1650 4879 1832 4963 spolientur.

463 4978 544 5045 ltem
567 4980 737 5046 statuimus
755 4985 789 5046 ot
810 4981 942 5047 tinnitor·
963 4982 1151 5063 precipimus
1172 4980 1342 5064 obseruari,
1364 4988 1401 5047 ut
1422 4980 1449 5045 si
1470 4980 1526 5062 qui
1544 4980 1648 5047 clerici
1669 4982 1904 5068 quibuscunque

361 5082 502 5166 personis
525 5088 636 5148 cantra
651 5082 823 5150 Ecclesiam
838 5083 1034 5166 prostiterint
1048 5085 1266 5166 pratrocinium,
1288 5085 1450 5151 missilium
1466 5091 1499 5150 et
1513 5082 1659 5167 seronior,
1681 5087 1708 5152 si
1727 5086 1903 5155 beneficiati

361 5185 436 5265 siut,
458 5185 537 5269 ipsis
558 5184 717 5252 ιιιιοιιιιιιι
737 5187 802 5254 sint
822 5185 952 5270 privati;
976 5187 1003 5251 si
1026 5206 1099 5253 vero
1120 5205 1193 5268 nan,
1213 5186 1253 5254 ad
1272 5187 1483 5255 emlminstica
1503 5186 1654 5256 benefida
1674 5190 1739 5257 sint
1752 5190 1905 5257 inhabiles

359 5287 540 5357 obtinenda

1715 5412 1750 5472 ib
