4860 6180
525 222 614 302 450·

523 433 559 498 et
578 427 681 496 oleam
702 425 882 495 vulneribus
902 426 1045 510 medati,
1066 425 1232 511 diligenter
1252 425 1414 511 inquirens
1433 431 1468 494 et
1487 426 1663 511 peccatoris
1676 425 1928 495 ebcuumtamies
1942 433 1976 495 et
1996 445 2066 512 pcc·

525 532 599 603 eeu
644 530 763 600 Caveat
782 536 888 599 autum
910 531 1046 613 omnino,
1067 551 1108 598 nc
1125 529 1219 598 verbo
1239 535 1296 598 aut
1317 531 1405 615 sigum
1427 529 1611 613 nutantique
1632 529 1853 613 quovismodo
1874 530 1989 614 rumdat
2008 530 2067 597 ali·

525 641 681 720 quumnus
702 640 907 720 peccatorem.
951 634 986 702 Si
1006 640 1112 703 autem
1133 632 1330 718 prudentiori
1351 634 1481 701 consilio
1500 632 1657 716 indigerit,
1678 632 1711 698 id
1725 632 1845 717 ubsque
1858 633 1924 700 ullu
1941 652 2067 717 expres·

525 740 614 809 done
634 757 766 826 persone
784 747 876 808 caute
896 739 1044 823 nequiret
1074 736 1204 819 Quando
1226 738 1280 821 qui
1292 743 1455 822 pecccatum
1470 736 1684 821 penitentiarii
1707 736 1821 804 iudicio
1836 736 1895 804 sibi
1909 737 2067 805 detectum

383 845 390 861 ‘
524 843 750 930 presumpserit
771 843 919 925 revelare,
941 861 1003 910 non
1023 842 1124 909 solum
1146 840 1332 909 saeculatali
1354 840 1457 908 cilicio
1478 839 1673 907 ‹lceemimus
1701 838 1930 923 deponendum,
1960 858 2067 908 rerum

388 1023 401 1046 ο
525 943 621 1015 wem
642 943 683 1012 ad
700 945 854 1030 agentium
873 944 1077 1030 penitentium
1098 948 1132 1013 in
1152 950 1275 1011 arctum
1297 927 1520 1012 monmmrium
1542 942 1781 1010 detrudendum.

628 1052 675 1115 De
687 1052 854 1130 parcentia
875 1052 1086 1126 confusorum
1116 1045 1316 1115 consumes
1337 1053 1371 1115 ct
1393 1064 1565 1129 monemus,
1588 1065 1628 1113 uo
1648 1045 1826 1114 seceniotes
1843 1046 1960 1130 passim
1975 1053 2008 1113 et
2022 1045 2069 1111 in·

526 1151 676 1221 distincte
695 1151 808 1218 missus
826 1150 1047 1219 confitentibus
1067 1152 1246 1236 iniungant;
1267 1152 1322 1218 sed
1344 1149 1526 1235 cupiditatis
1545 1156 1653 1216 notum
1674 1149 1829 1233 fugientes
1847 1150 1880 1214 in
1897 1149 1957 1216 bac
1969 1155 2070 1234 pune

525 1253 648 1324 nuces
668 1255 722 1339 qui
743 1273 782 1321 ex
802 1253 859 1320 tali
880 1255 1072 1323 iniunctione
1092 1255 1174 1323 solet
1198 1253 1353 1323 sacerdoti
1379 1254 1552 1338 provenire,
1580 1249 1756 1337 precipiunt
1784 1252 1976 1337 pauperibus
2001 1270 2069 1319 cro·

525 1375 610 1444 gare
653 1355 704 1424 nd
723 1355 911 1424 audiendam
929 1356 1163 1442 confessionem,
1184 1358 1371 1425 eminentem
1392 1354 1453 1423 sibi
1474 1355 1578 1422 locum
1599 1355 1719 1439 eligunt
1732 1354 1925 1438 sacerdotes,
1947 1361 1985 1422 ut
1998 1374 2070 1440 pos·
2099 1397 2105 1413 ·

525 1461 592 1530 sint
613 1460 820 1527 communiter
840 1459 948 1542 videri,
970 1465 1005 1528 ct
1024 1479 1088 1528 non
1109 1462 1142 1527 in
1163 1459 1241 1529 locis
1261 1459 1412 1540 obmuns,
1434 1457 1551 1526 abditis
1572 1458 1622 1525 ((1
1642 1458 1843 1526 absconditis.
1871 1459 1909 1525 In
1923 1478 1987 1543 qua
1999 1461 2070 1543 qui·

526 1560 599 1632 dem
620 1561 813 1631 mniessione
833 1561 971 1630 babeant
990 1563 1168 1632 sacerdotes
1194 1565 1317 1631 vultum
1343 1562 1493 1630 humilem
1518 1570 1552 1630 et
1572 1562 1679 1630 oculos
1708 1563 1742 1631 in
1771 1569 1888 1630 terram
1916 1562 2005 1645 fixos,
2030 1582 2071 1631 ne

525 1665 696 1736 indiscrete
715 1671 749 1734 et
769 1663 965 1751 frequentius
985 1665 1096 1734 briem
1119 1667 1288 1752 inspiciunt
1308 1665 1487 1734 confitentis
1507 1671 1542 1731 ct
1556 1666 1691 1734 maxime
1703 1666 1859 1747 mulieris3
1882 1666 1936 1733 sed
1950 1666 2070 1750 petien-

527 1775 578 1839 ter
597 1769 730 1838 audiam
749 1768 826 1854 quid
846 1768 963 1837 dherit
984 1769 1018 1836 in
1038 1769 1152 1854 spiritu
1172 1769 1323 1852 lenitatis,
1344 1770 1426 1836 etei
1447 1787 1505 1852 pro
1523 1786 1616 1852 posse
1637 1787 1695 1836 suo
1716 1774 1750 1838 et
1764 1768 1989 1854 multiplicibus
2004 1787 2071 1836 mo·

526 1871 576 1941 dis
596 1871 737 1956 suadeat,
755 1878 794 1941 ut
815 1866 1005 1942 confiteatur
1022 1874 1151 1958 integre
1198 1872 1300 1955 Unde,
1322 1871 1465 1940 sialiter
1490 1870 1640 1939 audiatur
1665 1870 1829 1954 confessio,
1861 1891 1924 1939 nou
1944 1871 2070 1941 valebit.

526 1973 565 2044 ln
585 1973 779 2045 confessione
800 1982 931 2045 cevent
948 1977 1008 2044 sibi
1029 1977 1216 2057 sacedotes,
1238 1994 1280 2042 ne
1298 1975 1462 2058 meabant
1481 1975 1609 2042 nomina
1630 1972 1835 2059 personarum
1865 1994 1936 2044 cum
1957 1976 2071 2061 quibus

526 2079 724 2166 peccaverint
741 2081 927 2164 penitentes,
949 2080 1004 2149 sed
1023 2078 1275 2149 umummntius
1298 2085 1422 2145 tantum
1447 2096 1510 2162 que
1538 2085 1671 2164 possunt
1699 2097 1871 2163 aggravare
1896 2086 2069 2166 peccatum

528 2181 631 2264 Quum
652 2183 846 2266 experienda
864 2183 1030 2251 didicimus
1051 2189 1147 2267 certe,
1169 2202 1227 2268 pro
1248 2181 1454 2250 fornicatione
1471 2183 1521 2249 ((1
1542 2184 1640 2251 etiam
1664 2183 1804 2268 peccatis
1832 2184 1978 2251 mammis
2006 2182 2071 2251 iere

527 2284 649 2353 nullam
669 2284 719 2354 ((1
738 2285 899 2353 minimam
919 2287 1123 2372 penitentium
1143 2286 1356 2371 penitentibus
1376 2286 1497 2370 iniungi
1517 2305 1539 2353 u
1557 2286 1773 2356 sacerdotibus
1786 2287 2003 2372 ignorantibus
2016 2306 2072 2355 seu

527 2388 757 2476 negligentibus
780 2390 930 2458 canonice
944 2391 1102 2473 institute,
1121 2391 1309 2475 precipimus
1323 2390 1436 2458 etiam:
1459 2390 1544 2475 quod
1557 2390 1737 2459 secerdotes
1750 2389 1901 2458 studeant
1914 2391 2073 2475 inquirere

527 2490 696 2578 diligenter
715 2498 749 2561 et
770 2502 900 2578 pecmta
919 2494 1036 2562 usitate
1058 2499 1092 2562 et
1112 2495 1364 2562 cbmmstentias
1386 2495 1523 2562 usitatas
1544 2501 1753 2580 peceatomm,
1773 2496 1908 2563 menime
1920 2496 2003 2580 gule,
2024 2494 2072 2562 lu·

527 2595 618 2664 xurie
638 2600 673 2663 et
698 2595 890 2679 cupiditatis,
917 2597 1031 2681 quibus
1058 2615 1157 2680 genus
1185 2596 1355 2664 bumanum
1382 2597 1578 2682 nequentius
1608 2598 1820 2682 corrumpitur
1846 2604 1880 2667 et
1900 2597 2072 2666 deiedutur.

631 2701 679 2765 De
698 2702 885 2778 mserum
904 2703 1118 2766 medenas
1145 2711 1175 2767 ct
1195 2707 1321 2767 monor
1344 2705 1500 2767 tormen
1544 2701 1748 2786 Pnecipimus,
1777 2703 1862 2787 quod
1884 2702 2072 2784 secerdotes,

529 2799 650 2870 maimo
667 2800 702 2869 in
723 2801 917 2870 confessione
936 2803 1105 2872 maioribus
1126 2811 1333 2886 reservantes,
1355 2805 1486 2872 mittant
1506 2804 1547 2871 ad
1575 2807 1754 2891 episcopum
1777 2806 1954 2890 penitentes
1974 2805 2073 2875 bomi-

529 2903 615 2991 cidns
636 2902 730 2987 lecto,
752 2923 856 2990 opere,
878 2906 1008 2974 consilio
1029 2907 1079 2974 ((1
1100 2898 1227 2989 (((1110,
1249 2907 1447 2993 blasphemos
1466 2908 1692 2993 omnipotentis
1718 2909 1778 2976 Dei
1805 2915 1840 2976 et
1859 2909 1952 2977 beate
1973 2908 2074 2976 biurio

528 3012 564 3077 et
583 3005 780 3091 Sanctorum,
802 3007 969 3077 iniecturus
990 3029 1137 3078 menum
1155 3010 1188 3077 in
1208 3018 1355 3096 parentes
1376 3013 1441 3079 siue
1474 3011 1508 3078 in
1532 3012 1662 3080 clericos
1687 3012 1737 3079 ((1
1763 3030 1977 3096 quoscumque
2001 3011 2073 3078 reli·

530 3109 645 3197 monos,
666 3110 883 3195 incendiarios,
898 3113 1094 3196 simoniacos,
1116 3112 1278 3182 iimremm
1300 3113 1453 3196 mserum,
1476 3116 1681 3195 incestuosos,
1704 3114 1891 3183 detestabile
1910 3122 2074 3200 peccatum

529 3218 640 3283 cunbu
660 3218 807 3281 naborem
829 3216 1070 3297 committentes,
1092 3227 1163 3285 cum
1181 3215 1283 3284 brutis
1301 3216 1350 3284 rel
1377 3217 1566 3285 monialibus
1590 3237 1657 3286 rem
1680 3218 1842 3300 babentes,
1871 3217 2073 3286 ecclesiarum

529 3322 563 3386 et
584 3317 821 3386 cemeteriorum
845 3317 1025 3386 effractores
1051 3325 1085 3386 et
1109 3319 1286 3401 numurus,
1316 3319 1533 3388 schismaticos
1558 3328 1593 3389 et
1622 3322 1798 3406 mrtilegos,
1825 3321 2017 3390 divinatores
2040 3326 2074 3390 et

529 3419 671 3489 homines
691 3419 747 3505 qui
764 3420 807 3488 ad
826 3421 899 3488 illos
916 3421 1079 3504 accedunt,
1101 3422 1156 3506 qui
1177 3422 1217 3489 de
1238 3421 1448 3490 Sacrumeudu
1466 3423 1574 3507 eliqua
1598 3422 1753 3492 maleficia
1778 3425 2003 3492 commisemnt
2022 3423 2072 3492 rel

528 3523 680 3593 auxilium
699 3526 917 3609 prestitemnt,
939 3524 995 3608 quui
1012 3523 1061 3592 bis
1081 3543 1116 3592 se
1136 3526 1281 3609 permisit
1297 3525 1453 3610 baptizari
1472 3532 1507 3594 et
1527 3527 1582 3611 qui
1607 3525 1820 3594 interfuerunt
1847 3527 1991 3608 scienter,
2018 3527 2074 3611 qui

529 3626 598 3696 sine
617 3627 721 3713 primu
738 3633 870 3695 tonsura
890 3627 1026 3711 aliquem
1047 3626 1188 3694 ordinem
1209 3634 1424 3712 suseepemnt,
1444 3629 1501 3713 qui
1522 3633 1634 3697 contre
1655 3629 1810 3696 iustitium
1838 3629 1888 3696 ((1
1917 3629 2073 3697 muscicu-

529 3731 618 3815 (ιω,
639 3731 877 3800 ratmundum
898 3731 965 3797 siue
985 3730 1136 3798 auxilium
1158 3731 1192 3797 in
1212 3730 1320 3815 aliquo
1341 3731 1527 3816 impendunt
1544 3731 1628 3800 uude
1648 3750 1734 3800 mors
1754 3731 1890 3799 bominis
1908 3733 1958 3799 rel
1978 3750 2075 3801 mem·

528 3832 658 3904 brorum
679 3833 838 3903 mutilatio
859 3837 909 3901 est
928 3839 1045 3914 secum,
1067 3833 1116 3900 vel
1136 3833 1191 3917 qni
1213 3833 1246 3898 in
1264 3833 1313 3901 bis
1333 3835 1470 3902 scienter
1483 3837 1678 3903 omesionem
1691 3836 1757 3903 sive
1771 3854 1898 3905 causum
1911 3835 2073 3919 dederunt,

529 3937 586 4024 qui
606 3937 715 4006 literas
735 3937 846 4020 dictat,
867 3935 978 4004 scribit
998 3937 1047 4004 vel
1069 3937 1146 4019 legit
1168 3936 1219 4003 vel
1239 3937 1369 4022 aliquod
1384 3939 1608 4007 adminiculum
1622 3939 1664 4005 ud
1677 3939 1737 4006 bcc
1751 3939 1892 4023 prestitit
1906 3944 1944 4006 ut
1959 3939 2073 4023 aliquis

529 4040 711 4124 mutiletnr3
732 4041 808 4108 item
831 4040 969 4122 ciericos,
989 4040 1045 4124 qui
1066 4039 1209 4124 suspensi
1231 4040 1282 4107 rel
1301 4041 1562 4108 excommunicati
1588 4046 1665 4108 sunt
1689 4039 1827 4125 promoti
1852 4047 1910 4108 aut
1937 4041 2074 4133 celebra·

530 4148 645 4212 verunt
664 4143 788 4225 divina3
808 4142 886 4211 item
908 4142 1085 4210 secerdotes
1107 4160 1163 4209 seu
1185 4143 1356 4226 ministros,
1378 4163 1512 4228 quomm
1530 4143 1722 4229 negligentia
1742 4143 1826 4211 circu
1839 4142 2086 4211 Sacramentum

530 4246 641 4318 citaris
661 4246 780 4331 aliquid
799 4245 997 4315 inhonoetum
1019 4264 1216 4330 quocumque
1236 4247 1329 4314 modo
1344 4249 1457 4315 euenit
1487 4246 1606 4328 Quibus
1621 4245 1774 4328 omnibus,
1796 4252 1997 4331 preterquam
2010 4246 2074 4314 illis

530 4350 586 4438 gui
606 4368 665 4435 pro
685 4348 823 4418 violenta
842 4368 993 4417 manuum
1013 4349 1233 4418 iniectionem
1257 4368 1406 4434 personas
1433 4350 1662 4419 ecclesiasticus
1690 4349 1723 4416 iu
1745 4367 1894 4417 cunonem
1919 4348 1985 4417 lete
2005 4368 2075 4417 sen·

532 4455 632 4524 tentis
652 4452 828 4535 inciderint,
850 4471 929 4536 quos
950 4453 1087 4538 episcopi
1108 4453 1269 4520 absolvere
1290 4473 1353 4521 non
1373 4461 1516 4537 possum,
1534 4473 1593 4538 per
1609 4453 1754 4538 proprios
1775 4452 1936 4537 episcopos
1957 4453 1997 4521 de
2020 4452 2075 4519 ub-

531 4556 697 4626 solutionis
725 4553 875 4622 beneficio
903 4555 1060 4641 provideri
1092 4557 1312 4641 permittimus.
1357 4557 1505 4641 Episcopi
1529 4563 1636 4623 eutem
1662 4555 1766 4622 dicere
1792 4553 1908 4622 debent
1932 4555 2075 4623 omnibus

531 4656 806 4729 cummunicare
828 4676 867 4724 ex
888 4659 1135 4743 quibuscumque
1161 4661 1273 4742 musis,
1304 4660 1388 4744 quod
1412 4659 1499 4726 nullo
1527 4659 1621 4727 modo
1650 4657 1769 4743 ubsque
1791 4657 1920 4724 mortali
1946 4664 2075 4742 peccato

532 4766 566 4830 et
586 4758 829 4847 irregularitatis
851 4760 928 4829 vitio
951 4768 1082 4848 possunt
1099 4762 1147 4828 ((1
1169 4762 1285 4830 debent
1305 4781 1340 4830 se
1360 4763 1523 4847 iniungere
1535 4762 1664 4844 divisim
1685 4768 1719 4829 et
1739 4761 1799 4827 boc
1820 4759 1943 4845 publice
1964 4761 2010 4827 eis
2028 4761 2075 4828 di·

533 4869 609 4932 cent
627 4863 656 4932 si
678 4862 836 4950 publicum
858 4870 908 4930 est
926 4871 1089 4949 peecatum
1111 4883 1230 4947 comm,
1252 4872 1287 4932 et
1307 4866 1335 4932 si
1355 4865 1522 4948 occultum,
1544 4865 1677 4933 occulte.
1720 4862 1845 4930 Debent
1858 4863 1954 4930 etium
1972 4864 2076 4932 dicere

532 4964 756 5051 irregularibus
778 4984 911 5050 quorum
932 4967 1125 5053 d'speusutio
1146 4966 1187 5034 ad
1208 4968 1310 5035 solum
1328 4986 1483 5036 summum
1504 4968 1683 5052 pontillum
1705 4971 1838 5051 spectat,
1859 4965 1944 5048 quod
1965 4985 2022 5034 uec
2041 4968 2075 5032 in

533 5069 686 5154 susceptis
709 5069 888 5136 ministrare
909 5071 1082 5152 ordinibus,
1103 5090 1160 5136 neec
1181 5070 1222 5136 ud
1244 5071 1378 5137 nmiores
1399 5091 1454 5137 seu
1475 5070 1516 5136 aul
1538 5070 1689 5137 beneticia
1711 5088 1816 5135 curam
1830 5069 2005 5136 urrimurum
2020 5069 2075 5136 hu·

533 5167 641 5240 bonde
661 5170 835 5258 promoveri
857 5180 990 5256 possunt
1010 5174 1129 5258 ubsque
1149 5172 1381 5261 dispensatione
1402 5174 1496 5261 l'upe
1527 5173 1669 5245 Cuvmnt
1688 5178 1796 5241 autum
1816 5172 1964 5260 episcopi,
1992 5173 2076 5261 quod
