4476 6180
214 1446 217 1535 l

214 1540 217 1617 Ι

214 1622 220 1709 l

999 708 1074 795 Nr.
1106 703 1208 795 346.

431 906 592 990 hamis}
619 906 698 988 dux
723 905 873 989 Palania
905 904 1058 989 Maioris
1091 907 1224 987 1258
1255 903 1336 1006 (sic)
1368 901 1471 985 Febr.
1504 905 1553 997 2,
1587 900 1631 982 in
1662 899 1878 1004 Pobedisaa3

336 1027 439 1101 rmdit
467 1024 665 1094 advocatiam
686 1025 720 1091 in
746 1023 862 1109 oppido
891 1024 1098 1093 Pobiedziska
1122 1024 1276 1107 iohanni,
1301 1041 1434 1108 amque
1459 1019 1686 1106 multiplicibus
1711 1020 1884 1105 privilegiis

336 1136 596 1309 numi-mm,
619 1232 792 1297 Bibliotelccc
837 1233 959 1311 qucatr
978 1229 1150 1297 renizordu
1171 1233 1210 1294 do
1236 1230 1531 1310 meromontem
1553 1229 1597 1292 88
1618 1247 1642 1291 o.

436 1417 475 1487 ia
504 1417 632 1486 nomiae
653 1416 783 1486 Domini
811 1436 914 1486 amen
957 1419 1111 1487 Momeati
1140 1422 1315 1500 temporam
1339 1414 1436 1499 longa
1461 1435 1533 1483 cam
1558 1413 1714 1482 &mucia
1740 1412 1883 1480 dilabaat

344 1545 378 1596 ca
395 1541 457 1609 qua
478 1521 513 1590 ia
534 1521 597 1589 biis
617 1527 756 1606 agnatm
775 1526 809 1589 et
830 1505 937 1607 sepius
957 1523 1089 1590 veniunt
1110 1520 1145 1587 in
1165 1518 1362 1600 oblivionem,
1392 1519 1453 1584 nisi
1474 1524 1627 1585 annomta
1647 1516 1766 1584 luerint
1785 1517 1883 1600 apici·
1907 1548 1909 1553 Α

341 1628 392 1697 bus
412 1625 578 1692 literarum
599 1630 634 1692 ct
653 1625 784 1692 testium
804 1623 1048 1710 samafipcioae.
1092 1623 1246 1691 Noverint
1272 1621 1371 1706 igitur
1399 1627 1465 1688 mm
1486 1628 1649 1705 presentes
1669 1640 1764 1706 quana
1784 1619 1885 1688 lutari

214 1771 216 1805 ;
342 1746 461 1817 presars
482 1728 636 1812 scriptam
658 1726 829 1808 intuentes,
849 1727 935 1811 quod
956 1746 1014 1795 nos
1036 1727 1168 1795 muris}
1190 1724 1249 1793 Dei
1268 1723 1377 1810 gracia
1399 1722 1464 1790 dux
1485 1723 1614 1791 Poloaie
1629 1723 1760 1791 Maioris
1774 1730 1884 1790 notum

214 1840 220 1929 l

343 1850 403 1901 ease
419 1829 553 1898 acirim
575 1835 753 1914 presentem
780 1831 928 1914 paginam
955 1829 1154 1914 inspecturis,
1183 1826 1266 1911 qaod
1286 1826 1327 1893 de
1346 1843 1499 1894 consensu
1530 1828 1684 1894 baronum
1705 1831 1885 1894 nostrorum

214 1938 219 2015 ξ
343 1936 369 2002 in
388 1932 516 2001 civitate
535 1939 646 1999 nostra
665 1949 729 2016 que
746 1932 920 2016 vulgariter
939 1931 1112 1999 Pobedisca
1129 1936 1329 2016 nuncapatur
1348 1929 1549 1998 advocaciam
1563 1931 1597 1996 in
1611 1935 1798 2014 perpetuum
1812 1948 1886 1996 seu·

215 2040 219 2117 ξ
344 2036 471 2104 didimus
492 2054 552 2120 pro
573 2040 712 2119 quatuor
733 2035 834 2102 centis
855 2052 1034 2102 marcarum
1055 2034 1180 2118 argenti
1200 2031 1320 2100 usnabs
1341 2032 1483 2115 Iohanni,
1507 2051 1603 2116 quam
1627 2031 1741 2098 Petrus
1771 2031 1886 2096 sorori·

216 2137 219 2141 ’
343 2156 394 2206 aas
411 2137 514 2222 ipsias
534 2137 694 2222 qnondam
715 2136 886 2205 advocatas
907 2136 942 2203 in
963 2135 1027 2204 iam
1041 2135 1128 2204 dicta
1141 2137 1269 2204 civitate
1287 2135 1478 2221 possidebat,
1498 2154 1594 2220 quam
1615 2135 1816 2204 advocaciam
1838 2135 1885 2200 vi·

345 2240 451 2309 delicat
471 2258 554 2308 naor
574 2240 663 2308 Petn’
682 2240 761 2308 dicti
782 2246 816 2308 et
836 2257 945 2307 omnes
971 2239 1039 2306 eins
1068 2239 1163 2307 amici
1188 2244 1417 2323 postmortem
1443 2238 1544 2322 ipsius
1567 2239 1600 2304 ia
1627 2256 1740 2305 manas
1761 2244 1889 2304 nosnas

216 2340 221 2443 J
344 2343 545 2429 morunt.
590 2342 657 2412 Nos
677 2362 752 2412 vero
773 2343 860 2411 dicte
881 2342 1015 2410 Iohanni
1035 2349 1070 2410 at
1090 2361 1147 2411 sua
1167 2342 1347 2428 posteritati
1373 2361 1498 2410 omnem
1526 2341 1706 2410 libertatem
1727 2348 1762 2408 et
1782 2341 1832 2406 ius
1855 2341 1887 2406 in

217 2486 222 2525 :
345 2464 377 2514 ca
391 2446 462 2532 ipsa
481 2446 660 2530 advocatia,
682 2446 742 2516 boc
762 2453 813 2516 ast
834 2453 901 2514 tam
921 2465 942 2515 a
962 2445 1044 2514 bello
1067 2465 1163 2531 quam
1183 2447 1224 2514 ab
1244 2447 1330 2514 omni
1350 2444 1482 2514 servicio
1504 2451 1538 2513 et
1560 2445 1600 2513 ab
1623 2443 1769 2512 omnibus
1783 2444 1887 2510 dacio·

344 2548 436 2632 libna,
463 2549 639 2635 vulgariter
661 2550 703 2618 od
727 2568 873 2631 aaosaom
901 2555 935 2617 et
961 2542 1152 2634 generaliter
1174 2549 1215 2617 ab
1239 2549 1383 2619 omnibus
1412 2548 1625 2618 solucioaibus
1656 2546 1888 2615 intercedentes

218 2686 223 2729 r
344 2650 418 2738 (sic),
440 2652 617 2738 vulgariter
636 2653 678 2721 od
699 2652 888 2739 porembov,
911 2657 945 2718 et
964 2651 1037 2719 aliis
1059 2653 1203 2719 omnibus
1224 2652 1456 2737 impedimentis
1478 2657 1512 2719 et
1532 2651 1684 2736 impedire
1710 2649 1888 2718 valentibus

219 2758 223 2835 f
345 2753 589 2840 a‘promisimas
610 2773 805 2824 causamme
848 2754 1066 2840 adiungentes
1088 2755 1148 2823 sibi
1170 2761 1306 2840 quatuor
1325 2773 1453 2824 mansos
1473 2755 1733 2840 messiones,
1756 2753 1796 2820 de
1818 2753 1889 2837 qui-

221 2903 225 2943 ,
345 2853 394 2924 bm
413 2856 516 2925 incola
534 2857 596 2926 sibi
614 2857 732 2926 debent
753 2874 905 2926 oeasnare
925 2875 1021 2942 snper
1046 2856 1210 2942 quodlibet
1235 2856 1351 2927 mium
1376 2858 1479 2926 sancti
1507 2855 1640 2924 Martini
1664 2854 1794 2940 gloriosi
1816 2875 1890 2924 coa·
1924 2919 1928 2926 .
1969 2861 1971 2864 ’

222 2975 228 3051 ;
345 2955 463 3026 Μία
483 2957 639 3028 fertonem
659 2961 783 3046 agenti
804 2960 925 3028 usualis
942 2959 1022 3028 bena
1043 2960 1218 3044 ponderati,
1242 2966 1276 3029 et
1293 2967 1432 3046 quatuor
1452 2977 1618 3028 mensuras
1639 2958 1784 3042 siliginis,
1813 2977 1891 3046 qna·

346 3062 410 3128 broc
430 3061 533 3130 tritici
554 3067 589 3130 et
609 3069 747 3148 quatuor
767 3081 865 3131 avene
885 3061 1041 3147 superflua
1071 3069 1264 3146 mensurate3
1290 3069 1325 3132 et
1350 3063 1430 3131 alios
1452 3068 1517 3130 tres
1541 3063 1575 3129 in
1600 3061 1752 3130 allodium
1778 3063 1890 3146 ipsius,

225 3166 230 3187 '
347 3161 517 3247 qdmaaai
538 3170 604 3234 tras
625 3165 731 3234 iaaent
753 3171 829 3251 post
854 3183 962 3233 aream
980 3165 1091 3250 ipsias,
1116 3165 1176 3233 boc
1205 3170 1255 3233 est
1278 3183 1375 3250 penes
1400 3166 1483 3233 viam
1509 3165 1696 3233 Kotlovvska
1724 3164 1892 3250 usquead

347 3264 423 3334 dam
440 3265 655 3354 Kostrynslra,
675 3275 743 3336 tam
763 3268 828 3337 late
848 3274 883 3336 et
902 3268 995 3352 longe
1013 3286 1113 3353 usque
1134 3268 1176 3337 ad
1194 3267 1363 3351 graniciem
1383 3267 1548 3336 Pmndno:
1571 3273 1605 3335 et
1626 3268 1686 3336 hoc
1705 3286 1777 3336 cnm
1791 3269 1893 3335 omni·

228 3362 232 3417 ἶ
346 3365 396 3436 bm
405 3369 598 3453 affluentiis
613 3370 745 3454 rubetis,
758 3371 926 3456 quercetis,
942 3370 1040 3453 silvia,
1055 3371 1167 3452 barris,
1181 3371 1270 3455 gaiis,
1285 3376 1320 3439 et
1333 3389 1405 3439 cum
1419 3371 1511 3438 baso
1522 3371 1595 3455 (sic)
1606 3372 1662 3455 qui
1675 3371 1793 3438 ibidem
1808 3371 1891 3440 iacet

229 3488 233 3499 “
347 3486 435 3554 tm
458 3473 615 3557 munides
646 3472 794 3542 Ptaadno
819 3473 854 3541 in
882 3472 946 3540 lina
966 3473 1136 3542 eorundem
1158 3492 1334 3557 mansuum,
1363 3473 1420 3558 qai
1441 3480 1595 3541 vocantur
1615 3473 1837 3555 Prandzonek3
1851 3479 1894 3541 et

347 3579 491 3656 qmrtum
507 3593 654 3643 mansum
674 3575 731 3660 qui
748 3576 831 3644 iacet
852 3574 938 3643 inter
965 3593 1090 3642 mansos
1113 3575 1237 3657 civium,
1265 3574 1322 3659 qai
1343 3576 1447 3643 mansi
1468 3596 1489 3643 a
1509 3576 1668 3644 diuturnis
1697 3575 1893 3661 temporibus

347 3682 414 3744 sua
433 3675 527 3745 liberi
547 3696 568 3746 a
589 3676 718 3746 decimis
736 3682 771 3745 et
790 3677 862 3744 aliis
884 3679 1028 3748 omnibus
1050 3677 1276 3747 solucionibas:
1298 3679 1396 3746 ctiam
1417 3698 1476 3747 nos
1494 3699 1548 3748 eos
1569 3680 1603 3746 in
1617 3685 1805 3765 perpetuum
1820 3698 1895 3747 ven-

231 3848 234 3861 ,
347 3774 476 3847 didimus
496 3779 623 3848 liberos.
668 3779 879 3866 adiungimus
900 3781 1000 3848 eciam
1021 3781 1083 3848 sibi
1104 3779 1280 3849 omnimode
1306 3787 1340 3850 et
1368 3781 1507 3849 dominio
1535 3789 1644 3850 nosen
1673 3784 1894 3851 confirmamus

230 3886 235 3995 J
347 3886 448 3950 antro
467 3882 623 3951 advocato
643 3881 777 3951 lobauni
798 3889 832 3951 et
852 3882 920 3950 suis
939 3883 1087 3967 posteris,
1109 3881 1194 3968 qnod
1207 3901 1307 3951 omne
1328 3883 1479 3952 iudicium
1498 3884 1532 3950 in
1552 3885 1682 3954 civitate
1712 3885 1894 3968 Pobedisoa,

230 4000 234 4087 ᾗ
349 3985 554 4071 animmque
577 4004 668 4054 casas
686 4004 721 4054 ae
739 3985 903 4068 obtulerit,
925 3986 990 4054 tale
1011 3986 1162 4054 audacter
1183 3986 1217 4053 ia
1237 3987 1331 4055 domo
1352 4004 1410 4054 sao
1432 4005 1504 4055 cum
1526 3988 1592 4055 sais
1612 3987 1749 4057 scabinis
1771 3990 1812 4056 ab
1826 3990 1895 4072 ipso
2008 4039 2011 4043 .

231 4092 235 4141 i
349 4084 459 4172 thalia
482 4106 564 4173 quos
586 4106 712 4173 semper
733 4088 849 4174 eligere
870 4089 966 4157 debet
979 4089 1150 4157 secundum
1163 4089 1316 4176 placitum
1330 4091 1440 4175 ipsius,
1462 4091 1608 4159 videlicet
1621 4093 1793 4161 secundum
1811 4093 1897 4179 quod

231 4150 236 4259 i

349 4189 482 4270 audibat
501 4208 601 4259 caasa
621 4189 671 4258 vel
693 4208 788 4258 cause
806 4190 975 4259 cuiuslibet
995 4191 1141 4260 maleficii
1163 4192 1269 4276 exigit,
1292 4193 1390 4260 talem
1411 4213 1525 4278 penam
1547 4193 1664 4262 inierat
1677 4202 1788 4264 nostra
1806 4196 1895 4263 innc-

231 4298 237 4371 ’ς
351 4291 395 4357 tas
412 4293 616 4362 anctoritate.
659 4291 763 4360 Qus
784 4312 859 4360 vcro
882 4294 937 4377 qui
959 4294 1082 4377 possint
1103 4294 1136 4360 in
1159 4293 1341 4379 supradicta
1359 4295 1487 4364 civitate
1509 4299 1644 4380 evenire,
1667 4299 1749 4366 sicut
1763 4307 1813 4365 est
1831 4299 1897 4366 lar-

232 4446 239 4593 l

238 4718 247 4855 l

232 4384 237 4435 ⁵
352 4392 419 4476 itm,
445 4393 661 4477 homicidium,
691 4395 901 4479 sacrilegiam,
927 4396 1115 4478 incendium,
1148 4396 1326 4465 vulneratio
1356 4397 1464 4483 gladii,
1499 4399 1619 4467 cultelli
1645 4405 1679 4466 ct
1705 4400 1896 4482 baculorum,

353 4495 542 4579 apamiam
563 4495 736 4565 advocatus
755 4517 828 4565 cam
847 4499 913 4565 suis
933 4499 1069 4583 posteris
1090 4499 1247 4566 maleficos
1268 4500 1349 4568 tales
1379 4500 1593 4586 deprehendat
1623 4508 1657 4569 at
1687 4503 1806 4570 iudicet
1826 4520 1898 4570 cum
1937 4493 1941 4502 ’

356 4595 411 4663 tals
428 4597 566 4667 scabinis
587 4599 667 4666 nulli
687 4600 837 4667 iudicium
859 4600 1036 4682 deferendo,
1059 4601 1115 4668 sed
1137 4601 1204 4686 ipse
1225 4601 1375 4670 audacter
1396 4604 1567 4672 mcuudmn
1589 4605 1675 4688 quod
1696 4606 1757 4672 sibi
1779 4604 1897 4671 videbi·

359 4697 403 4762 bar
421 4705 454 4768 at
472 4702 540 4768 auis
560 4702 707 4786 ambiam,
730 4722 845 4788 penam
866 4705 1009 4788 imponat
1026 4703 1067 4771 de
1087 4704 1229 4790 quolibet
1249 4723 1325 4774 casu
1346 4714 1443 4792 prout
1473 4706 1534 4773 sibi
1560 4707 1719 4775 videbitur
1741 4707 1897 4791 expedire.

363 4791 403 4864 be
419 4799 487 4868 istis
507 4803 628 4874 iudiciis
646 4811 681 4873 ct
699 4805 773 4873 aliis
795 4807 1044 4890 quibuscunque,
1074 4804 1164 4874 nobis
1195 4805 1308 4876 celant
1332 4808 1395 4877 duo
1425 4809 1547 4876 denarii
1575 4815 1608 4876 ct
1629 4809 1783 4877 advocato
1803 4828 1900 4892 snpra

242 4878 250 4985 ’ζ
368 4901 510 4972 ammata
530 4912 564 4973 et
584 4908 649 4975 sais
671 4909 807 4993 posteris
827 4908 945 4976 tercias
966 4909 1114 4976 denarius
1137 4907 1237 4991 cedat,
1257 4910 1304 4980 sic
1325 4917 1363 4978 ut
1387 4917 1437 4979 est
1465 4912 1515 4979 ias
1541 4913 1771 4982 'l'hcuteaicum
1797 4919 1899 4979 statu·

246 4996 253 5067 ¹.
359 5001 677 5179 ῗωὲῗιιίιὲῗιίωῒ
688 5008 766 5180 ἒξ
781 5029 880 5181 annau
901 5030 1026 5130 omnam
1041 5010 1519 5183 lslsoluciotncrlrlrdiimurarncatarum,
1541 5016 1845 5184 ⁸¹⁵i⁸⁹r²1⁸lff²¹¹⁸²¹¹i
1866 5021 1901 5085 ct

382 5214 478 5274 aa
500 5129 674 5300 ,raris
702 5217 736 5283 a
764 5132 1171 5288 milliarii
1192 5133 1443 5304 lttllll
1462 5125 1669 5289 {tillir
1689 5136 1901 5289 ,liiii

256 5338 262 5409 3
385 5303 488 5376 'fidum
504 5315 579 5397 quoi
603 5317 775 5405 vulgariter
799 5320 976 5405 podvorovc
1004 5329 1213 5407 nuncapatur,
1237 5328 1270 5390 ot
1296 5323 1430 5392 badum
1456 5322 1621 5392 decanam
1650 5323 1729 5390 iuris
1752 5325 1901 5411 deitatis,

252 5166 261 5317 l

214 5410 218 5418 ’
253 5462 261 5567 l
