4860 6180
442 170 518 251 ssd

438 373 572 457 thohou,
592 392 655 460 que
674 376 771 445 edum
791 376 969 464 Paralysus
989 379 1118 463 dieitur,
1143 399 1182 448 ae
1203 379 1355 450 frutnbus
1376 379 1455 448 inibi
1483 378 1743 448 conressantibus
1764 377 1990 466 cysterciensis
2103 378 2110 441 i

438 475 568 545 Onlinis
589 479 724 547 eontdb
744 480 952 550 beabatenu
981 502 1043 568 que
1069 483 1204 551 Sroeeuo
1231 483 1405 568 vulgariter
1424 489 1637 566 nuncapatur,
1663 486 1737 567 post
1756 482 1878 550 obitum
1899 501 1991 556 suum
2105 472 2109 534 ἶ

439 596 513 647 cum
533 578 665 648 lembus
685 583 985 668 compertinentibus
1007 593 1041 653 et
1062 586 1175 654 ceteris
1201 586 1347 654 omnibus
1368 586 1547 653 attinentiis
1572 586 1642 652 iure
1662 584 1854 654 hereditoria
1874 585 1993 671 absum

438 680 506 749 ulla
519 685 747 752 retractacione
761 686 997 770 presidentium,
1020 690 1067 755 ite
1086 695 1203 772 tanea,
1225 695 1263 755 ut
1283 690 1311 755 si
1333 696 1406 774 post
1426 688 1548 755 obitum
1562 687 1631 753 eius
1649 706 1730 754 uxor
1746 687 1845 772 ipsius
1859 686 1993 760 voluerit
2107 712 2110 740 1

439 783 474 850 in
494 784 649 855 viduimte
669 805 728 854 sue
745 805 928 870 mmuooue
957 809 1016 857 nee
1041 811 1076 858 se
1104 791 1185 858 alios
1216 792 1424 872 antetulerit,
1452 792 1487 857 ia
1508 791 1580 874 ipsa
1600 788 1777 857 lereditete
1798 791 1993 874 permanebit
2107 824 2111 847 =

439 904 541 973 usquo
560 890 602 957 nd
624 890 707 957 diem
727 890 840 955 mortis
867 907 934 972 sue,
965 893 1109 961 omnibus
1138 879 1332 960 utilitatibus
1360 894 1502 977 predicte
1527 891 1713 959 hamilitatis
1732 892 1873 961 buendo.
1916 893 1994 964 Post
2106 883 2112 945 ἶ

439 992 529 1059 cuius
549 992 769 1076 migrationem
790 1010 829 1058 ex
851 991 910 1060 bac
929 994 1006 1077 vitu,
1025 998 1132 1081 sepius
1153 999 1317 1064 nomhmta
1337 995 1497 1062 berelae
1517 993 1699 1078 supradicte
1719 994 1825 1061 domui
1839 995 1908 1062 iure
1922 1015 1993 1080 per·
2108 988 2111 995 ’

438 1099 536 1178 petuo
557 1094 662 1176 cedet,
691 1094 778 1161 nullo
805 1113 955 1179 umquam
982 1099 1131 1167 obstante
1160 1100 1211 1167 vel
1237 1098 1481 1167 contradicente
1523 1095 1572 1163 Ut
1590 1096 1689 1179 igitur
1708 1095 1768 1163 hec
1787 1104 1899 1164 nostru
1919 1115 1993 1165 eon·

437 1194 579 1289 lirmrcio
599 1214 639 1264 ae
658 1195 792 1281 predicti
818 1197 943 1265 comitis
970 1199 1100 1268 donatio
1127 1207 1200 1268 rata
1220 1207 1254 1269 et
1274 1198 1457 1268 inconvulsa
1476 1202 1605 1265 maest
1626 1196 1838 1281 perhenniter,
1858 1216 1987 1283 prasen-

439 1302 504 1366 tem
525 1298 674 1383 pagium
695 1298 790 1382 sigilli
811 1301 912 1367 nostri
934 1305 1140 1386 appensione,
1162 1323 1201 1372 ae
1221 1303 1375 1371 munaum
1396 1306 1577 1368 nechoram
1599 1299 1655 1382 qui
1672 1298 1882 1367 mteriuerunt
1903 1302 1993 1368 testi·

437 1400 545 1468 monio
565 1401 696 1485 dignm
714 1402 860 1468 duximus
880 1403 1108 1488 roborandam
1129 1424 1263 1490 quorum
1278 1405 1336 1472 hee
1350 1409 1426 1471 sunt
1445 1402 1590 1469 nomina:
1613 1401 1803 1486 Proelpelcus
1824 1401 1992 1487 pdatinus,

436 1501 694 1572 llarkemboldus
711 1505 881 1590 motinus,
896 1507 1056 1575 Martiam
1070 1510 1263 1577 eastebauus
1277 1508 1317 1574 de
1331 1505 1496 1587 liaritees,
1511 1503 1706 1572 Venosslaus
1720 1504 1804 1572 tilius
1818 1504 1992 1588 bureatii,

437 1611 472 1674 et
492 1607 550 1676 alii
569 1627 666 1693 quam
690 1608 798 1694 plures
822 1609 925 1677 incliti
945 1611 1086 1681 Polonie.
1130 1614 1214 1681 Aeta
1238 1611 1296 1678 bec
1312 1615 1394 1677 sunt
1417 1609 1452 1675 ia
1478 1607 1608 1674 Pomm
1628 1606 1775 1691 sequenti
1795 1606 1847 1674 die
1866 1612 1995 1691 aposto·

436 1706 830 1794 lorumPetrietPauli,
855 1730 940 1782 anuo
967 1721 1076 1784 auem
1099 1715 1202 1800 gratie
1226 1713 1394 1781 millesimo
1419 1710 1634 1780 dueentesimo
1662 1708 1856 1795 semgesimo
1881 1711 1994 1796 primo,

539 2017 1723 2109 mmeramme-emittam&

1111 2321 1187 2409 Ns.
1218 2315 1319 2408 392

435 2578 437 2583 .
540 2509 737 2598 nouenos
772 2513 850 2599 aux
882 2512 1033 2599 nouom
1066 2515 1219 2600 uasa
1245 2520 1373 2600 1261
1402 2514 1505 2614 so,
1539 2512 1584 2596 u
1610 2511 1787 2616 osma
1832 2529 1997 2600 essm
2112 2478 2118 2489 ’

438 2631 641 2703 sedationem
661 2634 866 2704 haereditatis
886 2635 1079 2719 Kumiom
1099 2638 1292 2706 monasterio
1313 2635 1456 2720 Paradpt
1477 2654 1499 2704 a
1519 2633 1677 2702 militibus
1700 2633 1865 2719 Ninogneo
1885 2639 1921 2701 et
1937 2632 1996 2701 Vi·
2113 2686 2119 2741 2

435 2733 515 2821 siae,
539 2735 615 2805 illis
636 2737 794 2824 quondum
812 2738 984 2821 &ciborii
1005 2737 1132 2806 mum

543 2843 683 2923 seara
716 2843 890 2909 nasae
923 2843 1070 2909 eareat
1104 2843 1168 2909 aso.
1190 2846 1295 2924 piar.
1316 2843 1371 2907 nr,
1392 2843 1445 2906 er.

539 3043 580 3113 in
598 3046 726 3115 aomina
747 3052 856 3116 caete
876 3051 911 3115 et
931 3047 1091 3117 individae
1112 3047 1279 3116 Trinitatis
1299 3064 1402 3114 amen
1446 3043 1602 3125 Quoniam
1624 3049 1698 3112 aeta
1714 3043 1897 3113 mortulam
1915 3061 1994 3130 sepe

435 3143 594 3216 ebllvioae
614 3147 819 3217 obfuscantur
838 3149 901 3216 uisi
921 3150 1049 3235 scriptis
1069 3151 1240 3219 autemieis
1262 3155 1296 3218 et
1316 3149 1403 3217 lideli
1424 3148 1605 3216 tetimonio
1632 3146 1853 3231 insignientur,
1881 3165 1994 3232 eapro-

434 3254 508 3335 pter
529 3267 588 3318 aos
602 3248 768 3320 Bolesbus
781 3250 842 3319 Dei
855 3252 963 3336 praem
984 3252 1049 3319 dux
1069 3252 1199 3321 Paionie
1219 3251 1352 3321 Maioris
1373 3257 1484 3318 notum
1506 3248 1734 3317 essevolumus
1755 3255 1823 3317 tum
1840 3250 1996 3334 presemi

435 3348 496 3420 bus
517 3370 615 3438 wem
634 3352 750 3421 futuris
771 3360 948 3439 presentem
976 3355 1124 3439 paginam
1153 3354 1402 3439 inspicientibus,
1431 3352 1517 3437 quod
1542 3352 1661 3420 milites
1684 3352 1786 3420 ratri
1814 3350 1997 3436 Nmogneus

435 3457 471 3522 et
488 3453 621 3524 Vislaus
642 3455 701 3523 lilii
721 3455 880 3540 quondam
900 3455 1072 3539 &abonii
1092 3458 1249 3524 communi
1270 3462 1396 3525 uoente
1418 3455 1559 3537 oonsilio,
1582 3454 1713 3540 propria
1733 3472 1773 3523 ec
1789 3454 1874 3523 bona
1886 3453 1998 3523 volun·

433 3557 1040 3626 tatesuaobremediumanimurum
1069 3577 1200 3626 suarum
1228 3556 1997 3644 aepostemmmsuommlieoetbeatebla·

434 3657 483 3726 rie
503 3659 619 3744 rupim
637 3660 672 3726 in
692 3658 865 3728 Gostiohau
893 3678 956 3745 que
985 3667 1019 3728 et
1043 3659 1213 3728 Paradisus
1242 3661 1360 3730 dieitur
1384 3680 1423 3729 ae
1450 3659 1604 3729 iratribus
1632 3659 1712 3727 inibi
1739 3659 1996 3728 munerantibus

434 3758 657 3831 Oberdensis
686 3761 813 3831 Ordinis
838 3764 1041 3832 consulerunt
1069 3764 1365 3850 hereditatemque
1389 3764 1564 3848 summer
1593 3761 1754 3831 Camonoa
1784 3770 1994 3848 nunmpatur,

434 3881 508 3933 aum
528 3865 676 3933 omuibus
698 3867 877 3935 ethaeatiis
899 3867 966 3934 suis
988 3868 1058 3935 iure
1084 3867 1276 3935 hereditario
1297 3873 1332 3935 et
1351 3866 1473 3952 ubsque
1493 3865 1562 3934 uile
1586 3865 1816 3934 mammaeae
1836 3865 1997 3950 possiden·

435 3963 520 4051 dem,
542 3985 605 4051 que
626 3969 692 4036 site
712 3975 762 4037 est
783 3970 816 4036 ia
838 3969 986 4038 districtu
1009 3967 1148 4036 Cumoae
1170 3975 1204 4036 et
1225 3968 1350 4037 adiacet
1365 3969 1508 4036 terminis
1523 3968 1611 4053 spire
1625 3967 1838 4052 predictorum
1850 3965 1996 4050 lrutnrm,

434 4086 531 4155 quam
552 4069 691 4139 abnue
711 4079 821 4140 nostm
846 4074 898 4157 pie
926 4073 1077 4141 armenie
1103 4072 1183 4140 duce
1212 4072 1366 4140 Premislo
1395 4073 1430 4139 in
1452 4071 1668 4141 concambium
1689 4075 1906 4154 susceperunt
1950 4069 1999 4138 Ut

434 4171 535 4258 igitur
555 4172 615 4242 hee
635 4180 747 4242 nostru
767 4175 966 4244 confirmacio
995 4195 1034 4244 ae
1059 4173 1271 4259 predictorum
1299 4174 1438 4242 militum
1466 4174 1569 4242 tidelis
1587 4174 1720 4242 donacio
1741 4179 1815 4240 rata
1835 4178 1869 4240 et
1890 4171 1998 4241 incoa-

435 4273 528 4343 vulsa
548 4282 678 4344 maneat
698 4284 861 4362 perpetuo,
884 4278 971 4344 nullo
994 4296 1133 4361 unquam
1151 4276 1300 4344 obstante
1317 4276 1367 4344 vel
1390 4277 1635 4358 mehadioente,
1657 4281 1836 4359 presentem
1850 4275 1997 4358 paginam

433 4377 532 4462 sigilli
552 4380 656 4447 nostri
678 4382 850 4450 munimine
871 4381 1002 4464 dignum
1023 4381 1170 4447 duximus
1188 4379 1403 4462 muniendam,
1435 4377 1637 4463 presentibus
1663 4377 1884 4446 nichilominus
1904 4376 1998 4445 huro-

435 4478 530 4547 nibus
551 4483 670 4548 nostris
701 4502 835 4567 quorum
863 4483 922 4551 hee
947 4486 1023 4550 sunt
1051 4482 1193 4548 nomina:
1223 4480 1413 4565 Prelpeleus
1434 4481 1596 4565 palatinus
1616 4486 1736 4561 costen
1757 4479 1923 4548 lieniumn
1944 4498 1996 4548 ea-

436 4581 591 4649 stellanus
612 4583 653 4649 de
674 4584 825 4653 Premant
846 4604 919 4653 oum
940 4582 1041 4650 tratre
1062 4600 1120 4650 suo
1143 4582 1358 4666 Wenceslavo,
1389 4583 1579 4652 Vincentius
1601 4582 1686 4650 lilius
1707 4580 1853 4666 Nemore,
1873 4581 1997 4652 Dabro-

433 4686 557 4770 portius
578 4685 664 4755 lilius
686 4688 857 4773 vincentii,
876 4687 1018 4756 Matthia
1040 4687 1165 4755 naaria
1186 4694 1305 4754 nosho.
1325 4689 1409 4755 Acte
1428 4692 1504 4754 sunt
1524 4686 1582 4754 hee
1604 4686 1638 4752 in
1659 4685 1801 4754 Oreaseo
1822 4703 1906 4754 anno
1924 4705 1997 4771 gra·

433 4787 483 4857 oie
503 4789 673 4858 millesimo
693 4790 909 4860 ducentesimo
931 4790 1128 4874 semaesimo
1150 4789 1261 4874 prima
1283 4788 1463 4858 Indiecione
1485 4787 1559 4856 ml

539 4992 722 5077 Paradisus,
752 5001 902 5080 Paradpt
941 4996 1115 5078 Camonoa,
1144 5001 1222 5078 ezod
1251 4998 1456 5072 Zaalouloao,
1482 4994 1610 5077 aiepdfi
1638 4997 1734 5060 arada
1752 4996 1820 5075 ped
1844 4998 1916 5083 uelo
1936 4995 1999 5060 Ka·

430 5099 563 5180 monac,
583 5099 651 5164 dzii
672 5102 790 5168 mitta
821 5099 971 5185 Carnona,
992 5100 1180 5166 Kaaiama
1213 5098 1375 5182 Premant,
1398 5104 1547 5186 laram.
1565 5096 1719 5183 Orcasco,
1748 5096 1895 5166 adda
