4860 6180
436 242 509 320 808
598 322 604 332 ,

433 444 513 516 alius
533 442 642 532 meslre
662 464 768 531 pravo.
810 445 1020 535 adiungimus
1048 447 1148 518 eciam
1177 447 1237 518 sibi
1265 449 1392 519 domum
1418 449 1452 518 in
1480 447 1610 518 civitate
1638 466 1735 534 penes
1757 447 1896 534 pateam
1920 466 1982 533 que

432 553 564 617 vocatu
584 547 756 619 Tbkocaka
778 550 885 621 ulicau
931 552 1139 637 adiungimus
1160 551 1260 620 eciam
1282 552 1343 621 sibi
1366 552 1577 623 molendinum
1601 552 1634 618 in
1653 549 1748 620 fluvio
1776 551 1909 632 (ilos-nc,
1938 552 1986 617 in·
2091 638 2092 642 Ἴ

433 649 531 720 brius
551 654 653 721 nostri
674 653 855 737 molendini,
877 662 911 724 et
933 675 1004 724 cum
1027 656 1126 741 ipsius
1140 661 1263 739 stagno,
1285 663 1319 722 et
1334 657 1541 741 quodcunque
1554 661 1661 742 potest
1675 654 1776 722 maius
1791 659 1985 735 construere,
2040 701 2043 708 -

433 759 611 838 construat,
634 761 668 824 et
689 776 760 825 cum
780 756 903 826 duobus
923 758 1024 826 bortis
1047 776 1143 842 penes
1165 757 1378 828 molendinum
1399 760 1574 828 iacentibus
1596 757 1725 843 pacilice
1746 757 1900 841 etquiete
1913 775 1986 841 pos·

433 855 546 925 uideat
592 859 799 943 ddiuugimus
820 861 919 931 eciam
941 861 1001 927 sibi
1024 869 1161 945 quatuor
1182 863 1315 930 macella
1336 864 1527 939 camiiicum,
1549 863 1589 930 de
1611 861 1725 946 quibus
1745 860 1807 928 sibi
1834 878 1986 928 censuure

433 959 551 1031 debent
571 961 605 1030 in
626 962 767 1046 quolibet
788 961 869 1031 festo
888 965 988 1031 sancti
1010 965 1143 1033 Martini
1166 986 1223 1050 per
1242 965 1382 1050 quinque
1401 966 1520 1050 lapidos
1541 983 1652 1050 sepum
1673 964 1713 1032 de
1728 963 1880 1049 quolibet.
1910 962 1986 1029 Pre-

433 1069 530 1148 terea,
552 1066 658 1133 omnia
676 1083 795 1149 pascua
815 1083 876 1148 que
898 1064 939 1133 ad
960 1085 1018 1134 nos
1039 1073 1073 1136 et
1094 1075 1234 1136 nostram
1253 1068 1501 1137 dominacionem
1520 1069 1681 1153 pertinent
1695 1068 1780 1136 eirea
1793 1065 1986 1151 sepedictam

433 1166 604 1250 deitatem,
627 1185 698 1234 cum
720 1172 869 1249 querceto
891 1166 932 1233 ad
951 1171 1163 1252 pascuendum
1191 1172 1341 1256 scrophas
1362 1177 1396 1239 et
1416 1189 1530 1255 pecora
1558 1169 1681 1255 prefate
1699 1169 1890 1237 contulimus
1911 1167 1986 1236 civi·

434 1268 505 1337 tati.
549 1266 589 1335 ln
609 1268 699 1336 cuius
721 1268 768 1336 rei
787 1268 1003 1338 testimonium
1026 1278 1061 1339 et
1078 1272 1271 1356 firmitatem,
1294 1291 1423 1358 presens
1443 1274 1596 1356 scriptum
1621 1270 1751 1339 lecimus
1769 1270 1866 1356 sigilli
1884 1272 1986 1337 nostri

432 1369 604 1438 munimine
626 1370 778 1439 roborari.
822 1369 940 1438 Datum
962 1373 997 1440 in
1019 1373 1192 1444 Pobedisca
1217 1376 1251 1442 in
1282 1374 1334 1442 die
1360 1373 1592 1443 Purificationis
1618 1373 1719 1441 biario
1747 1392 1830 1441 anno
1857 1373 1985 1440 Domini

431 1470 651 1540 ntccnvm
673 1474 755 1559 (sic),
776 1474 976 1558 presentibus
994 1475 1229 1546 honorabilibus
1251 1479 1339 1546 viris:
1362 1478 1488 1545 domino
1514 1476 1619 1558 Petro,
1646 1475 1813 1560 liartungo
1831 1476 1900 1544 viro
1921 1475 1986 1542 dis·

432 1578 520 1644 creto
541 1581 576 1642 et
601 1575 748 1661 religioso
775 1574 911 1644 fratrum
940 1577 1187 1665 Predicatorum,
1219 1581 1334 1650 comite
1361 1580 1503 1661 olberto,
1539 1580 1654 1647 comite
1679 1578 1837 1664 Bogutba,
1870 1578 1986 1646 comite

431 1677 561 1747 Andros
582 1678 754 1748 castellano
777 1679 818 1747 de
844 1679 1028 1764 wilebnen‚
1059 1683 1173 1751 comite
1200 1683 1330 1752 Andrea
1358 1682 1585 1752 succamerario
1610 1681 1696 1749 curie
1717 1687 1835 1765 nosue,
1859 1685 1894 1748 et
1913 1680 1986 1747 aliis

432 1781 693 1868 quamplurimis
715 1782 870 1851 militibus
892 1790 927 1851 et
947 1784 1119 1870 capellanis
1140 1787 1202 1855 lide
1223 1787 1336 1874 dignis.
1493 1813 1496 1821 ·

534 2003 717 2089 Pobedisca,
741 2009 945 2072 Podiedziada
988 2004 1053 2074 va
1065 2006 1260 2091 Kotlowska,
1277 2014 1316 2076 de
1334 2011 1529 2076 Kociaidoua
1555 2010 1664 2074 Gaia
1694 2006 1757 2075 Via
1770 2006 1984 2092 Kostrynska,

318 2215 322 2224 ι
433 2111 473 2174 de
492 2111 655 2194 Koatrzpa.
698 2109 856 2188 emeno,
879 2113 1015 2198 Pradna
1058 2109 1149 2180 Flua.
1172 2111 1305 2197 Glovna,
1326 2133 1370 2177 aa
1397 2114 1531 2179 dianna
1575 2109 1754 2194 Wilebnen‚
1784 2111 1906 2178 Wieleri.

1105 2476 1180 2564 Νι.
1212 2470 1313 2564 347.

535 2685 694 2772 haubi
721 2691 799 2774 dux
824 2689 976 2775 Polonia
1003 2695 1140 2772 1257
1165 2691 1268 2775 Febr.
1294 2696 1381 2789 22,
1410 2691 1453 2774 in
1478 2689 1644 2793 Poenam
1670 2706 1762 2774 villas
1789 2725 1898 2776 omna
1919 2726 1986 2775 mo

430 2808 564 2877 antedi
582 2808 622 2876 de
642 2809 728 2879 Obra
744 2811 859 2896 amplis
878 2812 983 2879 munit
1003 2810 1185 2895 privilegiis,
1209 2812 1294 2879 inter
1306 2830 1387 2896 quas
1403 2809 1599 2879 Smardnemo
1614 2816 1649 2877 et
1662 2809 1786 2878 Siedlec
1801 2808 1871 2877 iure
1883 2810 1986 2878 Tbeu·

431 2911 536 2980 touim
556 2910 654 2980 locari
676 2914 834 2997 concedit;
856 2933 915 3000 pro
936 2913 1013 2981 villa
1032 2932 1107 2980 vero
1127 2912 1308 2998 Rekitnioa
1330 2913 1422 2982 villas
1445 2911 1609 2981 Babimost
1634 2920 1668 2980 et
1692 2911 1865 3000 Potopislso
1892 2911 1985 2980 modo

326 3037 332 3044 ·
431 3015 684 3083 commutationis
706 3016 808 3085 eidem
828 3016 1021 3085 monasterio
1042 3015 1174 3084 madert

538 3119 675 3187 Pomad.
710 3122 831 3202 Kdraipd
855 3123 962 3186 &aare
980 3121 1069 3185 Arci
1098 3121 1188 3202 ocra,
1210 3121 1278 3187 Lib.
1295 3123 1400 3201 privii.
1418 3138 1493 3201 pap.
1515 3120 1569 3187 13.

534 3321 573 3390 In
594 3320 721 3392 nomine
741 3323 849 3393 Patris
870 3328 905 3392 et
925 3323 1001 3391 Filii
1021 3328 1056 3392 et
1077 3322 1215 3409 Spiritus
1236 3322 1338 3390 sancti
1355 3340 1456 3389 amen
1498 3320 1653 3403 Quoniam
1667 3321 1831 3407 generacio
1852 3323 1986 3407 preterit

431 3429 466 3493 et
486 3427 650 3510 generacio
668 3425 807 3509 advenit,
829 3426 900 3495 ideo
921 3445 1049 3495 necasse
1074 3432 1125 3494 est
1152 3433 1191 3493 ut
1216 3443 1254 3494 ea
1279 3443 1342 3510 que
1367 3428 1505 3509 aguntur
1535 3424 1644 3492 taliter
1668 3424 1797 3509 scriptis
1823 3431 1985 3509 notemur,

431 3525 571 3613 qualiter
591 3529 716 3614 possint
733 3531 801 3597 sine
820 3530 1029 3614 ambiguitate
1048 3530 1091 3599 ad
1109 3529 1258 3598 noticiam
1279 3527 1457 3596 maurorum
1486 3528 1661 3613 perveuire.
1705 3527 1861 3597 libuerint
1888 3530 1987 3614 igitur

430 3629 570 3698 universi
591 3638 754 3717 presentes
775 3639 810 3701 et
830 3634 951 3718 posteri
972 3638 1151 3717 presentem
1170 3633 1316 3717 paginam
1338 3631 1445 3713 vauri,
1467 3629 1552 3715 quod
1573 3649 1631 3698 nos
1651 3631 1785 3698 Promisi
1806 3632 1867 3700 Dei
1879 3634 1986 3717 gracia

431 3731 498 3800 dux
518 3732 657 3816 Polonie,
679 3734 832 3803 habentes
853 3735 1054 3804 donacionem
1075 3742 1109 3804 et
1129 3735 1277 3803 affectum
1296 3752 1381 3802 mrea
1401 3733 1550 3801 Ordinem
1573 3732 1813 3802 Cisterciensem
1840 3740 1875 3803 et
1901 3734 1987 3802 saln-

430 3831 533 3901 briter
553 3835 728 3919 contantes
749 3836 790 3904 de
811 3836 914 3905 salute
932 3838 1037 3904 anime
1059 3843 1167 3905 nostre
1188 3842 1223 3904 et
1243 3842 1434 3918 nostrorum,
1461 3837 1622 3921 cupientes
1643 3837 1742 3904 eciam
1772 3855 1829 3922 pro
1852 3838 1986 3904 terrenis

431 3935 563 4005 celestia
583 3938 767 4023 promereri,
789 3938 896 4006 domui
918 3940 1064 4024 religiose
1085 3931 1225 4007 eiusdem
1247 3938 1375 4006 Ordinis
1396 3938 1436 4006 de
1457 3938 1543 4006 Obra
1568 3939 1759 4007 contulimus
1783 3939 1818 4007 in
1843 3938 1927 4006 villis
1952 3943 1987 4005 et

432 4037 579 4107 omnibns
601 4041 664 4108 iam
686 4042 840 4126 possessis
860 4042 985 4126 plenam
1005 4042 1195 4123 libertatem,
1218 4041 1360 4108 homines
1380 4059 1434 4108 eas
1448 4039 1662 4108 inhabitantes
1676 4061 1696 4108 a
1709 4042 1823 4126 capite¹
1837 4060 1858 4108 a
1871 4046 1985 4122 strosa,

431 4159 592 4227 apamea,
615 4162 636 4212 a
658 4145 812 4229 praewod
839 4165 859 4212 a
884 4146 1080 4230 podworowe
1111 4151 1145 4213 et
1176 4145 1218 4213 ab
1250 4144 1395 4211 omnibus
1427 4144 1498 4211 aliis
1528 4144 1744 4212 exactionibus
1776 4143 1985 4213 absolventes.

432 4241 633 4312 contulimm
655 4247 755 4314 eciam
777 4246 883 4313 domui
905 4248 1017 4332 eidem,
1037 4255 1075 4316 ut
1095 4248 1239 4315 homines
1259 4247 1293 4312 in
1314 4245 1398 4312 villis
1418 4246 1517 4329 ipsius
1532 4254 1763 4315 commorantes
1777 4266 1884 4317 coram
1898 4246 1986 4313 nullo

431 4348 604 4417 mstedam
626 4368 682 4417 seu
702 4349 829 4418 aldclud
855 4357 965 4419 nostro
990 4352 1040 4420 rel
1065 4353 1172 4436 aliquo
1201 4356 1310 4418 nostro
1340 4354 1544 4433 procuratore
1569 4356 1774 4435 compareant
1799 4350 1832 4416 in
1858 4349 1985 4431 iudicio,

431 4450 493 4518 nisi
515 4450 733 4518 tantummodo
752 4471 858 4520 corum
881 4454 981 4537 nobis,
1004 4461 1038 4521 et
1058 4461 1135 4522 tuna
1156 4453 1282 4538 quando
1303 4451 1422 4519 luerint
1442 4457 1552 4520 nostro
1575 4452 1704 4536 speciali
1730 4453 1833 4537 sigillo
1853 4452 1985 4520 evocati.

432 4549 652 4620 concessimus
673 4554 773 4623 eciam
791 4554 943 4624 iratnbus
964 4558 1147 4642 supradicte
1165 4557 1286 4637 domus,
1307 4559 1346 4622 nt
1366 4553 1447 4621 (luas
1461 4554 1551 4622 villus
1565 4554 1606 4622 de
1620 4556 1696 4638 suis,
1719 4554 1866 4622 videlieet
1879 4553 1986 4621 Smar-

431 4672 515 4722 seao
536 4660 570 4722 et
590 4654 721 4737 Similae,
745 4657 813 4725 iure
835 4658 1028 4728 Theutonico
1050 4662 1175 4745 possint
1192 4661 1297 4729 locare
1318 4678 1389 4726 cum
1418 4658 1486 4726 ioro
1507 4664 1541 4726 et
1562 4658 1705 4727 tabernis
1726 4657 1767 4727 ab
1788 4659 1872 4726 omni
1895 4676 1987 4725 exac-

432 4754 522 4824 cione
541 4756 704 4824 castellani
727 4761 891 4844 exemptis.
935 4761 1084 4829 Preterea
1110 4763 1201 4830 nobis
1232 4761 1361 4848 placuit,
1380 4766 1417 4827 ut
1438 4761 1521 4828 inter
1546 4779 1604 4829 nos
1630 4768 1664 4829 et
1690 4754 1806 4830 naum
1829 4761 1870 4830 de
1900 4760 1987 4828 Obra

431 4857 631 4942 superciliis
653 4863 932 4930 commutacionem
954 4861 1139 4947 faceremus,
1159 4865 1346 4949 recipientes
1367 4862 1408 4929 ab
1429 4863 1505 4947 ipsis
1527 4857 1686 4948 quandam
1712 4864 1901 4949 villamque
1921 4863 1986 4930 lio-

432 4959 554 5028 kitniea
574 4962 758 5030 nominatur
779 4983 836 5048 pro
853 4965 930 5031 villa
951 4984 1013 5049 que
1034 4966 1198 5033 Babimost
1219 4974 1253 5033 et
1272 4965 1438 5048 Potopiseo
1460 4965 1587 5048 (licitur,
1608 4965 1813 5034 decemontes
1827 4967 1930 5052 ipsam
1945 4965 1987 5034 ab

430 5062 576 5130 omnibus
596 5065 813 5132 exactionibus
835 5075 868 5135 et
897 5068 1109 5137 solucionibus
1135 5070 1266 5138 liberam
1293 5076 1327 5136 et
1351 5068 1537 5135 absolutam.
1583 5068 1629 5148 Ut
1655 5075 1762 5137 autem
1790 5069 1849 5138 bec
1874 5075 1986 5138 nostru

431 5162 564 5233 donacio
582 5184 639 5234 seu
660 5169 868 5239 mmmumaio
891 5170 983 5239 lirma
1001 5177 1035 5239 et
1054 5171 1179 5239 stabilis
1199 5177 1379 5258 perseveret
1400 5171 1433 5236 in
1455 5175 1651 5258 perpetuum,
1674 5172 1770 5255 sigilii
1793 5173 1895 5239 nostri
1917 5192 1985 5241 mu·
