<?xml version="1.0" encoding="UTF-8"?>
<!DOCTYPE html PUBLIC "-//W3C//DTD XHTML 1.0 Transitional//EN"
    "http://www.w3.org/TR/xhtml1/DTD/xhtml1-transitional.dtd">
<html xmlns="http://www.w3.org/1999/xhtml" xml:lang="en" lang="en">
 <head>
  <title>
</title>
<meta http-equiv="Content-Type" content="text/html;charset=utf-8" />
  <meta name='ocr-system' content='tesseract 3.04.00' />
  <meta name='ocr-capabilities' content='ocr_page ocr_carea ocr_par ocr_line ocrx_word'/>
</head>
<body>
  <div class='ocr_page' id='page_1' title='image "./codexdiplomatic03zakrgoog_0636.png"; bbox 0 0 4860 6180; ppageno 0'>
   <div class='ocr_carea' id='block_1_1' title="bbox 432 424 650 514">
    <p class='ocr_par' dir='ltr' id='par_1_1' title="bbox 432 424 650 514">
     <span class='ocr_line' id='line_1_1' title="bbox 432 424 650 514; baseline -0.009 -13"><span class='ocrx_word' id='word_1_1' title='bbox 432 424 508 501; x_wconf 75' lang='lat'><strong>538</strong></span> <span class='ocrx_word' id='word_1_2' title='bbox 645 505 650 514; x_wconf 56' lang='grc'><em>,</em></span> 
     </span>
    </p>
   </div>
   <div class='ocr_carea' id='block_1_2' title="bbox 432 620 2086 710">
    <p class='ocr_par' dir='ltr' id='par_1_2' title="bbox 432 620 2086 710">
     <span class='ocr_line' id='line_1_2' title="bbox 432 620 2086 710; baseline -0.005 -17"><span class='ocrx_word' id='word_1_3' title='bbox 432 644 503 694; x_wconf 87' lang='lat' dir='ltr'><strong>rum</strong></span> <span class='ocrx_word' id='word_1_4' title='bbox 524 624 666 710; x_wconf 74' lang='lat' dir='ltr'><strong>poterint</strong></span> <span class='ocrx_word' id='word_1_5' title='bbox 687 625 812 692; x_wconf 82' lang='lat' dir='ltr'><strong>exoriri.</strong></span> <span class='ocrx_word' id='word_1_6' title='bbox 856 624 976 691; x_wconf 86' lang='lat' dir='ltr'><strong>Villnni</strong></span> <span class='ocrx_word' id='word_1_7' title='bbox 998 623 1096 691; x_wconf 87' lang='lat' dir='ltr'><strong>ccinrn</strong></span> <span class='ocrx_word' id='word_1_8' title='bbox 1118 623 1256 690; x_wconf 82' lang='lat' dir='ltr'><strong>ciusdem</strong></span> <span class='ocrx_word' id='word_1_9' title='bbox 1279 622 1463 691; x_wconf 77' lang='lat' dir='ltr'><strong>lncrdlitntis</strong></span> <span class='ocrx_word' id='word_1_10' title='bbox 1486 625 1593 688; x_wconf 82' lang='lat' dir='ltr'><strong>nostro</strong></span> <span class='ocrx_word' id='word_1_11' title='bbox 1614 621 1705 687; x_wconf 85' lang='lat' dir='ltr'><strong>nobis</strong></span> <span class='ocrx_word' id='word_1_12' title='bbox 1733 639 1796 687; x_wconf 91' lang='lat' dir='ltr'><strong>non</strong></span> <span class='ocrx_word' id='word_1_13' title='bbox 1822 620 1983 701; x_wconf 78' lang='lat' dir='ltr'><strong>astabunt,</strong></span> <span class='ocrx_word' id='word_1_14' title='bbox 2083 670 2086 677; x_wconf 59' lang='grc'><strong><em>,</em></strong></span> 
     </span>
    </p>
   </div>
   <div class='ocr_carea' id='block_1_3' title="bbox 431 722 1988 1532">
    <p class='ocr_par' dir='ltr' id='par_1_3' title="bbox 431 722 1988 1532">
     <span class='ocr_line' id='line_1_3' title="bbox 431 722 1984 816; baseline -0.005 -18"><span class='ocrx_word' id='word_1_15' title='bbox 431 730 493 798; x_wconf 83' lang='lat' dir='ltr'><strong>uisi</strong></span> <span class='ocrx_word' id='word_1_16' title='bbox 514 729 694 816; x_wconf 88' lang='lat' dir='ltr'><strong>specialiter</strong></span> <span class='ocrx_word' id='word_1_17' title='bbox 714 735 823 796; x_wconf 76' lang='lat' dir='ltr'><strong>nostro</strong></span> <span class='ocrx_word' id='word_1_18' title='bbox 844 727 960 795; x_wconf 86' lang='lat' dir='ltr'><strong>nnnulo</strong></span> <span class='ocrx_word' id='word_1_19' title='bbox 979 725 1149 812; x_wconf 84' lang='lat' dir='ltr'><strong>provocati.</strong></span> <span class='ocrx_word' id='word_1_20' title='bbox 1182 725 1228 793; x_wconf 88' lang='lat' dir='ltr'><strong>Ut</strong></span> <span class='ocrx_word' id='word_1_21' title='bbox 1248 731 1354 792; x_wconf 82' lang='lat' dir='ltr'><strong>eutem</strong></span> <span class='ocrx_word' id='word_1_22' title='bbox 1377 731 1487 791; x_wconf 83' lang='lat' dir='ltr'><strong>nostra</strong></span> <span class='ocrx_word' id='word_1_23' title='bbox 1505 722 1704 791; x_wconf 80' lang='lat' dir='ltr'><strong>contimmcio</strong></span> <span class='ocrx_word' id='word_1_24' title='bbox 1718 724 1984 807; x_wconf 75' lang='lat' dir='ltr'><strong>supradictorum·</strong></span> 
     </span>
     <span class='ocr_line' id='line_1_4' title="bbox 431 827 1985 917; baseline -0.004 -18"><span class='ocrx_word' id='word_1_25' title='bbox 431 850 494 917; x_wconf 84' lang='lat' dir='ltr'><strong>qne</strong></span> <span class='ocrx_word' id='word_1_26' title='bbox 514 833 653 900; x_wconf 76' lang='lat' dir='ltr'><strong>virorum</strong></span> <span class='ocrx_word' id='word_1_27' title='bbox 676 831 875 899; x_wconf 77' lang='lat' dir='ltr'><strong>racionabilis</strong></span> <span class='ocrx_word' id='word_1_28' title='bbox 896 829 1105 911; x_wconf 82' lang='lat' dir='ltr'><strong>comnrutocio</strong></span> <span class='ocrx_word' id='word_1_29' title='bbox 1128 834 1279 913; x_wconf 87' lang='lat' dir='ltr'><strong>perpetuo</strong></span> <span class='ocrx_word' id='word_1_30' title='bbox 1296 828 1420 895; x_wconf 88' lang='lat' dir='ltr'><strong>stabilis</strong></span> <span class='ocrx_word' id='word_1_31' title='bbox 1436 832 1623 911; x_wconf 69' lang='lat' dir='ltr'><strong>perseveret,</strong></span> <span class='ocrx_word' id='word_1_32' title='bbox 1646 833 1824 910; x_wconf 76' lang='lat' dir='ltr'><strong>presentem</strong></span> <span class='ocrx_word' id='word_1_33' title='bbox 1838 827 1985 910; x_wconf 75' lang='lat' dir='ltr'><strong>paginam</strong></span> 
     </span>
     <span class='ocr_line' id='line_1_5' title="bbox 431 928 1985 1020; baseline -0.003 -18"><span class='ocrx_word' id='word_1_34' title='bbox 431 941 542 1002; x_wconf 78' lang='lat' dir='ltr'><strong>nostm</strong></span> <span class='ocrx_word' id='word_1_35' title='bbox 563 934 667 1019; x_wconf 79' lang='lat' dir='ltr'><strong>sigillo</strong></span> <span class='ocrx_word' id='word_1_36' title='bbox 689 941 722 1020; x_wconf 80' lang='lat' dir='ltr'><strong>et</strong></span> <span class='ocrx_word' id='word_1_37' title='bbox 741 934 853 1018; x_wconf 77' lang='lat' dir='ltr'><strong>sigillis</strong></span> <span class='ocrx_word' id='word_1_38' title='bbox 875 932 998 1000; x_wconf 88' lang='lat' dir='ltr'><strong>comitis</strong></span> <span class='ocrx_word' id='word_1_39' title='bbox 1020 931 1169 1016; x_wconf 58' lang='lat' dir='ltr'><strong>Bognrslai</strong></span> <span class='ocrx_word' id='word_1_40' title='bbox 1188 937 1222 998; x_wconf 89' lang='lat' dir='ltr'><strong>ct</strong></span> <span class='ocrx_word' id='word_1_41' title='bbox 1240 931 1364 998; x_wconf 78' lang='lat' dir='ltr'><strong>concitis</strong></span> <span class='ocrx_word' id='word_1_42' title='bbox 1386 929 1490 997; x_wconf 89' lang='lat' dir='ltr'><strong>Incobi</strong></span> <span class='ocrx_word' id='word_1_43' title='bbox 1514 929 1661 995; x_wconf 84' lang='lat' dir='ltr'><strong>duximus</strong></span> <span class='ocrx_word' id='word_1_44' title='bbox 1684 928 1891 996; x_wconf 75' lang='lat' dir='ltr'><strong>roborandam</strong></span> <span class='ocrx_word' id='word_1_45' title='bbox 1913 950 1985 1014; x_wconf 85' lang='lat' dir='ltr'><strong>pre·</strong></span> 
     </span>
     <span class='ocr_line' id='line_1_6' title="bbox 432 1031 1986 1118; baseline -0.004 -14"><span class='ocrx_word' id='word_1_46' title='bbox 432 1036 573 1105; x_wconf 86' lang='lat' dir='ltr'><strong>sentibus</strong></span> <span class='ocrx_word' id='word_1_47' title='bbox 592 1036 654 1104; x_wconf 83' lang='lat' dir='ltr'><strong>biis</strong></span> <span class='ocrx_word' id='word_1_48' title='bbox 676 1037 825 1104; x_wconf 87' lang='lat' dir='ltr'><strong>testibus:</strong></span> <span class='ocrx_word' id='word_1_49' title='bbox 848 1037 963 1104; x_wconf 80' lang='lat' dir='ltr'><strong>comite</strong></span> <span class='ocrx_word' id='word_1_50' title='bbox 982 1033 1113 1101; x_wconf 83' lang='lat' dir='ltr'><strong>Nicolco</strong></span> <span class='ocrx_word' id='word_1_51' title='bbox 1135 1033 1275 1118; x_wconf 85' lang='lat' dir='ltr'><strong>polatino</strong></span> <span class='ocrx_word' id='word_1_52' title='bbox 1298 1033 1474 1115; x_wconf 80' lang='lat' dir='ltr'><strong>cadsicnsi,</strong></span> <span class='ocrx_word' id='word_1_53' title='bbox 1497 1033 1611 1100; x_wconf 84' lang='lat' dir='ltr'><strong>comite</strong></span> <span class='ocrx_word' id='word_1_54' title='bbox 1629 1031 1725 1099; x_wconf 88' lang='lat' dir='ltr'><strong>Petro</strong></span> <span class='ocrx_word' id='word_1_55' title='bbox 1740 1031 1911 1098; x_wconf 80' lang='lat' dir='ltr'><strong>castellano</strong></span> <span class='ocrx_word' id='word_1_56' title='bbox 1926 1031 1986 1098; x_wconf 91' lang='lat' dir='ltr'><strong>Po·</strong></span> 
     </span>
     <span class='ocr_line' id='line_1_7' title="bbox 432 1132 1985 1222; baseline -0.006 -14"><span class='ocrx_word' id='word_1_57' title='bbox 432 1139 604 1222; x_wconf 74' lang='lat' dir='ltr'><strong>maciensi,</strong></span> <span class='ocrx_word' id='word_1_58' title='bbox 627 1139 742 1207; x_wconf 83' lang='lat' dir='ltr'><strong>comite</strong></span> <span class='ocrx_word' id='word_1_59' title='bbox 769 1137 942 1206; x_wconf 79' lang='lat' dir='ltr'><strong>(techoslao</strong></span> <span class='ocrx_word' id='word_1_60' title='bbox 971 1135 1144 1204; x_wconf 85' lang='lat' dir='ltr'><strong>castellano</strong></span> <span class='ocrx_word' id='word_1_61' title='bbox 1174 1135 1353 1216; x_wconf 82' lang='lat' dir='ltr'><strong>llolisicnsi,</strong></span> <span class='ocrx_word' id='word_1_62' title='bbox 1384 1137 1498 1202; x_wconf 87' lang='lat' dir='ltr'><strong>comite</strong></span> <span class='ocrx_word' id='word_1_63' title='bbox 1524 1134 1654 1201; x_wconf 83' lang='lat' dir='ltr'><strong>Andron</strong></span> <span class='ocrx_word' id='word_1_64' title='bbox 1680 1133 1782 1201; x_wconf 89' lang='lat' dir='ltr'><strong>iudice</strong></span> <span class='ocrx_word' id='word_1_65' title='bbox 1809 1132 1985 1216; x_wconf 82' lang='lat' dir='ltr'><strong>Calisiensi,</strong></span> 
     </span>
     <span class='ocr_line' id='line_1_8' title="bbox 432 1235 1988 1325; baseline -0.004 -16"><span class='ocrx_word' id='word_1_66' title='bbox 432 1239 559 1311; x_wconf 85' lang='lat' dir='ltr'><strong>domino</strong></span> <span class='ocrx_word' id='word_1_67' title='bbox 579 1241 726 1325; x_wconf 91' lang='lat' dir='ltr'><strong>Philippo</strong></span> <span class='ocrx_word' id='word_1_68' title='bbox 747 1240 966 1308; x_wconf 77' lang='lat' dir='ltr'><strong>archidiacono</strong></span> <span class='ocrx_word' id='word_1_69' title='bbox 988 1238 1176 1320; x_wconf 74' lang='lat' dir='ltr'><strong>Gneenensi,</strong></span> <span class='ocrx_word' id='word_1_70' title='bbox 1199 1238 1324 1304; x_wconf 90' lang='lat' dir='ltr'><strong>domino</strong></span> <span class='ocrx_word' id='word_1_71' title='bbox 1346 1236 1478 1304; x_wconf 85' lang='lat' dir='ltr'><strong>Thilone</strong></span> <span class='ocrx_word' id='word_1_72' title='bbox 1498 1235 1661 1319; x_wconf 89' lang='lat' dir='ltr'><strong>preposito</strong></span> <span class='ocrx_word' id='word_1_73' title='bbox 1682 1235 1722 1302; x_wconf 87' lang='lat' dir='ltr'><strong>de</strong></span> <span class='ocrx_word' id='word_1_74' title='bbox 1756 1235 1889 1304; x_wconf 86' lang='lat' dir='ltr'><strong>Santok</strong></span> <span class='ocrx_word' id='word_1_75' title='bbox 1923 1236 1988 1302; x_wconf 79' lang='lat' dir='ltr'><strong>De·</strong></span> 
     </span>
     <span class='ocr_line' id='line_1_9' title="bbox 433 1337 1988 1477; baseline -0.005 -64"><span class='ocrx_word' id='word_1_76' title='bbox 433 1344 534 1412; x_wconf 82' lang='lat' dir='ltr'><strong>tum</strong></span> <span class='ocrx_word' id='word_1_77' title='bbox 523 1363 557 1412; x_wconf 92' lang='grc' dir='ltr'><strong>ιιι</strong></span> <span class='ocrx_word' id='word_1_78' title='bbox 576 1343 707 1411; x_wconf 85' lang='lat' dir='ltr'><strong>Gnozna</strong></span> <span class='ocrx_word' id='word_1_79' title='bbox 735 1343 880 1426; x_wconf 86' lang='lat' dir='ltr'><strong>sequenti</strong></span> <span class='ocrx_word' id='word_1_80' title='bbox 912 1342 964 1409; x_wconf 93' lang='lat' dir='ltr'><strong>die</strong></span> <span class='ocrx_word' id='word_1_81' title='bbox 990 1341 1075 1408; x_wconf 89' lang='lat' dir='ltr'><strong>beati</strong></span> <span class='ocrx_word' id='word_1_82' title='bbox 1104 1340 1204 1408; x_wconf 87' lang='lat' dir='ltr'><strong>Merci</strong></span> <span class='ocrx_word' id='word_1_83' title='bbox 1231 1339 1276 1406; x_wconf 84' lang='lat' dir='ltr'><strong>M.</strong></span> <span class='ocrx_word' id='word_1_84' title='bbox 1279 1337 1342 1407; x_wconf 83' lang='lat' dir='ltr'><strong>GC.</strong></span> <span class='ocrx_word' id='word_1_85' title='bbox 1343 1338 1546 1420; x_wconf 69' lang='lat' dir='ltr'>LXXXVII,</span> <span class='ocrx_word' id='word_1_86' title='bbox 1578 1337 1754 1405; x_wconf 81' lang='lat' dir='ltr'><strong>Indictlone</strong></span> <span class='ocrx_word' id='word_1_87' title='bbox 1781 1337 1988 1477; x_wconf 84' lang='lat' dir='ltr'><strong>qnindecime,</strong></span> 
     </span>
     <span class='ocr_line' id='line_1_10' title="bbox 433 1443 1056 1532; baseline -0.003 -18"><span class='ocrx_word' id='word_1_88' title='bbox 433 1462 493 1532; x_wconf 87' lang='lat' dir='ltr'><strong>per</strong></span> <span class='ocrx_word' id='word_1_89' title='bbox 512 1463 625 1514; x_wconf 87' lang='lat' dir='ltr'><strong>manns</strong></span> <span class='ocrx_word' id='word_1_90' title='bbox 647 1443 787 1513; x_wconf 86' lang='lat' dir='ltr'><strong>Ieseonis</strong></span> <span class='ocrx_word' id='word_1_91' title='bbox 809 1444 924 1512; x_wconf 79' lang='lat' dir='ltr'><strong>moeni</strong></span> <span class='ocrx_word' id='word_1_92' title='bbox 944 1445 1056 1513; x_wconf 79' lang='lat' dir='ltr'><strong>nostri.</strong></span> 
     </span>
    </p>
   </div>
   <div class='ocr_carea' id='block_1_4' title="bbox 437 1646 1990 1837">
    <p class='ocr_par' dir='ltr' id='par_1_4' title="bbox 437 1646 1990 1837">
     <span class='ocr_line' id='line_1_11' title="bbox 537 1646 1990 1795; baseline -0.004 -75"><span class='ocrx_word' id='word_1_93' title='bbox 537 1649 671 1736; x_wconf 81' lang='lat' dir='ltr'><strong>Usczye,</strong></span> <span class='ocrx_word' id='word_1_94' title='bbox 703 1651 811 1730; x_wconf 67' lang='lat' dir='ltr'><strong>ejece</strong></span> <span class='ocrx_word' id='word_1_95' title='bbox 864 1648 1021 1734; x_wconf 74' lang='lat' dir='ltr'><strong>Regesne,</strong></span> <span class='ocrx_word' id='word_1_96' title='bbox 1055 1646 1990 1795; x_wconf 67' lang='lat' dir='ltr'><strong>Rocoirro.11erccgowcclarezorowo‚ecueouo.1a-</strong></span> 
     </span>
     <span class='ocr_line' id='line_1_12' title="bbox 437 1750 1147 1837; baseline -0.009 -15"><span class='ocrx_word' id='word_1_97' title='bbox 437 1769 593 1837; x_wconf 69' lang='lat' dir='ltr'><strong>emeno,</strong></span> <span class='ocrx_word' id='word_1_98' title='bbox 615 1757 822 1822; x_wconf 70' lang='lat' dir='ltr'><strong>demerem.</strong></span> <span class='ocrx_word' id='word_1_99' title='bbox 867 1750 998 1837; x_wconf 73' lang='lat' dir='ltr'><strong>smmi,</strong></span> <span class='ocrx_word' id='word_1_100' title='bbox 1023 1755 1147 1820; x_wconf 79' lang='lat' dir='ltr'><strong>Sentot.</strong></span> 
     </span>
    </p>
   </div>
   <div class='ocr_carea' id='block_1_5' title="bbox 1107 2145 1314 2239">
    <p class='ocr_par' dir='ltr' id='par_1_5' title="bbox 1107 2145 1314 2239">
     <span class='ocr_line' id='line_1_13' title="bbox 1107 2145 1314 2239; baseline 0 -1"><span class='ocrx_word' id='word_1_101' title='bbox 1107 2152 1181 2239; x_wconf 83' lang='grc' dir='ltr'><strong>Νι.</strong></span> <span class='ocrx_word' id='word_1_102' title='bbox 1214 2145 1314 2238; x_wconf 81' lang='grc'><strong>578.</strong></span> 
     </span>
    </p>
   </div>
   <div class='ocr_carea' id='block_1_6' title="bbox 434 2364 1992 2878">
    <p class='ocr_par' dir='ltr' id='par_1_6' title="bbox 434 2364 1992 2676">
     <span class='ocr_line' id='line_1_14' title="bbox 538 2364 1992 2469; baseline 0.001 -19"><span class='ocrx_word' id='word_1_103' title='bbox 538 2365 697 2450; x_wconf 83' lang='lat' dir='ltr'><strong>Promisi</strong></span> <span class='ocrx_word' id='word_1_104' title='bbox 723 2369 906 2452; x_wconf 83' lang='lat' dir='ltr'><strong>secundus</strong></span> <span class='ocrx_word' id='word_1_105' title='bbox 934 2369 1010 2452; x_wconf 84' lang='lat' dir='ltr'><strong>dux</strong></span> <span class='ocrx_word' id='word_1_106' title='bbox 1032 2367 1182 2451; x_wconf 85' lang='lat' dir='ltr'><strong>Polonie</strong></span> <span class='ocrx_word' id='word_1_107' title='bbox 1208 2367 1348 2447; x_wconf 81' lang='lat'><strong>1287</strong></span> <span class='ocrx_word' id='word_1_108' title='bbox 1374 2386 1404 2449; x_wconf 86' lang='lat' dir='ltr'><strong>s.</strong></span> <span class='ocrx_word' id='word_1_109' title='bbox 1422 2367 1475 2464; x_wconf 83' lang='lat' dir='ltr'><strong>d,</strong></span> <span class='ocrx_word' id='word_1_110' title='bbox 1501 2365 1544 2448; x_wconf 87' lang='lat' dir='ltr'><strong>in</strong></span> <span class='ocrx_word' id='word_1_111' title='bbox 1561 2364 1728 2469; x_wconf 75' lang='lat' dir='ltr'><strong>Poenam</strong></span> <span class='ocrx_word' id='word_1_112' title='bbox 1749 2383 1915 2452; x_wconf 75' lang='lat' dir='ltr'><strong>confirmet</strong></span> <span class='ocrx_word' id='word_1_113' title='bbox 1935 2385 1992 2452; x_wconf 74' lang='lat' dir='ltr'><strong>nc</strong></span> 
     </span>
     <span class='ocr_line' id='line_1_15' title="bbox 434 2484 1991 2571; baseline -0.001 -15"><span class='ocrx_word' id='word_1_114' title='bbox 434 2486 596 2556; x_wconf 78' lang='lat' dir='ltr'><strong>natiomm</strong></span> <span class='ocrx_word' id='word_1_115' title='bbox 623 2487 809 2555; x_wconf 86' lang='lat' dir='ltr'><strong>hereditatis</strong></span> <span class='ocrx_word' id='word_1_116' title='bbox 835 2487 997 2571; x_wconf 81' lang='lat' dir='ltr'><strong>Kremno,</strong></span> <span class='ocrx_word' id='word_1_117' title='bbox 1027 2488 1178 2556; x_wconf 79' lang='lat' dir='ltr'><strong>ecelesiae</strong></span> <span class='ocrx_word' id='word_1_118' title='bbox 1207 2485 1424 2569; x_wconf 74' lang='lat' dir='ltr'><strong>Pomaniensi</strong></span> <span class='ocrx_word' id='word_1_119' title='bbox 1446 2504 1468 2553; x_wconf 93' lang='lat' dir='ltr'><strong>a</strong></span> <span class='ocrx_word' id='word_1_120' title='bbox 1487 2484 1639 2569; x_wconf 80' lang='lat' dir='ltr'><strong>Iohanne,</strong></span> <span class='ocrx_word' id='word_1_121' title='bbox 1661 2485 1774 2554; x_wconf 89' lang='lat' dir='ltr'><strong>Iacobo</strong></span> <span class='ocrx_word' id='word_1_122' title='bbox 1796 2492 1831 2555; x_wconf 86' lang='lat' dir='ltr'><strong>ot</strong></span> <span class='ocrx_word' id='word_1_123' title='bbox 1847 2486 1991 2570; x_wconf 79' lang='lat' dir='ltr'><strong>Nicolao,</strong></span> 
     </span>
     <span class='ocr_line' id='line_1_16' title="bbox 434 2585 1347 2676; baseline -0.003 -18"><span class='ocrx_word' id='word_1_124' title='bbox 434 2585 510 2658; x_wconf 81' lang='lat' dir='ltr'><strong>iliis</strong></span> <span class='ocrx_word' id='word_1_125' title='bbox 530 2587 561 2656; x_wconf 88' lang='lat' dir='ltr'><strong>b.</strong></span> <span class='ocrx_word' id='word_1_126' title='bbox 583 2607 625 2656; x_wconf 90' lang='grc' dir='ltr'><strong>ιιι.</strong></span> <span class='ocrx_word' id='word_1_127' title='bbox 648 2588 754 2658; x_wconf 91' lang='lat' dir='ltr'><strong>Iaeobi</strong></span> <span class='ocrx_word' id='word_1_128' title='bbox 774 2590 947 2676; x_wconf 71' lang='lat' dir='ltr'><strong>praepositi</strong></span> <span class='ocrx_word' id='word_1_129' title='bbox 965 2589 1199 2671; x_wconf 82' lang='lat' dir='ltr'><strong>Pomaniensis,</strong></span> <span class='ocrx_word' id='word_1_130' title='bbox 1221 2587 1347 2656; x_wconf 86' lang='lat' dir='ltr'><strong>iactam.</strong></span> 
     </span>
    </p>

    <p class='ocr_par' dir='ltr' id='par_1_7' title="bbox 539 2690 1897 2778">
     <span class='ocr_line' id='line_1_17' title="bbox 539 2690 1897 2778; baseline 0.002 -22"><span class='ocrx_word' id='word_1_131' title='bbox 539 2692 680 2772; x_wconf 71' lang='lat' dir='ltr'><strong>Perenne</strong></span> <span class='ocrx_word' id='word_1_132' title='bbox 702 2697 820 2774; x_wconf 70' lang='lat' dir='ltr'><strong>oppon</strong></span> <span class='ocrx_word' id='word_1_133' title='bbox 866 2695 1005 2758; x_wconf 73' lang='lat' dir='ltr'><strong>smeret</strong></span> <span class='ocrx_word' id='word_1_134' title='bbox 1022 2715 1041 2757; x_wconf 78' lang='grc' dir='ltr'><strong>ι</strong></span> <span class='ocrx_word' id='word_1_135' title='bbox 1059 2697 1122 2758; x_wconf 79' lang='lat' dir='ltr'><strong>aiei</strong></span> <span class='ocrx_word' id='word_1_136' title='bbox 1136 2693 1287 2771; x_wconf 73' lang='lat' dir='ltr'><strong>jedoaon</strong></span> <span class='ocrx_word' id='word_1_137' title='bbox 1308 2695 1430 2767; x_wconf 75' lang='lat' dir='ltr'><strong>zietorc,</strong></span> <span class='ocrx_word' id='word_1_138' title='bbox 1450 2714 1469 2755; x_wconf 87' lang='lat' dir='ltr'><strong><em>z</em></strong></span> <span class='ocrx_word' id='word_1_139' title='bbox 1488 2690 1614 2772; x_wconf 77' lang='lat' dir='ltr'><strong>lctdrepo</strong></span> <span class='ocrx_word' id='word_1_140' title='bbox 1637 2691 1764 2778; x_wconf 71' lang='lat' dir='ltr'><strong>pteczpd</strong></span> <span class='ocrx_word' id='word_1_141' title='bbox 1780 2697 1897 2760; x_wconf 70' lang='lat' dir='ltr'><strong>anille.</strong></span> 
     </span>
    </p>

    <p class='ocr_par' dir='ltr' id='par_1_8' title="bbox 541 2793 1991 2878">
     <span class='ocr_line' id='line_1_18' title="bbox 541 2793 1991 2878; baseline 0.002 -18"><span class='ocrx_word' id='word_1_142' title='bbox 541 2793 678 2861; x_wconf 71' lang='lat' dir='ltr'><strong>mmet.</strong></span> <span class='ocrx_word' id='word_1_143' title='bbox 722 2799 840 2862; x_wconf 74' lang='lat' dir='ltr'><strong>Arenio.</strong></span> <span class='ocrx_word' id='word_1_144' title='bbox 869 2798 1007 2877; x_wconf 79' lang='lat' dir='ltr'><strong>Cepitrdl,</strong></span> <span class='ocrx_word' id='word_1_145' title='bbox 1031 2798 1130 2878; x_wconf 81' lang='grc' dir='ltr'><strong>Ι,13.</strong></span> <span class='ocrx_word' id='word_1_146' title='bbox 1152 2830 1197 2846; x_wconf 92' lang='grc'>-</span> <span class='ocrx_word' id='word_1_147' title='bbox 1219 2793 1407 2876; x_wconf 72' lang='lat' dir='ltr'><strong>eaczpteer,</strong></span> <span class='ocrx_word' id='word_1_148' title='bbox 1434 2797 1502 2859; x_wconf 63' lang='grc' dir='ltr'><strong>θοὰ</strong></span> <span class='ocrx_word' id='word_1_149' title='bbox 1524 2798 1645 2875; x_wconf 78' lang='lat' dir='ltr'><strong>diplom,</strong></span> <span class='ocrx_word' id='word_1_150' title='bbox 1676 2797 1785 2860; x_wconf 83' lang='lat' dir='ltr'><strong>Maior.</strong></span> <span class='ocrx_word' id='word_1_151' title='bbox 1809 2800 1915 2863; x_wconf 83' lang='lat' dir='ltr'><strong>Pelen.</strong></span> <span class='ocrx_word' id='word_1_152' title='bbox 1935 2799 1991 2863; x_wconf 78' lang='lat'><strong>69.</strong></span> 
     </span>
    </p>
   </div>
   <div class='ocr_carea' id='block_1_7' title="bbox 539 2965 1993 3084">
    <p class='ocr_par' dir='ltr' id='par_1_9' title="bbox 539 2965 1993 3084">
     <span class='ocr_line' id='line_1_19' title="bbox 539 2965 1993 3084; baseline 0.003 -18"><span class='ocrx_word' id='word_1_153' title='bbox 539 2997 578 3066; x_wconf 91' lang='lat' dir='ltr'><strong>In</strong></span> <span class='ocrx_word' id='word_1_154' title='bbox 598 2997 725 3067; x_wconf 89' lang='lat' dir='ltr'><strong>nomino</strong></span> <span class='ocrx_word' id='word_1_155' title='bbox 747 2998 876 3067; x_wconf 86' lang='lat' dir='ltr'><strong>Domini</strong></span> <span class='ocrx_word' id='word_1_156' title='bbox 898 3019 998 3069; x_wconf 90' lang='lat' dir='ltr'><strong>amen.</strong></span> <span class='ocrx_word' id='word_1_157' title='bbox 1043 2999 1156 3068; x_wconf 85' lang='lat' dir='ltr'><strong>Multis</strong></span> <span class='ocrx_word' id='word_1_158' title='bbox 1177 2997 1382 3068; x_wconf 84' lang='lat' dir='ltr'><strong>incommodis</strong></span> <span class='ocrx_word' id='word_1_159' title='bbox 1403 2999 1576 3083; x_wconf 87' lang='lat' dir='ltr'><strong>prudenter</strong></span> <span class='ocrx_word' id='word_1_160' title='bbox 1595 2965 1806 3084; x_wconf 69' lang='lat' dir='ltr'><strong>occurrimus,⁴</strong></span> <span class='ocrx_word' id='word_1_161' title='bbox 1830 3019 1903 3069; x_wconf 88' lang='lat' dir='ltr'><strong>eum</strong></span> <span class='ocrx_word' id='word_1_162' title='bbox 1923 3008 1993 3071; x_wconf 92' lang='lat' dir='ltr'><strong>eta·</strong></span> 
     </span>
    </p>
   </div>
   <div class='ocr_carea' id='block_1_8' title="bbox 331 3100 1992 3187">
    <p class='ocr_par' dir='ltr' id='par_1_10' title="bbox 331 3100 1992 3187">
     <span class='ocr_line' id='line_1_20' title="bbox 331 3100 1992 3187; baseline 0.001 -17"><span class='ocrx_word' id='word_1_163' title='bbox 331 3133 337 3141; x_wconf 92' lang='lat'><strong>·</strong></span> <span class='ocrx_word' id='word_1_164' title='bbox 435 3100 479 3170; x_wconf 74' lang='lat' dir='ltr'><strong>ds</strong></span> <span class='ocrx_word' id='word_1_165' title='bbox 499 3107 608 3170; x_wconf 75' lang='lat' dir='ltr'><strong>norme</strong></span> <span class='ocrx_word' id='word_1_166' title='bbox 638 3101 769 3186; x_wconf 76' lang='lat' dir='ltr'><strong>negocia</strong></span> <span class='ocrx_word' id='word_1_167' title='bbox 798 3101 978 3170; x_wconf 87' lang='lat' dir='ltr'><strong>litterarum</strong></span> <span class='ocrx_word' id='word_1_168' title='bbox 1004 3103 1176 3170; x_wconf 89' lang='lat' dir='ltr'><strong>munimine</strong></span> <span class='ocrx_word' id='word_1_169' title='bbox 1204 3102 1396 3170; x_wconf 85' lang='lat' dir='ltr'><strong>roboramus</strong></span> <span class='ocrx_word' id='word_1_170' title='bbox 1440 3101 1509 3168; x_wconf 79' lang='lat' dir='ltr'><strong>ilos</strong></span> <span class='ocrx_word' id='word_1_171' title='bbox 1537 3102 1636 3186; x_wconf 84' lang='lat' dir='ltr'><strong>igitur</strong></span> <span class='ocrx_word' id='word_1_172' title='bbox 1661 3101 1795 3170; x_wconf 88' lang='lat' dir='ltr'><strong>Premisl</strong></span> <span class='ocrx_word' id='word_1_173' title='bbox 1825 3104 1992 3187; x_wconf 88' lang='lat' dir='ltr'><strong>secundus,</strong></span> 
     </span>
    </p>
   </div>
   <div class='ocr_carea' id='block_1_9' title="bbox 434 3202 2030 3598">
    <p class='ocr_par' dir='ltr' id='par_1_11' title="bbox 434 3202 2030 3598">
     <span class='ocr_line' id='line_1_21' title="bbox 435 3202 1993 3289; baseline 0.002 -17"><span class='ocrx_word' id='word_1_174' title='bbox 435 3202 497 3272; x_wconf 88' lang='lat' dir='ltr'><strong>Del</strong></span> <span class='ocrx_word' id='word_1_175' title='bbox 514 3203 618 3288; x_wconf 65' lang='lat' dir='ltr'><strong>made</strong></span> <span class='ocrx_word' id='word_1_176' title='bbox 635 3203 700 3270; x_wconf 86' lang='lat' dir='ltr'><strong>dux</strong></span> <span class='ocrx_word' id='word_1_177' title='bbox 721 3203 860 3286; x_wconf 79' lang='lat' dir='ltr'><strong>Polemio,</strong></span> <span class='ocrx_word' id='word_1_178' title='bbox 884 3210 994 3272; x_wconf 90' lang='lat' dir='ltr'><strong>notum</strong></span> <span class='ocrx_word' id='word_1_179' title='bbox 1014 3204 1147 3273; x_wconf 87' lang='lat' dir='ltr'><strong>iacimus</strong></span> <span class='ocrx_word' id='word_1_180' title='bbox 1169 3205 1334 3287; x_wconf 84' lang='lat' dir='ltr'><strong>universis,</strong></span> <span class='ocrx_word' id='word_1_181' title='bbox 1356 3204 1442 3289; x_wconf 88' lang='lat' dir='ltr'><strong>quod</strong></span> <span class='ocrx_word' id='word_1_182' title='bbox 1463 3205 1497 3271; x_wconf 92' lang='lat' dir='ltr'><strong>in</strong></span> <span class='ocrx_word' id='word_1_183' title='bbox 1518 3210 1629 3272; x_wconf 86' lang='lat' dir='ltr'><strong>nostra</strong></span> <span class='ocrx_word' id='word_1_184' title='bbox 1649 3207 1813 3289; x_wconf 72' lang='lat' dir='ltr'><strong>presencie</strong></span> <span class='ocrx_word' id='word_1_185' title='bbox 1827 3208 1993 3275; x_wconf 88' lang='lat' dir='ltr'><strong>constituti</strong></span> 
     </span>
     <span class='ocr_line' id='line_1_22' title="bbox 434 3305 1993 3396; baseline 0.001 -21"><span class='ocrx_word' id='word_1_186' title='bbox 434 3305 755 3389; x_wconf 77' lang='lat' dir='ltr'><strong>Iohannes,1acobus</strong></span> <span class='ocrx_word' id='word_1_187' title='bbox 778 3306 1007 3392; x_wconf 78' lang='lat' dir='ltr'><strong>etilycholeus</strong></span> <span class='ocrx_word' id='word_1_188' title='bbox 1027 3306 1234 3389; x_wconf 52' lang='lat' dir='ltr'><strong>trebellii</strong></span> <span class='ocrx_word' id='word_1_189' title='bbox 1260 3306 1341 3374; x_wconf 91' lang='lat' dir='ltr'><strong>bone</strong></span> <span class='ocrx_word' id='word_1_190' title='bbox 1369 3306 1595 3375; x_wconf 86' lang='lat' dir='ltr'><strong>reeordationis</strong></span> <span class='ocrx_word' id='word_1_191' title='bbox 1621 3308 1740 3376; x_wconf 89' lang='lat' dir='ltr'><strong>domini</strong></span> <span class='ocrx_word' id='word_1_192' title='bbox 1767 3306 1875 3378; x_wconf 91' lang='lat' dir='ltr'><strong>Iacobi</strong></span> <span class='ocrx_word' id='word_1_193' title='bbox 1893 3329 1993 3396; x_wconf 85' lang='lat' dir='ltr'><strong>quon·</strong></span> 
     </span>
     <span class='ocr_line' id='line_1_23' title="bbox 435 3407 2030 3497; baseline 0.002 -20"><span class='ocrx_word' id='word_1_194' title='bbox 435 3407 509 3477; x_wconf 84' lang='lat' dir='ltr'><strong>dans</strong></span> <span class='ocrx_word' id='word_1_195' title='bbox 534 3408 687 3494; x_wconf 89' lang='lat' dir='ltr'><strong>prepositi</strong></span> <span class='ocrx_word' id='word_1_196' title='bbox 717 3408 950 3492; x_wconf 73' lang='lat' dir='ltr'><strong>Pomaniensis</strong></span> <span class='ocrx_word' id='word_1_197' title='bbox 981 3409 1190 3476; x_wconf 75' lang='lat' dir='ltr'><strong>hereditatem</strong></span> <span class='ocrx_word' id='word_1_198' title='bbox 1216 3408 1367 3493; x_wconf 89' lang='lat' dir='ltr'><strong>ipsorum,</strong></span> <span class='ocrx_word' id='word_1_199' title='bbox 1402 3407 1541 3476; x_wconf 80' lang='lat' dir='ltr'><strong>Critone</strong></span> <span class='ocrx_word' id='word_1_200' title='bbox 1567 3408 1742 3493; x_wconf 74' lang='lat' dir='ltr'><strong>vulgariter</strong></span> <span class='ocrx_word' id='word_1_201' title='bbox 1767 3417 1991 3497; x_wconf 81' lang='lat' dir='ltr'><strong>nnnenpctem,</strong></span> <span class='ocrx_word' id='word_1_202' title='bbox 2029 3433 2030 3436; x_wconf 44' lang='lat'>¹</span> 
     </span>
     <span class='ocr_line' id='line_1_24' title="bbox 434 3509 1994 3598; baseline 0.004 -20"><span class='ocrx_word' id='word_1_203' title='bbox 434 3509 606 3579; x_wconf 71' lang='lat' dir='ltr'><strong>vonerabili</strong></span> <span class='ocrx_word' id='word_1_204' title='bbox 626 3512 662 3578; x_wconf 92' lang='lat' dir='ltr'><strong>in</strong></span> <span class='ocrx_word' id='word_1_205' title='bbox 683 3510 812 3579; x_wconf 79' lang='lat' dir='ltr'><strong>Christo</strong></span> <span class='ocrx_word' id='word_1_206' title='bbox 833 3512 919 3598; x_wconf 84' lang='lat' dir='ltr'><strong>petri</strong></span> <span class='ocrx_word' id='word_1_207' title='bbox 936 3512 1063 3580; x_wconf 90' lang='lat' dir='ltr'><strong>domino</strong></span> <span class='ocrx_word' id='word_1_208' title='bbox 1085 3510 1228 3593; x_wconf 90' lang='lat' dir='ltr'><strong>Iohanni,</strong></span> <span class='ocrx_word' id='word_1_209' title='bbox 1250 3511 1455 3579; x_wconf 75' lang='lat' dir='ltr'><strong>miseracione</strong></span> <span class='ocrx_word' id='word_1_210' title='bbox 1480 3511 1587 3578; x_wconf 80' lang='lat' dir='ltr'><strong>dvina</strong></span> <span class='ocrx_word' id='word_1_211' title='bbox 1613 3512 1760 3596; x_wconf 89' lang='lat' dir='ltr'><strong>episcopo</strong></span> <span class='ocrx_word' id='word_1_212' title='bbox 1788 3515 1935 3597; x_wconf 88' lang='lat' dir='ltr'><strong>secundo,</strong></span> <span class='ocrx_word' id='word_1_213' title='bbox 1959 3521 1994 3584; x_wconf 88' lang='lat' dir='ltr'><strong>et</strong></span> 
     </span>
    </p>
   </div>
   <div class='ocr_carea' id='block_1_10' title="bbox 332 3611 1995 3698">
    <p class='ocr_par' dir='ltr' id='par_1_12' title="bbox 332 3611 1995 3698">
     <span class='ocr_line' id='line_1_25' title="bbox 332 3611 1995 3698; baseline 0.002 -18"><span class='ocrx_word' id='word_1_214' title='bbox 332 3633 336 3640; x_wconf 76' lang='grc'><strong>’</strong></span> <span class='ocrx_word' id='word_1_215' title='bbox 436 3611 567 3681; x_wconf 86' lang='lat' dir='ltr'><strong>ecclesie</strong></span> <span class='ocrx_word' id='word_1_216' title='bbox 586 3612 795 3681; x_wconf 84' lang='lat' dir='ltr'><strong>Poenanionsi</strong></span> <span class='ocrx_word' id='word_1_217' title='bbox 816 3613 857 3681; x_wconf 93' lang='lat' dir='ltr'><strong>ob</strong></span> <span class='ocrx_word' id='word_1_218' title='bbox 878 3613 1051 3682; x_wconf 89' lang='lat' dir='ltr'><strong>remedium</strong></span> <span class='ocrx_word' id='word_1_219' title='bbox 1072 3618 1240 3698; x_wconf 79' lang='lat' dir='ltr'><strong>parentum</strong></span> <span class='ocrx_word' id='word_1_220' title='bbox 1254 3613 1395 3698; x_wconf 87' lang='lat' dir='ltr'><strong>ipsorum</strong></span> <span class='ocrx_word' id='word_1_221' title='bbox 1408 3618 1443 3681; x_wconf 89' lang='lat' dir='ltr'><strong>et</strong></span> <span class='ocrx_word' id='word_1_222' title='bbox 1456 3613 1633 3681; x_wconf 74' lang='lat' dir='ltr'><strong>mimorum</strong></span> <span class='ocrx_word' id='word_1_223' title='bbox 1648 3632 1778 3682; x_wconf 86' lang='lat' dir='ltr'><strong>suarum</strong></span> <span class='ocrx_word' id='word_1_224' title='bbox 1792 3615 1995 3685; x_wconf 81' lang='lat' dir='ltr'><strong>devotissime</strong></span> 
     </span>
    </p>
   </div>
   <div class='ocr_carea' id='block_1_11' title="bbox 435 3713 1994 4212">
    <p class='ocr_par' dir='ltr' id='par_1_13' title="bbox 435 3713 1994 4212">
     <span class='ocr_line' id='line_1_26' title="bbox 436 3713 1992 3800; baseline 0.003 -16"><span class='ocrx_word' id='word_1_225' title='bbox 436 3713 648 3798; x_wconf 81' lang='lat' dir='ltr'><strong>eontulemnt,</strong></span> <span class='ocrx_word' id='word_1_226' title='bbox 670 3721 816 3800; x_wconf 83' lang='lat' dir='ltr'><strong>petentes</strong></span> <span class='ocrx_word' id='word_1_227' title='bbox 837 3734 858 3783; x_wconf 95' lang='lat' dir='ltr'><strong>a</strong></span> <span class='ocrx_word' id='word_1_228' title='bbox 878 3715 977 3798; x_wconf 91' lang='lat' dir='ltr'><strong>nobis,</strong></span> <span class='ocrx_word' id='word_1_229' title='bbox 1000 3720 1039 3783; x_wconf 89' lang='lat' dir='ltr'><strong>ut</strong></span> <span class='ocrx_word' id='word_1_230' title='bbox 1059 3721 1125 3782; x_wconf 84' lang='lat' dir='ltr'><strong>tam</strong></span> <span class='ocrx_word' id='word_1_231' title='bbox 1139 3715 1225 3800; x_wconf 87' lang='lat' dir='ltr'><strong>piam</strong></span> <span class='ocrx_word' id='word_1_232' title='bbox 1238 3714 1444 3784; x_wconf 77' lang='lat' dir='ltr'><strong>donacionem</strong></span> <span class='ocrx_word' id='word_1_233' title='bbox 1458 3734 1546 3783; x_wconf 88' lang='lat' dir='ltr'><strong>more</strong></span> <span class='ocrx_word' id='word_1_234' title='bbox 1560 3722 1710 3784; x_wconf 75' lang='lat' dir='ltr'><strong>consmto</strong></span> <span class='ocrx_word' id='word_1_235' title='bbox 1726 3717 1992 3788; x_wconf 83' lang='lat' dir='ltr'><strong>confirmaremus.</strong></span> 
     </span>
     <span class='ocr_line' id='line_1_27' title="bbox 435 3815 1993 3903; baseline 0.003 -17"><span class='ocrx_word' id='word_1_236' title='bbox 435 3815 505 3887; x_wconf 81' lang='lat' dir='ltr'><strong>lies</strong></span> <span class='ocrx_word' id='word_1_237' title='bbox 524 3836 599 3886; x_wconf 84' lang='lat' dir='ltr'><strong>vero</strong></span> <span class='ocrx_word' id='word_1_238' title='bbox 620 3816 680 3885; x_wconf 88' lang='lat' dir='ltr'><strong>Dei</strong></span> <span class='ocrx_word' id='word_1_239' title='bbox 701 3819 821 3886; x_wconf 87' lang='lat' dir='ltr'><strong>intuitu</strong></span> <span class='ocrx_word' id='word_1_240' title='bbox 835 3822 869 3885; x_wconf 88' lang='lat' dir='ltr'><strong>et</strong></span> <span class='ocrx_word' id='word_1_241' title='bbox 889 3819 1029 3902; x_wconf 88' lang='lat' dir='ltr'><strong>ipsorum</strong></span> <span class='ocrx_word' id='word_1_242' title='bbox 1050 3817 1256 3903; x_wconf 84' lang='lat' dir='ltr'><strong>petitionibus</strong></span> <span class='ocrx_word' id='word_1_243' title='bbox 1283 3837 1422 3886; x_wconf 89' lang='lat' dir='ltr'><strong>annuere</strong></span> <span class='ocrx_word' id='word_1_244' title='bbox 1445 3819 1617 3903; x_wconf 82' lang='lat' dir='ltr'><strong>cupientes,</strong></span> <span class='ocrx_word' id='word_1_245' title='bbox 1647 3819 1766 3887; x_wconf 85' lang='lat' dir='ltr'><strong>dictem</strong></span> <span class='ocrx_word' id='word_1_246' title='bbox 1791 3821 1993 3891; x_wconf 79' lang='lat' dir='ltr'><strong>donationem</strong></span> 
     </span>
     <span class='ocr_line' id='line_1_28' title="bbox 435 3909 1992 4006; baseline 0.003 -18"><span class='ocrx_word' id='word_1_247' title='bbox 435 3924 560 4005; x_wconf 63' lang='lat' dir='ltr'><strong>aetem</strong></span> <span class='ocrx_word' id='word_1_248' title='bbox 581 3925 615 3988; x_wconf 89' lang='lat' dir='ltr'><strong>et</strong></span> <span class='ocrx_word' id='word_1_249' title='bbox 635 3926 741 3988; x_wconf 88' lang='lat' dir='ltr'><strong>ratam</strong></span> <span class='ocrx_word' id='word_1_250' title='bbox 759 3919 920 4002; x_wconf 78' lang='lat' dir='ltr'><strong>habentes,</strong></span> <span class='ocrx_word' id='word_1_251' title='bbox 941 3922 1043 4006; x_wconf 87' lang='lat' dir='ltr'><strong>ipsam</strong></span> <span class='ocrx_word' id='word_1_252' title='bbox 1064 3909 1217 4006; x_wconf 81' lang='lat' dir='ltr'><strong>perpetuo</strong></span> <span class='ocrx_word' id='word_1_253' title='bbox 1239 3922 1469 3989; x_wconf 84' lang='lat' dir='ltr'><strong>confirmemus.</strong></span> <span class='ocrx_word' id='word_1_254' title='bbox 1514 3921 1562 3989; x_wconf 91' lang='lat' dir='ltr'><strong>Ut</strong></span> <span class='ocrx_word' id='word_1_255' title='bbox 1581 3927 1690 3989; x_wconf 88' lang='lat' dir='ltr'><strong>autem</strong></span> <span class='ocrx_word' id='word_1_256' title='bbox 1712 3924 1770 3990; x_wconf 88' lang='lat' dir='ltr'><strong>bec</strong></span> <span class='ocrx_word' id='word_1_257' title='bbox 1792 3923 1992 3994; x_wconf 84' lang='lat' dir='ltr'><strong>confirmacio</strong></span> 
     </span>
     <span class='ocr_line' id='line_1_29' title="bbox 439 4020 1993 4110; baseline 0.003 -20"><span class='ocrx_word' id='word_1_258' title='bbox 439 4026 474 4090; x_wconf 89' lang='lat' dir='ltr'><strong>et</strong></span> <span class='ocrx_word' id='word_1_259' title='bbox 491 4020 622 4090; x_wconf 85' lang='lat' dir='ltr'><strong>donacio</strong></span> <span class='ocrx_word' id='word_1_260' title='bbox 644 4021 741 4089; x_wconf 89' lang='lat' dir='ltr'><strong>robur</strong></span> <span class='ocrx_word' id='word_1_261' title='bbox 760 4028 912 4106; x_wconf 89' lang='lat' dir='ltr'><strong>perpetue</strong></span> <span class='ocrx_word' id='word_1_262' title='bbox 933 4023 1077 4107; x_wconf 79' lang='lat' dir='ltr'><strong>optineat</strong></span> <span class='ocrx_word' id='word_1_263' title='bbox 1095 4023 1267 4106; x_wconf 85' lang='lat' dir='ltr'><strong>firmitatis,</strong></span> <span class='ocrx_word' id='word_1_264' title='bbox 1289 4029 1467 4108; x_wconf 88' lang='lat' dir='ltr'><strong>presentem</strong></span> <span class='ocrx_word' id='word_1_265' title='bbox 1490 4024 1637 4108; x_wconf 77' lang='lat' dir='ltr'><strong>paginam</strong></span> <span class='ocrx_word' id='word_1_266' title='bbox 1657 4026 1759 4092; x_wconf 87' lang='lat' dir='ltr'><strong>nostri</strong></span> <span class='ocrx_word' id='word_1_267' title='bbox 1780 4026 1877 4110; x_wconf 81' lang='lat' dir='ltr'><strong>sigilli</strong></span> <span class='ocrx_word' id='word_1_268' title='bbox 1891 4030 1993 4095; x_wconf 87' lang='lat' dir='ltr'><strong>muni·</strong></span> 
     </span>
     <span class='ocr_line' id='line_1_30' title="bbox 436 4123 1994 4212; baseline 0.004 -21"><span class='ocrx_word' id='word_1_269' title='bbox 436 4123 521 4191; x_wconf 88' lang='lat' dir='ltr'><strong>mine</strong></span> <span class='ocrx_word' id='word_1_270' title='bbox 541 4123 727 4193; x_wconf 86' lang='lat' dir='ltr'><strong>roboramus</strong></span> <span class='ocrx_word' id='word_1_271' title='bbox 748 4124 946 4208; x_wconf 74' lang='lat' dir='ltr'><strong>presentibus</strong></span> <span class='ocrx_word' id='word_1_272' title='bbox 965 4125 1015 4191; x_wconf 86' lang='lat' dir='ltr'><strong>bis</strong></span> <span class='ocrx_word' id='word_1_273' title='bbox 1037 4125 1186 4193; x_wconf 86' lang='lat' dir='ltr'><strong>testibus:</strong></span> <span class='ocrx_word' id='word_1_274' title='bbox 1208 4125 1335 4194; x_wconf 80' lang='lat' dir='ltr'><strong>donico</strong></span> <span class='ocrx_word' id='word_1_275' title='bbox 1357 4126 1526 4194; x_wconf 84' lang='lat' dir='ltr'><strong>vincentio</strong></span> <span class='ocrx_word' id='word_1_276' title='bbox 1548 4128 1710 4212; x_wconf 87' lang='lat' dir='ltr'><strong>preposito</strong></span> <span class='ocrx_word' id='word_1_277' title='bbox 1732 4127 1941 4197; x_wconf 87' lang='lat' dir='ltr'><strong>Poznaniensi</strong></span> <span class='ocrx_word' id='word_1_278' title='bbox 1959 4137 1994 4198; x_wconf 88' lang='lat' dir='ltr'><strong>et</strong></span> 
     </span>
    </p>
   </div>
   <div class='ocr_carea' id='block_1_12' title="bbox 298 4225 1993 4310">
    <p class='ocr_par' dir='ltr' id='par_1_14' title="bbox 298 4225 1993 4310">
     <span class='ocr_line' id='line_1_31' title="bbox 298 4225 1993 4310; baseline 0.002 -16"><span class='ocrx_word' id='word_1_279' title='bbox 298 4298 302 4305; x_wconf 64' lang='grc'><strong>,</strong></span> <span class='ocrx_word' id='word_1_280' title='bbox 437 4225 624 4294; x_wconf 71' lang='lat' dir='ltr'><strong>mosellano</strong></span> <span class='ocrx_word' id='word_1_281' title='bbox 646 4232 766 4308; x_wconf 84' lang='lat' dir='ltr'><strong>nostro,</strong></span> <span class='ocrx_word' id='word_1_282' title='bbox 788 4226 913 4294; x_wconf 90' lang='lat' dir='ltr'><strong>domino</strong></span> <span class='ocrx_word' id='word_1_283' title='bbox 936 4227 1089 4310; x_wconf 79' lang='lat' dir='ltr'><strong>Gregorio</strong></span> <span class='ocrx_word' id='word_1_284' title='bbox 1109 4227 1227 4294; x_wconf 90' lang='lat' dir='ltr'><strong>decano</strong></span> <span class='ocrx_word' id='word_1_285' title='bbox 1248 4226 1463 4305; x_wconf 87' lang='lat' dir='ltr'><strong>Poznaniensi,</strong></span> <span class='ocrx_word' id='word_1_286' title='bbox 1493 4230 1608 4296; x_wconf 90' lang='lat' dir='ltr'><strong>comite</strong></span> <span class='ocrx_word' id='word_1_287' title='bbox 1636 4230 1795 4296; x_wconf 87' lang='lat' dir='ltr'><strong>Petrkone</strong></span> <span class='ocrx_word' id='word_1_288' title='bbox 1821 4232 1993 4299; x_wconf 87' lang='lat' dir='ltr'><strong>castellano</strong></span> 
     </span>
    </p>
   </div>
   <div class='ocr_carea' id='block_1_13' title="bbox 436 4327 1993 4518">
    <p class='ocr_par' dir='ltr' id='par_1_15' title="bbox 436 4327 1993 4518">
     <span class='ocr_line' id='line_1_32' title="bbox 436 4327 1993 4409; baseline 0.004 -14"><span class='ocrx_word' id='word_1_289' title='bbox 436 4327 652 4409; x_wconf 81' lang='lat' dir='ltr'><strong>Poennniensi,</strong></span> <span class='ocrx_word' id='word_1_290' title='bbox 675 4328 789 4396; x_wconf 73' lang='lat' dir='ltr'><strong>confite</strong></span> <span class='ocrx_word' id='word_1_291' title='bbox 810 4327 949 4396; x_wconf 88' lang='lat' dir='ltr'><strong>lobanne</strong></span> <span class='ocrx_word' id='word_1_292' title='bbox 970 4330 1133 4397; x_wconf 87' lang='lat' dir='ltr'><strong>subindicc</strong></span> <span class='ocrx_word' id='word_1_293' title='bbox 1154 4335 1271 4398; x_wconf 88' lang='lat' dir='ltr'><strong>nostro.</strong></span> <span class='ocrx_word' id='word_1_294' title='bbox 1303 4332 1419 4398; x_wconf 75' lang='lat' dir='ltr'><strong>Actum</strong></span> <span class='ocrx_word' id='word_1_295' title='bbox 1440 4337 1474 4398; x_wconf 89' lang='lat' dir='ltr'><strong>et</strong></span> <span class='ocrx_word' id='word_1_296' title='bbox 1493 4331 1602 4398; x_wconf 84' lang='lat' dir='ltr'><strong>datum</strong></span> <span class='ocrx_word' id='word_1_297' title='bbox 1625 4333 1658 4397; x_wconf 92' lang='lat' dir='ltr'><strong>in</strong></span> <span class='ocrx_word' id='word_1_298' title='bbox 1680 4331 1808 4400; x_wconf 78' lang='lat' dir='ltr'><strong>Pernen</strong></span> <span class='ocrx_word' id='word_1_299' title='bbox 1829 4352 1913 4402; x_wconf 92' lang='lat' dir='ltr'><strong>anno</strong></span> <span class='ocrx_word' id='word_1_300' title='bbox 1928 4335 1993 4402; x_wconf 88' lang='lat' dir='ltr'><strong>Do·</strong></span> 
     </span>
     <span class='ocr_line' id='line_1_33' title="bbox 437 4430 1411 4518; baseline 0.001 -20"><span class='ocrx_word' id='word_1_301' title='bbox 437 4431 515 4498; x_wconf 89' lang='lat' dir='ltr'><strong>mini</strong></span> <span class='ocrx_word' id='word_1_302' title='bbox 536 4430 767 4500; x_wconf 65' lang='lat' dir='ltr'><strong>dcccxxx</strong></span> <span class='ocrx_word' id='word_1_303' title='bbox 788 4432 931 4515; x_wconf 88' lang='lat' dir='ltr'><strong>septimo,</strong></span> <span class='ocrx_word' id='word_1_304' title='bbox 952 4431 1127 4502; x_wconf 89' lang='lat' dir='ltr'><strong>Indictione</strong></span> <span class='ocrx_word' id='word_1_305' title='bbox 1147 4432 1411 4518; x_wconf 88' lang='lat' dir='ltr'><strong>quintadecima.</strong></span> 
     </span>
    </p>
   </div>
   <div class='ocr_carea' id='block_1_14' title="bbox 543 4633 866 4720">
    <p class='ocr_par' dir='ltr' id='par_1_16' title="bbox 543 4633 866 4720">
     <span class='ocr_line' id='line_1_34' title="bbox 543 4633 866 4720; baseline -0.015 -14"><span class='ocrx_word' id='word_1_306' title='bbox 543 4633 694 4720; x_wconf 77' lang='lat' dir='ltr'><strong>Grirowo,</strong></span> <span class='ocrx_word' id='word_1_307' title='bbox 715 4640 866 4704; x_wconf 74' lang='lat' dir='ltr'><strong>Krerouo.</strong></span> 
     </span>
    </p>
   </div>
   <div class='ocr_carea' id='block_1_15' title="bbox 0 0 2439 6180">
    <p class='ocr_par' dir='ltr' id='par_1_17' title="bbox 0 0 2439 6180">
     <span class='ocr_line' id='line_1_35' title="bbox 0 0 2439 6180; baseline 0 0"><span class='ocrx_word' id='word_1_308' title='bbox 0 0 2439 6180; x_wconf 95' lang='lat' dir='ltr'><strong> </strong></span> 
     </span>
    </p>
   </div>
  </div>
 </body>
</html>
