4476 6180
1936 221 2012 303 293

465 426 567 499 reucie
592 413 757 495 bosram
800 424 934 496 Noverit
966 429 1073 495 vestra
1098 427 1269 495 reverenda
1300 427 1486 514 patomitas,
1520 425 1603 512 quod
1636 444 1694 493 nas
1720 425 1753 494 in
1779 425 1912 496 sabbato
1938 431 2014 496 ante

464 529 650 600 dominicum
669 530 701 596 in
720 529 870 598 Passieno
891 528 933 598 ad
955 529 1083 596 domum
1105 528 1145 597 de
1166 528 1283 598 Suliew
1304 551 1369 600 una
1390 551 1461 598 cum
1494 528 1627 596 donninis
1649 528 1686 595 B.
1709 528 1749 595 de
1770 526 1876 598 Chiric
1898 538 1932 598 et
1950 529 2012 616 Ny.

463 635 503 702 de
522 632 667 700 Bissovia
688 631 855 700 abbatibus
877 631 1048 700 secundum
1073 634 1323 701 commissionem
1339 634 1478 719 Capituli
1492 631 1646 718 genemlis
1660 636 1695 698 et
1706 638 1844 699 vestram
1863 634 2014 702 aeceden-

464 744 522 817 tes,
544 753 601 819 pro
620 734 768 802 scarrdule
790 735 917 802 Ordinis
936 734 1082 802 evitando
1104 742 1138 802 et
1152 737 1234 804 bono
1255 739 1341 822 pacis
1363 736 1569 817 reformande,
1590 733 1629 801 de
1643 733 1774 801 consilio
1787 734 1944 803 dictorum
1958 736 2014 804 ab·

463 838 583 918 batum,
605 854 798 904 assessorum
821 844 1013 920 nostmrum,
1035 836 1119 904 iuter
1140 858 1199 905 nos
1220 846 1255 907 et
1274 839 1472 908 conventum
1493 841 1533 908 dc
1555 837 1672 906 Suliow
1693 836 1925 904 ordinacionem
1940 836 2015 906 ieci·
2143 845 2145 847 ’

463 958 534 1008 mus
556 936 808 1022 infrascriptam:
830 939 976 1007 videlicet
997 939 1082 1024 qued
1104 940 1186 1008 idem
1209 941 1390 1011 Conventus
1415 943 1499 1011 omni
1526 941 1587 1008 iun·
1613 938 1784 1007 mansionis
1813 957 1870 1006 sue
1891 940 1924 1007 in
1945 939 2014 1008 leco
2102 990 2105 997 .

463 1041 605 1128 predicta
623 1040 663 1107 de
684 1040 800 1108 Suliow
822 1048 926 1109 vestre
947 1041 1104 1109 voluntati
1126 1043 1239 1111 oedem
1253 1046 1417 1112 renunciat
1431 1045 1514 1112 boaa
1535 1042 1710 1110 voluntate:
1733 1041 1780 1107 lta
1794 1046 1832 1107 ut
1844 1041 1912 1108 viee
1926 1059 2015 1108 man·

464 1145 561 1213 sienis
583 1162 639 1211 sue
661 1144 693 1209 in
716 1142 843 1225 Suliew,
865 1144 994 1212 demum
1011 1145 1052 1211 de
1073 1145 1216 1214 Bissovia
1245 1167 1316 1215 cum
1346 1148 1490 1215 omnibus
1516 1144 1715 1231 pertinentiis
1740 1143 1806 1210 suis
1835 1148 1868 1210 et
1894 1141 2015 1212 Locum

464 1246 568 1316 sancti
586 1245 742 1314 Gotbardi
764 1264 837 1312 cum
859 1247 1003 1314 omnibus
1018 1249 1218 1332 pertinentiis
1232 1250 1308 1332 suis,
1330 1250 1371 1317 ad
1385 1248 1617 1318 relormandum
1633 1247 1747 1315 ibidem
1763 1246 1823 1314 Dei
1837 1245 2012 1330 servicium,

465 1349 633 1418 dummodo
654 1347 778 1433 possint
797 1346 916 1415 babere
936 1348 1061 1418 litteras
1081 1352 1272 1419 sanctissimi
1293 1354 1394 1438 patris
1415 1353 1534 1421 domini
1548 1351 1672 1419 abbatis
1686 1348 1831 1417 cistercii
1846 1352 1880 1415 et
1892 1355 2015 1415 vestras

466 1469 561 1536 super
581 1451 641 1518 hac
661 1446 860 1518 ordinacione
882 1450 1048 1534 conlectus,
1072 1453 1276 1538 resignantes,
1299 1456 1361 1522 rite
1382 1459 1534 1540 perpetuo
1550 1451 1740 1521 confirmetis
1762 1450 1879 1518 eisdem
1898 1448 2015 1518 litteris

466 1555 650 1634 inseremus,
671 1553 755 1636 quod
776 1551 889 1618 domus
909 1552 949 1619 de
968 1552 1085 1621 Suliew
1105 1557 1317 1638 possessiones
1338 1575 1413 1623 suas
1440 1555 1533 1640 louge
1562 1556 1641 1622 sitas
1663 1559 1697 1620 et
1718 1552 1781 1620 sibi
1801 1552 1940 1635 inutiles,
1969 1552 2016 1619 vi·

467 1655 584 1724 delicet
603 1653 738 1721 Dobmw
760 1672 831 1721 eum
853 1653 998 1721 omnibus
1019 1657 1221 1739 pertinenciis
1242 1658 1318 1739 suis,
1339 1665 1373 1725 et
1394 1657 1537 1739 Pecbow,
1567 1662 1602 1724 et
1622 1655 1838 1741 Subulpinam,
1860 1660 1894 1722 et
1913 1653 2015 1722 Debr-

467 1758 569 1840 ebarn,
590 1757 684 1824 dictis
702 1755 790 1837 loeis,
812 1755 954 1824 Bissorie
974 1759 1095 1825 scilieet
1116 1766 1149 1826 et
1170 1766 1281 1827 saneto
1302 1760 1466 1828 Gotbardo
1495 1766 1530 1826 et
1559 1757 1682 1844 prelato
1710 1756 1886 1825 mercatui
1906 1756 2016 1824 roluu·

467 1862 548 1930 taric
559 1861 626 1928 siut
639 1860 782 1941 cenitari,
797 1865 950 1944 perpetuo
964 1860 1145 1944 resignabit
1175 1862 1353 1949 Eapropter
1368 1862 1538 1931 reverende
1552 1861 1716 1928 sanctitati
1730 1865 1835 1927 vestre
1853 1858 2017 1926 consulere

467 1963 618 2033 audentes
639 1960 752 2030 devote
772 1963 994 2047 supplicamus,
1015 1969 1172 2046 quatenus
1193 1965 1274 2032 bane
1295 1965 1503 2050 prescriptam
1524 1963 1767 2042 ordinacionem,
1789 1960 2015 2049 utriqueparti

468 2063 626 2136 sdubrenr
645 2071 680 2132 et
700 2065 872 2146 comedam,
894 2083 990 2150 quam
1011 2063 1051 2131 de
1073 2072 1179 2134 vestra
1193 2070 1387 2152 paternitate
1405 2065 1596 2136 confidentes
1610 2063 1749 2131 finaliter
1763 2062 1920 2145 inivimus,
1935 2081 2017 2130 sem·

468 2187 525 2255 per
544 2173 648 2235 ratam
669 2166 844 2235 habendam
864 2169 927 2235 rite
946 2168 1102 2252 prelibato
1123 2169 1216 2238 mode
1238 2170 1439 2253 confirmetis,
1462 2176 1496 2239 et
1517 2167 1734 2238 confirmatam
1755 2167 1818 2233 um
1833 2165 1919 2234 dieto
1934 2164 2017 2233 con·

469 2271 577 2340 ventu
599 2270 836 2337 transmittatis.
878 2270 917 2336 ln
939 2271 1028 2338 cuins
1048 2272 1095 2340 rei
1117 2274 1331 2342 testimonium
1357 2274 1474 2342 nostris
1501 2279 1536 2341 et
1556 2272 1714 2340 dictorum
1742 2287 1937 2337 assessorum
1960 2287 2017 2337 no·

470 2379 609 2443 utrorum
628 2373 745 2457 sigillis¹
761 2371 843 2440 banc
862 2371 1006 2441 litteram
1025 2374 1221 2444 roboramus.

572 2475 640 2543 Nos
659 2493 733 2542 rero
754 2475 915 2560 predictus
934 2473 976 2543 H.
998 2475 1096 2544 abbas
1117 2477 1309 2546 Merimuudi
1330 2478 1561 2546 ordinacionem
1578 2477 1662 2545 banc
1674 2475 1885 2562 approbamus
1898 2480 1933 2543 et
1945 2492 2017 2542 eam

470 2579 660 2647 auctoritate
681 2584 813 2664 paterna
834 2577 1064 2662 confirmamus,
1086 2586 1120 2648 et
1138 2581 1282 2666 predicta
1307 2582 1377 2650 loca
1396 2601 1468 2650 eum
1495 2583 1562 2648 suis
1589 2579 1792 2666 pertinenciis
1813 2577 1907 2645 dictis
1928 2576 2016 2660 loeis,

472 2680 613 2750 bimaris
633 2686 667 2749 et
684 2680 724 2748 de
747 2687 857 2749 saneto
876 2680 1039 2750 domum
1056 2683 1240 2766 adunamus,
1262 2689 1297 2752 et
1317 2683 1503 2752 filiacion-
1524 2681 1747 2750 domicellis
1761 2680 1863 2747 saneti
1876 2679 2017 2763 Georgii,
2071 2768 2074 2772 Δ

388 2782 392 2789 ’
471 2803 573 2872 equa
592 2785 695 2870 primo
715 2783 803 2851 locrus
824 2785 926 2852 sancti
947 2785 1104 2853 Gotbardi
1126 2786 1232 2868 exivit,
1253 2787 1455 2869 mcribentes,
1482 2785 1557 2854 buia
1577 2785 1716 2870 presenti
1744 2784 1852 2851 littere
1879 2781 2019 2867 sigillum

471 2893 614 2956 metrum
632 2905 697 2953 aua
717 2904 788 2955 cum
809 2886 996 2954 venerabilis
1017 2886 1063 2955 lo.
1085 2887 1247 2956 coabbatis
1268 2890 1369 2956 nostri
1397 2888 1481 2956 dicte
1509 2887 1621 2956 demus
1648 2886 1689 2954 de
1715 2883 1843 2966 Sabou,
1870 2885 1926 2970 qai
1946 2900 2019 2968 pre·

471 2989 564 3059 dietis
582 2988 727 3057 omuibus
752 3007 915 3057 assensum
942 2988 1077 3075 prebuit,
1105 2991 1308 3076 apposuimus
1333 2991 1367 3057 in
1396 2989 1610 3058 testimonium
1638 2988 1794 3057 veritatis.
1836 2985 1956 3086 Dabrrn
1984 2985 2019 3053 in

472 3092 578 3180 vigalia
597 3092 684 3161 beati
704 3090 853 3161 lobannis
874 3091 1020 3177 Baptista
1036 3110 1119 3160 auno
1139 3093 1268 3160 murini
1288 3091 1438 3162 Mllclr.
1460 3094 1585 3181 quinto,
1605 3098 1684 3178 aput
1704 3089 1950 3171 Merimuadum.

577 3298 705 3383 Saliam,
728 3303 867 3379 Srdcjon.
896 3296 1067 3380 weneloc,
1095 3301 1253 3386 qubock.
1281 3296 1489 3383 coprirmcia,
1510 3301 1740 3382 Koprzyreniea
1767 3294 1884 3379 Cblrlc,
1907 3297 2019 3376 Smy-

473 3422 550 3469 rzea
593 3401 745 3486 Bistonia,
769 3407 918 3485 Byrm
962 3401 1066 3470 Iocus
1086 3418 1113 3468 s.
1135 3400 1302 3484 Gctbardi,
1325 3405 1446 3482 Sapitoi
1462 3401 1561 3483 μόνην
1583 3421 1617 3483 p.
1640 3422 1678 3468 m.
1716 3402 1911 3465 Wtoecme.
1954 3394 2019 3463 De·

473 3502 568 3587 bron,
598 3508 729 3571 hebrom
772 3503 915 3588 Pachom,
941 3510 1084 3572 Pieczerr.
1129 3504 1344 3589 Sebulpinum,
1376 3507 1506 3585 Crotpira
1554 3502 1712 3600 Dobraha
1740 3504 1846 3570 Debre.
1897 3499 2019 3567 Munus

475 3604 576 3674 vellis
596 3625 622 3675 a
644 3606 783 3692 Georgii,
804 3611 939 3673 klosztor
961 3609 1310 3695 camaracensem
1332 3604 1471 3674 letabor.¹

1141 3904 1216 3991 Νι.
1248 3900 1348 3991 329.

577 4098 733 4184 Prtmlzl
760 4100 837 4184 (lux
861 4098 1012 4184 Pblbniu
1038 4105 1174 4183 1255
1201 4099 1297 4204 δορὶ.
1322 4104 1406 4198 29,
1430 4099 1474 4183 ln
1490 4100 1653 4203 Paullum
1667 4121 1799 4185 renovat
1812 4115 1852 4184 de
1866 4132 2020 4184 consensa

476 4217 581 4288 fratris
602 4221 652 4289 sui
673 4220 761 4288 ducis
782 4221 920 4289 Boleslai
941 4221 1141 4290 donationem
1162 4221 1367 4289 baereditatis
1390 4220 1548 4305 Cboeiule,
1574 4220 1766 4288 monasterio
1786 4220 1827 4287 de
1846 4217 2020 4286 Tnebuiea

477 4321 716 4543 numm
746 4430 881 4509 main,
902 4446 925 4490 a
945 4425 1068 4506 ktdrepo
1098 4431 1255 4508 pozortuly
1285 4424 1426 4493 zdmdct
1452 4428 1716 4510 przpeierzangclt
1738 4428 1874 4513 picezfel
1893 4425 2020 4489 meets

471 4529 741 4698 mdaem‘
770 4634 886 4711 Kontgl
910 4633 1015 4695 Stante
1036 4633 1154 4696 Archia
1180 4630 1314 4696 trebes.
1329 4633 1383 4698 It'r.
1399 4633 1452 4699 82.
1462 4667 1507 4680 -
1522 4633 1675 4715 Morbucd,
1697 4628 1905 4711 Wauonotce,
1918 4648 1949 4710 p.
1964 4628 2019 4692 21.

576 4834 761 4904 Iunonius
782 4834 909 4904 Domini
930 4854 1031 4903 amen.
1075 4835 1176 4917 Quum
1198 4834 1328 4902 bomani
1349 4837 1472 4920 generis
1494 4837 1638 4905 acciones
1657 4836 1758 4904 modis
1786 4833 1883 4901 variis
1908 4831 2021 4899 immu-

481 4939 585 5007 tantm
604 4939 667 5006 uisi
688 4940 869 5008 testimonie
890 4941 939 5008 vei
962 4939 1071 5023 scripti
1093 4939 1264 5006 munimine
1286 4937 1403 5005 luerint
1424 4938 1568 5021 solidate,
1598 4957 1656 5005 nos
1682 4938 1780 5021 igitur
1806 4933 1940 5004 Premial
1960 4933 2021 5001 Dei

482 5041 580 5117 grecia
598 5040 662 5109 dux
683 5042 810 5109 Polonie
831 5049 940 5110 notem
962 5062 1030 5110 ease
1052 5041 1194 5109 volumus
1216 5043 1369 5109 ninivensis
1384 5047 1450 5108 tam
1465 5040 1663 5125 presentibus
1677 5059 1773 5125 quam
1788 5037 1912 5119 laturis,
1934 5034 2020 5120 qued

485 5155 537 5207 bue
562 5163 601 5212 ex
625 5146 719 5231 plena
745 5146 970 5215 deliberatione
995 5152 1029 5213 et
1055 5164 1208 5213 conserua
1240 5145 1349 5212 fratris
1383 5146 1484 5211 nestri
1512 5144 1601 5211 ducis
1634 5142 1794 5211 Bolealavi
1816 5159 1874 5209 nec
1900 5157 1964 5208 nou
1988 5145 2023 5208 et

299 5208 323 5477 ἰ

176 5484 354 5958 ll

348 5920 369 6077 i
