4860 6180
1905 406 1980 510 ser

432 607 563 697 provida
580 611 759 696 sapientum
777 610 918 679 decrevit
938 608 1121 695 auctoritm,
1144 618 1182 679 ut
1202 611 1353 697 quidquid
1375 615 1454 697 aput
1474 611 1625 680 mortales
1649 611 1755 697 agitur
1775 610 1905 695 dignum
1927 629 1984 677 no·

433 713 595 781 timeamve
616 713 718 796 hudo,
741 713 774 780 id
799 713 903 799 ipsum
931 712 1161 781 aumatioarmn
1191 714 1370 782 litterarum
1392 715 1468 802 (sic)
1489 714 1663 799 legencium
1692 715 1841 782 memorie
1870 714 1985 781 debent

432 815 620 883 comendam.
664 816 766 900 Igitur
787 834 844 884 uos
865 813 1029 882 Boleslmrs
1048 816 1112 910 ilci
1125 816 1231 900 gracia
1252 818 1317 884 dux
1338 817 1480 884 Mazovia
1494 824 1528 884 et
1540 818 1685 885 dominus
1698 817 1859 885 Plocensis
1873 823 1984 883 ιιοιιιιιι

433 935 503 986 esse
523 917 667 986 volumus
689 919 845 987 universis
866 918 949 985 hauc
972 919 1126 985 curtulmu
1145 919 1344 1004 inspecturis,
1366 920 1451 1003 quod
1472 919 1513 988 ob
1531 939 1670 989 amorem
1692 926 1726 988 et
1737 920 1912 988 amiciciam
1927 937 1985 986 uec

433 1037 496 1088 non
517 1021 729 1090 reverenciam
751 1020 938 1088 venerabilis
959 1020 992 1086 in
1015 1019 1142 1088 Christo
1169 1022 1270 1105 patris
1300 1022 1418 1089 domiui
1442 1022 1556 1106 Iacchi,
1587 1023 1694 1091 divina
1712 1022 1913 1107 providencia
1933 1040 1984 1087 ar·

434 1122 624 1210 chlepiscopi
644 1130 754 1192 sancte
774 1124 971 1192 Gnecneusis
991 1123 1131 1205 ecclesie,
1153 1124 1254 1192 eidem
1272 1125 1399 1192 domiuo
1420 1125 1653 1210 archiepiscopo
1682 1125 1792 1190 damus
1820 1121 1986 1190 licenciam

434 1225 468 1292 iu
488 1226 636 1295 districtu
661 1225 840 1294 Llovieensi
862 1232 1021 1294 monetam
1042 1225 1188 1307 haberuli,
1208 1225 1266 1292 tali
1284 1226 1419 1310 racione,
1441 1228 1525 1311 quod
1546 1228 1656 1295 eadem
1677 1229 1806 1292 moneta
1835 1242 1899 1290 ιιοιι
1920 1222 1985 1289 dis·

436 1333 545 1414 erepet
564 1346 585 1396 a
605 1334 734 1397 moneta
755 1335 840 1397 terre
862 1336 989 1410 nostre;
1014 1347 1109 1413 quam
1130 1335 1289 1396 monetam
1310 1331 1344 1396 iu
1364 1336 1473 1398 nostru
1499 1329 1637 1397 dominio
1660 1335 1769 1396 tenore
1790 1326 1986 1411 presencium

438 1430 536 1516 recipi
557 1429 641 1499 sicut
661 1437 805 1500 nostram
824 1432 968 1499 volumus
986 1437 1020 1498 et
1040 1431 1235 1499 mandamus
1264 1431 1303 1499 Ιιι
1324 1432 1413 1500 euius
1432 1433 1478 1500 rei
1499 1433 1714 1500 testimonium
1732 1435 1911 1514 presentem
1932 1427 1986 1494 lit·

435 1537 536 1601 teram
548 1539 658 1602 nostro
673 1534 776 1618 sigillo
791 1534 922 1602 fecimus
936 1534 1131 1602 communiri
1152 1533 1295 1602 Datum
1284 1554 1320 1601 ιιι
1332 1533 1450 1602 Plocrlr
1464 1552 1547 1602 anuo
1561 1533 1688 1602 Domini
1698 1533 1743 1600 M.
1745 1531 1809 1601 CO.
1811 1528 1986 1612 LXXXVI,

434 1632 497 1702 ΧΠ
516 1633 678 1704 menum
700 1635 782 1704 Iulii

538 1839 740 1924 nonaum,
762 1844 801 1908 de
820 1843 950 1909 Lenia.
993 1840 1120 1926 Plocalr,
1142 1845 1249 1908 Ploel.

1104 2139 1179 2225 Νι.
1211 2137 1311 2227 566.

537 2329 725 2418 Smuridue
742 2333 900 2418 Premid
919 2335 997 2417 dur
1024 2335 1339 2420 Palonle1286
1364 2336 1439 2419 Iul
1457 2340 1508 2436 2,
1534 2336 1578 2419 tn
1595 2336 1761 2437 Pernam
1778 2357 1984 2438 proteantur,

435 2453 660 2520 monesterium
680 2453 722 2521 de
751 2453 837 2522 Ohra
863 2460 1074 2523 commutasse
1100 2457 1159 2523 sub
1184 2464 1273 2525 certa
1298 2456 1516 2541 pignoratione
1546 2455 1754 2524 hereditatem
1773 2455 1885 2541 Zodyri
1914 2473 1986 2522 cum

436 2553 614 2622 molendino
632 2554 752 2623 Nialelr
771 2561 807 2624 et
827 2556 1005 2625 hereditate
1026 2559 1149 2625 comitis
1168 2557 1354 2640 Burcherdi,
1376 2558 1462 2625 dicta
1482 2557 1654 2643 Xerpicko.

538 2657 674 2726 mmet
718 2662 839 2739 Kdatpl.
861 2658 970 2727 sanas
989 2663 1080 2727 hah
1128 2664 1219 2744 oum,
1240 2664 1302 2727 Lib.
1324 2665 1425 2742 privil.
1444 2665 1500 2740 sol.
1522 2663 1575 2727 20.

541 2861 579 2930 In
608 2864 735 2932 nomiae
756 2863 884 2932 Domini
909 2882 1013 2933 amen.
1057 2865 1142 2933 Ilum
1170 2866 1249 2933 vivit
1277 2865 1385 2933 littera
1406 2863 1486 2931 vivit
1512 2869 1547 2931 et
1573 2865 1658 2932 actio
1679 2865 1847 2933 commuue
1867 2865 1985 2947 littere,

437 2963 525 3031 cuius
545 2965 683 3034 meermo
703 2965 808 3034 nutrit
829 2968 1013 3034 memoriam
1031 2973 1066 3033 et
1086 2967 1235 3036 roborata
1255 2967 1389 3052 suscipit
1409 2967 1647 3034 incrementum.
1691 2967 1862 3053 Igituruos
1877 2985 1989 3034 secun·

437 3065 497 3134 dus
517 3066 653 3135 Premisl
672 3067 731 3136 Dei
760 3069 867 3152 mama
887 3068 952 3137 dur
969 3069 1100 3138 Polouie
1119 3076 1231 3139 uotum
1251 3069 1384 3138 iacimus
1408 3068 1564 3137 universis
1586 3074 1651 3136 tam
1674 3070 1872 3153 presentibus
1893 3087 1990 3153 quam

435 3165 552 3237 intarta
586 3177 764 3256 presentem
786 3173 933 3257 paginam
953 3174 1157 3257 inspecturis,
1189 3173 1273 3258 quod
1297 3174 1332 3240 in
1352 3178 1463 3240 nostra
1482 3177 1724 3256 nostrorumque
1745 3171 1899 3239 baronum
1921 3189 1992 3257 pre·

437 3272 544 3342 souma
565 3274 755 3342 reverendus
777 3280 869 3359 pater
889 3275 1035 3343 domiuus
1057 3275 1155 3345 ahbea
1173 3274 1330 3345 Iohannes
1356 3282 1506 3359 totusque
1532 3280 1703 3341 conventus
1731 3273 1771 3341 de
1799 3273 1895 3357 Obra,
1919 3292 1990 3341 cum

437 3375 538 3443 milite
558 3383 668 3444 nostro
689 3376 873 3445 Burchardo
896 3378 993 3446 talem
1014 3379 1091 3447 iecit
1120 3379 1413 3459 commutacionem
1447 3375 1593 3444 videlicet
1613 3374 1698 3459 quod
1719 3374 1824 3443 dictus
1844 3375 1990 3443 domiuus

437 3475 537 3547 abbas
569 3477 695 3564 prelata
726 3480 833 3547 comiti
844 3480 1035 3548 >Barchardo
1057 3480 1265 3548 hereditatem
1299 3480 1410 3547 domus
1431 3479 1571 3563 predicte
1588 3476 1629 3545 de
1648 3477 1735 3544 Obra
1756 3495 1828 3545 cum
1845 3478 1991 3546 omnibus

437 3579 631 3648 utilitatibus
652 3583 788 3650 contulit
809 3601 877 3667 que
891 3583 992 3650 Zodiu
1014 3582 1186 3666 vulgariter
1205 3589 1416 3666 nuncupatur,
1438 3583 1593 3667 accipiens
1611 3582 1652 3650 ab
1679 3584 1749 3667 ipso
1778 3582 1991 3650 molendinum

436 3701 508 3751 cunr
535 3683 621 3751 omui
658 3690 825 3769 apparatu,
854 3686 1034 3753 attinenciis
1053 3703 1110 3752 sen
1135 3683 1375 3753 necessitatibus
1396 3684 1609 3769 superioribus
1630 3691 1665 3752 et
1685 3685 1885 3753 inferioribus
1903 3686 1994 3777 iuxta

437 3784 527 3854 idem
541 3785 768 3855 molendinum:
791 3787 838 3854 ita
859 3787 943 3871 quod
961 3805 1053 3855 neruo
1075 3788 1109 3855 iu
1130 3794 1292 3872 posterum
1314 3788 1383 3855 de
1374 3789 1473 3873 rpsius
1491 3788 1602 3855 militis
1616 3788 1848 3856 suecessoribus
1863 3806 1990 3856 cursum

438 3885 579 3956 eiusdem
601 3887 799 3956 molendini
790 3909 823 3956 ιιι
844 3888 951 3974 aliquo
973 3888 1089 3957 debeat
1109 3889 1271 3974 impedire,
1292 3908 1354 3957 eeu
1369 3907 1498 3957 suorum
1520 3889 1636 3974 aliquis
1651 3895 1866 3973 cognatarum
1900 3889 1991 3970 Quod

437 3989 649 4058 molendinum
672 3990 777 4058 Nallro
799 3990 946 4058 dicitur
937 4008 971 4057 ιιι
990 3991 1122 4075 uulgari,
1145 3993 1273 4058 situm
1264 4011 1296 4058 ιιι
1318 3990 1413 4059 fluvio
1435 3990 1543 4076 lloyca
1563 3995 1598 4057 et
1619 3989 1794 4059 hereditate
1818 3992 1991 4077 Karpiclro.

439 4088 659 4176 Sapradictam
682 4112 755 4161 vero
778 4094 986 4168 hereditatem
1008 4095 1114 4179 sepius
1127 4094 1232 4162 dictus
1245 4094 1390 4161 domiuus
1404 4094 1503 4161 abbas
1516 4111 1655 4177 suusque
1669 4100 1850 4177 conventus,
1865 4113 1906 4162 ne
1921 4113 1993 4180 pro·

439 4193 568 4284 cedente
591 4201 732 4280 tempore
753 4215 791 4264 ex
813 4195 873 4262 hoc
895 4196 1024 4280 aliquod
1046 4196 1175 4263 dubium
1189 4195 1322 4276 oriatur,
1345 4195 1453 4262 taliter
1470 4194 1622 4262 obtinuit:
1645 4211 1706 4277 que
1720 4194 1878 4263 hereditas
1892 4216 1994 4280 quon·

440 4295 512 4364 dam
534 4295 596 4365 tuit
616 4299 741 4365 comitis
764 4297 959 4380 Gncvomiri,
979 4300 1034 4383 qui
1053 4299 1191 4366 eiusdem
1213 4298 1399 4365 hereditatis
1413 4305 1536 4381 partam
1554 4297 1716 4364 dimidiam
1731 4298 1839 4364 domui
1852 4298 1893 4365 de
1907 4299 1994 4365 Obra

437 4416 496 4466 sua
516 4418 575 4484 pro
596 4400 699 4467 salute
722 4402 867 4484 contulit,
897 4402 994 4469 aliam
1025 4420 1100 4469 vero
1127 4408 1250 4485 partem
1280 4400 1444 4469 dimidiam
1474 4420 1532 4484 pro
1552 4400 1615 4467 alia
1632 4398 1808 4466 hereditate
1830 4399 1993 4484 cupeuino

443 4505 649 4571 eommutavit
674 4503 974 4587 impermutabiliter
1004 4523 1075 4572 cum
1104 4504 1213 4571 eadem
1243 4502 1395 4571 deurode
1419 4502 1514 4570 Obra
1558 4501 1741 4584 Quicuum
1759 4520 1834 4569 vero
1850 4504 1993 4586 supradi-

439 4612 523 4674 ctam
544 4608 821 4674 commutationem
844 4607 1077 4674 racionabiliter
1098 4605 1238 4674 habitam
1266 4626 1361 4691 super
1385 4605 1564 4674 molendino
1585 4609 1619 4670 et
1641 4603 1817 4671 hereditate
1837 4606 1994 4687 prelibata

438 4726 519 4775 aneu
548 4710 716 4776 temerario
748 4711 917 4776 immutare
937 4710 1173 4794 presumpserit,
1206 4709 1256 4776 vel
1277 4709 1506 4776 immutandam
1529 4705 1644 4799 iudicio
1664 4707 1881 4787 attentaverit,
1903 4707 1994 4774 uobis

440 4810 492 4877 vel
513 4811 633 4877 ιιοιιιιίι
654 4811 896 4889 successorihus,
926 4811 968 4877 ad
990 4830 1124 4895 quorum
1146 4810 1342 4878 autlienciam
1364 4810 1427 4874 istu
1445 4808 1639 4889 devenerint,
1661 4808 1891 4891 quinquaginta
1911 4827 1993 4875 mar-

440 4931 493 4980 ona
525 4914 644 4980 usualis
675 4913 797 4997 arpenti
832 4913 921 4995 priua
954 4914 1075 4981 solvere
1105 4918 1280 4993 teneantur,
1309 4919 1343 4978 et
1364 4918 1437 4995 post
1457 4911 1515 4978 hec
1533 4911 1812 4978 commutacionem
1834 4916 1995 4978 attentent

439 5014 660 5082 racionabilem
689 5015 817 5082 violare.
855 5013 937 5098 Scpe
959 5015 1059 5081 eciam
1081 5015 1184 5081 dictus
1205 5013 1304 5081 abbas
1325 5032 1465 5096 suusque
1486 5018 1659 5080 convontus
1681 5013 1788 5079 comiti
1810 5013 1995 5081 Bureltardo

439 5115 562 5200 prelato
591 5117 704 5198 viginti
738 5136 863 5184 nuareas
892 5115 1013 5184 manlia
1040 5117 1163 5199 orgrsmi
1190 5115 1231 5182 ad
1258 5115 1464 5183 hereditatem
1492 5115 1609 5181 iliatam
1630 5114 1774 5196 supouus
1794 5113 1993 5183 addiderunt.

438 5219 476 5286 ln
494 5218 589 5286 huius
612 5219 657 5285 rei
680 5220 906 5301 testimonium,
937 5225 1116 5303 presentem
1138 5218 1279 5285 litteram
1297 5218 1394 5301 sigilli
1416 5217 1588 5284 munimine
1608 5216 1842 5283 corulimuamus.
1884 5215 1994 5284 Testae
2124 5248 2127 5254 =

359 5379 361 5383 .
441 5329 516 5390 cnut
534 5321 595 5389 hii:
625 5341 729 5389 eomes
751 5322 894 5389 Andreas
913 5321 1007 5389 iudex
1032 5321 1237 5402 Grreeuensis,
1260 5339 1364 5386 eunucu
1386 5320 1511 5386 Patrico
1526 5317 1619 5384 iudex
1635 5315 1867 5400 Poauarriensis,
1890 5335 1995 5387 comcs
