4860 6180
1243 792 1319 900 rvr,
1351 791 1451 879 ser.

677 983 835 1071 lacobus
862 985 1059 1070 (inomaus
1093 987 1389 1094 archiepiscopus
1416 969 1551 1069 128ss
1577 984 1661 1072 lan
1680 989 1724 1087 6,
1751 985 1793 1072 in
1810 980 2126 1089 imdcionoibp·

576 1105 688 1209 h0d03
714 1124 780 1192 edit
798 1123 928 1193 Stamtc
949 1142 1006 1208 per
1026 1124 1189 1191 ecclesiam
1209 1125 1359 1194 Poloniue
1381 1124 1584 1194 observanda.

676 1229 713 1292 a
726 1230 829 1308 moe,
855 1232 1067 1306 cormacum
1093 1230 1323 1294 comitialium
1344 1233 1520 1310 Syaodules,
1546 1248 1579 1308 p.
1602 1229 1675 1292 ios.
1698 1263 1738 1280 -

675 1328 890 1414 (limacem
906 1335 1131 1412 poemiedzonp
1151 1351 1259 1412 przez:
1279 1330 1444 1399 iaroslaus
1465 1329 1497 1398 S.
1520 1329 1697 1398 Gneanens.
1719 1327 2125 1413 ecclesie'archiepiseopua

574 1428 658 1501 1357
680 1430 753 1500 Jan.
778 1431 830 1516 10,
851 1432 887 1499 in
899 1432 1015 1516 Kalis.)
1037 1437 1148 1518 Belesi,
1172 1439 1370 1500 Sturodm
1386 1453 1497 1516 muron
1520 1437 1618 1498 Polclr.
1636 1435 1775 1516 pamm
1796 1435 1826 1515 I,
1845 1453 1881 1513 p.
1902 1433 1977 1497 382

676 1618 715 1687 In
735 1620 861 1689 nomina
891 1620 1018 1688 Domini
1044 1623 1146 1689 nostri
1167 1622 1247 1691 lesu
1275 1621 1394 1691 Christi
1422 1640 1525 1690 amen.
1571 1618 1651 1689 cum
1676 1618 1840 1704 apostolus
1861 1618 1968 1687 dicat:
2000 1618 2127 1688 Funda-

573 1727 715 1792 mentum
736 1722 822 1790 aliud
855 1741 947 1790 nemo
966 1729 1073 1806 potest
1093 1744 1219 1809 ponere,
1249 1745 1344 1810 quam
1365 1725 1398 1792 id
1420 1725 1505 1809 quod
1531 1729 1582 1792 est
1598 1722 1692 1791 lesus
1716 1721 1878 1804 Christus3
1900 1733 1934 1790 et
1955 1720 2128 1808 Gregorius

572 1824 706 1894 mearat:
725 1824 790 1893 Ubi
812 1823 960 1892 cursous
981 1814 1218 1896 fundamentum
1240 1847 1302 1896 non
1324 1832 1385 1908 ast,
1407 1825 1526 1895 nonius
1539 1824 1615 1894 boni
1635 1824 1740 1910 operis
1761 1830 1869 1910 potest
1882 1842 1951 1894 esse
1964 1824 2128 1910 superedi-

572 1927 696 2009 deium3
723 1944 781 1995 nos
802 1926 941 1995 lacobus
962 1928 1163 1998 miseratione
1189 1930 1296 1997 Evina
1315 1928 1509 1997 Gneznensis
1535 1926 1799 2012 archiepiscopus,
1822 1945 1887 1996 una
1906 1945 1979 1996 rum
1997 1945 2127 1994 venera·

574 2028 691 2098 bilibus
711 2029 863 2097 iratribus
885 2031 1003 2098 nostris
1021 2032 1211 2117 coepiscopis
1232 2031 1391 2117 provincie
1411 2030 1552 2112 Polonie,
1574 2029 1856 2097 constitucionibua
1869 2029 2127 2114 predecessorum

572 2136 755 2201 nostrorum
787 2131 988 2199 manentibus
1015 2133 1157 2218 illibatis,
1189 2139 1321 2219 propter
1354 2133 1650 2218 multiplicationem
1681 2132 1908 2216 emergentium
1937 2149 2068 2199 casuum
2093 2136 2129 2201 at

573 2233 823 2303 subcrescentem
845 2235 1002 2303 maliciam
1021 2255 1248 2321 perversorum,
1273 2236 1380 2320 aliqua
1399 2236 1547 2303 duximus
1568 2233 1748 2315 statuenda,
1774 2233 2022 2313 ahmdsmento
2042 2234 2128 2319 quod

573 2338 713 2423 positum
734 2344 794 2420 est,
816 2337 901 2422 quod
923 2344 974 2408 est
994 2338 1149 2422 Christus,
1172 2347 1206 2407 et
1220 2338 1281 2407 fide
1298 2338 1470 2420 katholico,
1492 2356 1556 2422 que
1569 2337 1610 2405 de
1627 2339 1697 2422 ipso
1712 2343 1747 2404 et
1759 2354 1856 2421 super
1876 2336 1981 2421 ipsum
1994 2335 2129 2405 hundata

573 2443 633 2523 cast,
653 2444 766 2524 utpote
786 2458 884 2525 supra
903 2439 1026 2508 firmam
1047 2447 1170 2527 petram
1192 2441 1407 2526 principaliter
1427 2440 1620 2508 inchoantes.

677 2541 826 2626 Inprimis
855 2559 931 2626 ergo
956 2543 1142 2611 statuimus:
1175 2543 1426 2627 quouscunque
1453 2542 1593 2627 episcopi
1625 2561 1682 2627 per
1708 2559 1782 2608 suas
1807 2540 1957 2624 dyocmes
1983 2539 2128 2626 Synodos

575 2644 811 2726 celebraverint
835 2644 979 2712 omuibus
999 2646 1191 2731 presbyteris
1211 2651 1245 2713 et
1265 2646 1386 2713 clericis
1407 2664 1465 2728 per
1482 2663 1517 2712 se
1538 2643 1589 2711 vel
1610 2662 1684 2711 suos
1706 2643 1841 2711 vicarios
1856 2642 2062 2712 &menta
2075 2662 2127 2711 ec-

573 2747 667 2816 clesie
688 2752 723 2816 at
742 2746 894 2815 articulum
915 2747 989 2814 fidei
1010 2748 1044 2815 in
1066 2748 1197 2816 simbolo
1209 2748 1383 2832 apostolico
1397 2766 1554 2831 exponere
1567 2752 1602 2814 et
1615 2747 1809 2830 distinguere
1823 2744 1939 2813 debent
1952 2746 2125 2832 sigillatim,

573 2867 645 2918 cum
666 2867 721 2918 eos
742 2850 823 2918 acha
844 2867 953 2917 omnes
974 2850 1079 2918 clerici
1100 2850 1247 2935 explicita
1268 2853 1446 2932 teneantur,
1469 2850 1503 2916 in
1517 2849 1601 2917 hunc
1614 2848 1757 2916 modum:
1780 2847 1909 2933 Septem
1922 2855 1999 2916 sunt
2012 2847 2126 2916 Sacra·

573 2956 682 3019 muta
712 2950 856 3020 ecclesie:
890 2951 1078 3036 baptismus,
1112 2951 1319 3033 confirmatio,
1351 2951 1584 3036 (Eucharistia)
1618 2950 1804 3036 penitentia,
1837 2956 1980 3027 extrema
2006 2951 2126 3034 unctio,

510 3079 512 3082 ·
575 3071 666 3122 sacer
687 3053 774 3136 ordo,
795 3054 1045 3136 matdmonium3
1068 3072 1130 3138 que
1150 3073 1208 3137 per
1229 3053 1370 3121 ordinem
1392 3053 1426 3120 in
1447 3053 1508 3122 hoc
1529 3052 1682 3121 versiculo
1698 3052 1918 3137 designantur:
1973 3118 1977 3128 ,

678 3155 793 3238 Ablue,
812 3154 913 3238 firmo,
936 3155 1016 3238 cibo,
1039 3157 1102 3239 luo,
1124 3156 1211 3238 linio,
1234 3156 1380 3242 proveho,
1400 3155 1494 3223 nubo.

678 3258 814 3326 Articuli
839 3277 913 3326 vero
940 3258 1014 3326 fidei
1035 3265 1147 3343 patent
1176 3260 1210 3325 in
1228 3259 1358 3326 simbolo
1389 3258 1497 3326 taliter
1525 3257 1756 3343 distinguendo.
1801 3257 1927 3325 Primus
1955 3255 2126 3324 articulus:

576 3359 679 3429 Credo
701 3361 736 3428 in
756 3360 860 3428 Deum
878 3367 954 3442 etc;
977 3360 1131 3429 secundus
1153 3361 1280 3446 incipit:
1310 3361 1354 3428 Et
1375 3362 1408 3428 in
1429 3360 1539 3428 lesum
1562 3359 1725 3427 Christum
1747 3365 1828 3443 etc;
1849 3359 1983 3428 mucius:
2009 3358 2128 3427 Passus

574 3463 634 3532 sub
654 3463 768 3533 Pontio
790 3469 866 3544 etc;
889 3469 1040 3548 quartus:
1062 3462 1235 3540 Descendit
1255 3463 1296 3540 ad
1309 3463 1437 3545 inform,
1459 3463 1493 3530 in
1507 3463 1613 3530 anima
1627 3468 1763 3545 tantum,
1785 3467 1863 3544 etc;
1885 3461 2030 3546 quintus:
2052 3460 2129 3528 l'en

573 3566 623 3635 aia
643 3565 696 3635 die
715 3566 889 3635 resurrexit
910 3586 932 3634 a
951 3566 1102 3647 mortus:
1125 3571 1250 3634 sertus:
1273 3565 1426 3634 Ascendit
1446 3565 1487 3633 ad
1509 3565 1594 3633 celos
1615 3565 1649 3630 in
1669 3565 1777 3632 anima
1798 3570 1832 3631 et
1853 3581 2004 3648 oorpore;
2026 3563 2126 3648 septi·

574 3667 760 3737 mus:1nde
781 3673 933 3735 venturus
954 3674 1019 3749 eat:
1048 3673 1192 3736 octavus:
1213 3665 1314 3736 Credo
1331 3669 1366 3735 in
1385 3666 1540 3753 Spiritum
1561 3672 1724 3748 sanctum:
1750 3683 1870 3734 nonus:
1893 3664 2044 3734 Smctam
2065 3664 2128 3734 Ec·

574 3768 702 3839 clasinm
730 3769 939 3850 katholicam
973 3768 1126 3836 decimus:
1160 3766 1348 3836 Sanctorum
1370 3768 1633 3852 communionem:
1664 3768 1862 3837 undecimus:
1897 3768 2127 3836 Remissionmr

573 3877 790 3957 peccatorum:
823 3871 1043 3939 duodecimus:
1075 3868 1187 3938 Carnis
1208 3873 1469 3940 resurrectionem
1491 3878 1552 3940 etc
1596 3871 1653 3939 Hii
1673 3877 1781 3940 autem
1807 3871 1935 3940 articuli
1956 3870 2129 3940 secuudum

575 3972 739 4060 theologos
761 3974 869 4042 taliter
889 3973 1120 4056 distinguntur:
1142 3974 1314 4042 secundum
1335 3993 1409 4042 vero
1431 3974 1561 4042 iuristas
1583 3979 1660 4042 sunt
1680 3980 1812 4060 septem,
1835 3981 1869 4043 et
1890 3993 1962 4042 cum
1983 3972 2045 4042 hiis
2058 3991 2129 4041 ver·

573 4075 682 4146 siculis
704 4076 813 4144 taliter
830 4075 1049 4159 designantur:

680 4178 841 4262 Nascitur,
861 4178 1012 4260 abluibrr,
1034 4177 1166 4261 patitur,
1188 4177 1351 4247 deseendit
1370 4178 1411 4246 ad
1432 4198 1516 4264 yma

681 4281 790 4367 Surgit
807 4287 842 4350 et
864 4279 1015 4362 ascendit,
1037 4280 1143 4347 veniet
1164 4280 1341 4349 discernere
1359 4288 1483 4349 cuncta.

677 4384 758 4452 Item
769 4384 949 4464 statuimus,
972 4380 1056 4466 quod
1071 4401 1178 4449 omnes
1192 4383 1308 4466 clerici,
1330 4384 1405 4451 dum
1418 4384 1514 4452 horas
1528 4383 1637 4452 dicant
1651 4383 1685 4451 in
1699 4384 1803 4470 prima
1815 4390 1850 4452 et
1864 4384 1897 4451 in
1911 4385 2126 4471 completorio,

573 4486 741 4555 simbolum
760 4486 935 4570 predictum
951 4484 1059 4551 dicant
1073 4483 1220 4554 distincte
1242 4493 1276 4554 et
1297 4487 1395 4554 eciam
1427 4505 1538 4555 omncs
1564 4486 1674 4570 horas:
1705 4493 1740 4555 et
1760 4487 1836 4554 dum
1860 4487 1926 4554 sint
1946 4489 2031 4572 apud
2053 4509 2127 4559 suas

574 4590 731 4671 ecclesias,
764 4590 798 4656 in
816 4588 955 4657 ecclesiis
983 4589 1067 4671 ipsas
1095 4586 1202 4655 dicunt
1229 4589 1337 4657 taliter
1360 4591 1428 4658 ulta
1455 4609 1540 4671 voce,
1569 4590 1654 4673 quod
1674 4609 1709 4656 se
1729 4588 1910 4674 intelligant
1938 4596 1972 4657 ct
1989 4591 2031 4659 ab
2055 4593 2128 4662 aliis

575 4692 753 4761 audiantur.
785 4691 829 4757 Et
842 4696 917 4758 anto
936 4689 1109 4774 quarnllbct
1123 4691 1233 4758 horam
1255 4693 1363 4761 dicant
1390 4695 1566 4760 orationem
1587 4692 1786 4775 dominicam,
1809 4698 1883 4777 post
1903 4692 2014 4761 horam
2035 4714 2127 4764 vero:

573 4793 666 4862 Salve
699 4795 820 4877 regina:
852 4812 923 4860 cum
951 4792 1052 4859 tribus
1081 4793 1233 4877 collectis,
1265 4797 1436 4879 primodo
1465 4797 1620 4865 Domina:
1653 4797 1788 4881 Protege
1814 4795 1964 4878 Domine:
1991 4799 2129 4867 secunda

574 4903 686 4965 contm
709 4896 856 4980 gentilos:
883 4896 970 4961 Deus
991 4896 1046 4978 quui
1073 4902 1216 4963 sanctum
1247 4896 1432 4979 Civitatem:
1460 4899 1560 4967 torcia
1580 4919 1639 4983 pro
1660 4899 1816 4967 Ecclesia:
1848 4898 1972 4965 Exaudi
1993 4900 2129 4971 nomin

573 4999 747 5067 Ecclesiam
769 5004 871 5065 tuam:
895 5017 966 5066 cnm
988 4998 1060 5064 illo:
1093 4998 1136 5065 ut
1157 5019 1266 5083 pacem
1289 5005 1377 5068 tuam
1400 5001 1518 5068 uostris
1537 5001 1672 5071 concula
1694 5000 1897 5086 temporibus.
1928 5001 2014 5073 Anto
2032 5003 2129 5074 horas

574 5122 649 5170 vcro
670 5103 722 5169 dio
736 5102 904 5169 dominica:
928 5103 995 5168 dvc
1014 5100 1132 5168 llario:
1155 5104 1287 5188 genibus
1309 5104 1492 5188 provolutis.

679 5204 856 5272 statuimus
874 5205 982 5285 otiam,
1005 5212 1043 5270 ut
1064 5223 1172 5274 omncs
1197 5208 1372 5294 presbytcri
1387 5207 1520 5290 singulis
1534 5207 1645 5275 dicbus
1659 5207 1835 5289 dominicis,
1858 5207 1944 5274 intra
1957 5208 2129 5279 missarum

574 5307 760 5391 sollempnia
780 5308 899 5375 dictum
927 5305 1092 5374 simbolum
1116 5315 1150 5375 ct
1171 5311 1347 5377 oracionem
1368 5308 1557 5378 clourirricam
1587 5316 1622 5377 at
1642 5311 1876 5379 Salutacioacm
1897 5311 2040 5396 Virginis
2060 5313 2128 5399 glo·
2155 5338 2159 5345 ·

576 5410 670 5495 riose,
692 5410 859 5481 decantato
881 5410 1023 5494 simbolo,
1045 5411 1114 5479 loco
1135 5414 1288 5481 sermonis
1309 5433 1466 5497 exponere
1487 5415 1606 5501 populo
1619 5414 1755 5484 debcant
1769 5414 1803 5481 in
1817 5415 1977 5501 Polonioo,
2000 5415 2130 5486 atiesta
