4476 6180
1006 415 1080 502 Nr.
1112 411 1212 502 353

440 610 596 697 Promisl
622 612 700 696 dnn
724 612 875 696 inlunio
903 617 1037 695 1257
1063 634 1092 695 s.
1119 612 1171 713 d.;
1197 612 1240 695 in
1256 609 1420 711 Poenam
1441 625 1547 695 urum
1568 624 1751 694 monemur
1764 623 1882 693 nem·

335 732 391 803 on
408 733 526 804 neam
546 733 696 818 raywu
729 732 942 817 compluribus
977 732 1179 802 numanus
1207 731 1320 813 numo,
1346 701 1739 799 commendaremus
1767 727 1883 797 torrem

336 836 545 907 'lbentonioos
563 834 755 904 monasterio
773 833 935 919 praedicto
958 835 1110 905 oonoodit

296 1024 298 1028 Α
440 945 581 1022 repon.
603 942 720 1020 orypia.
764 940 894 1004 naseos
913 942 956 1004 od
970 943 1211 1022 prnpmtmzeato
1222 933 1337 1017 sedo&
1351 939 1496 1023 premet

439 1040 577 1110 Pomarb.
621 1043 788 1106 Bibliotekn
805 1038 977 1122 Roczpdsl.
1007 1044 1148 1124 diplom
1166 1043 1203 1107 B.
1225 1041 1257 1108 8.
1271 1074 1317 1088 -
1330 1035 1512 1121 Itnozptiekb
1538 1039 1609 1104 dod.
1631 1039 1749 1119 diplom
1775 1039 1883 1101 Maior.

337 1151 440 1216 mua
459 1149 513 1213 er.

438 1350 478 1420 In
498 1350 626 1420 nomino
646 1348 774 1418 Domini
796 1348 857 1417 Dei
878 1349 980 1418 eterni
1001 1369 1104 1420 amen.
1148 1349 1230 1432 Quia
1249 1347 1308 1417 soli
1329 1346 1489 1416 diuinitati
1509 1344 1654 1415 eonvenit
1672 1345 1707 1415 in
1719 1348 1808 1415 nullo
1828 1348 1883 1417 de·

337 1452 431 1525 loere
449 1459 485 1523 et
505 1453 646 1520 omnium
667 1453 850 1521 memoriam
872 1451 999 1538 habere,
1021 1453 1137 1523 ideireo
1159 1451 1346 1522 conditionis
1367 1450 1507 1517 bumana
1525 1448 1681 1536 fragilitas
1702 1451 1763 1519 subi
1785 1469 1884 1519 reme·

336 1555 424 1625 dium
444 1555 590 1641 quaint,
612 1556 647 1624 in
670 1574 733 1641 quo
758 1555 848 1640 rigor
873 1553 992 1624 fabrioe
1016 1556 1172 1625 naturalis
1205 1555 1326 1640 opificis
1353 1553 1518 1622 voluntate
1548 1552 1672 1623 deiecit
1715 1553 1766 1622 Ne
1786 1554 1885 1638 igitur

337 1657 423 1745 qnod
442 1658 548 1744 spitum
564 1659 599 1726 in
617 1664 759 1744 ternpore
785 1676 857 1726 oum
884 1659 1063 1727 evolutione
1087 1659 1239 1745 temporis
1260 1678 1282 1727 n
1300 1657 1453 1725 memoria
1481 1664 1657 1741 maneseat,
1680 1658 1806 1743 apicum
1826 1658 1885 1727 lra-

336 1760 512 1833 rsoterlbns
532 1760 652 1829 assolet
671 1760 819 1830 eternari
863 1761 964 1845 Quam
981 1762 1023 1829 ob
1043 1781 1110 1829 rem
1131 1759 1330 1848 presentibus
1348 1764 1383 1827 et
1403 1757 1519 1827 futuris
1540 1764 1718 1845 presentem
1738 1761 1884 1846 paginam

336 1864 528 1951 inspecturis
548 1864 736 1947 innoteseu,
754 1864 840 1948 quod
860 1883 918 1933 nos
935 1865 1070 1933 Premisl
1100 1862 1207 1932 dirim
1231 1862 1434 1931 miseratione
1459 1862 1526 1931 dnn
1549 1862 1688 1947 inlunis,
1715 1864 1885 1933 salubriter

338 1967 513 2055 oopitantes
530 1967 572 2036 de
591 1966 697 2035 saluta
716 1967 821 2036 animo
838 1972 947 2036 nostre
967 1971 1002 2034 et
1021 1972 1186 2051 sperantes
1206 1965 1249 2034 de
1268 1963 1484 2033 miserioordia
1503 1964 1564 2034 Ilei
1584 1984 1643 2034 nos
1663 1967 1697 2033 in
1717 1966 1794 2036 nelis
1820 1985 1885 2035 me-

338 2069 511 2156 tereqnod
531 2068 813 2137 seminaremnsin
835 2067 941 2150 terris,
962 2087 1021 2153 pro
1041 2068 1219 2136 reverentia
1239 2066 1333 2136 besta
1353 2066 1747 2155 ldariesempervirpinis
1768 2073 1885 2155 etpre-

339 2172 433 2242 elarls
453 2170 576 2240 meritis
596 2169 717 2239 domini
736 2170 842 2239 lneobi
865 2168 990 2238 abbatis
1011 2171 1052 2238 de
1071 2168 1177 2237 Lubin
1197 2174 1232 2236 et
1256 2167 1396 2237 omninrn
1422 2167 1557 2238 botrum
1584 2169 1700 2239 ibidem
1725 2171 1795 2240 Deo
1819 2190 1886 2240 ser·

336 2273 489 2343 vlerrtinm
518 2270 739 2342 nonlirmamns
765 2271 945 2341 bbmtatem
966 2272 1000 2340 in
1020 2271 1179 2356 villaque
1200 2270 1327 2357 crywin
1347 2271 1521 2358 vulgariter
1540 2278 1750 2360 nuncupatur,
1777 2281 1816 2342 nt
1839 2274 1886 2342 ri·

338 2376 454 2447 delloet
472 2376 580 2445 nnllns
599 2375 634 2444 ln
656 2393 704 2459 ea,
725 2376 853 2446 nomine
873 2381 984 2446 nostro
1001 2375 1051 2444 rel
1072 2375 1173 2444 marn
1193 2374 1327 2443 adonius
1355 2375 1482 2443 nomine
1509 2375 1610 2445 nostri
1638 2376 1804 2446 matellani
1829 2395 1886 2446 sen

338 2479 464 2549 nomine
483 2478 617 2547 alterius
639 2478 824 2562 ouiusqnmn
844 2479 1024 2562 potestatis,
1045 2478 1244 2547 iudiciariam
1264 2476 1326 2546 sibi
1346 2486 1480 2566 usurpet
1500 2479 1731 2564 anctoritatem,
1751 2484 1809 2549 ant
1826 2482 1886 2550 snb

338 2581 446 2668 allpno
466 2586 615 2668 pretextn
636 2580 785 2664 thelonei,
807 2579 1009 2648 homicidium
1030 2580 1097 2649 siro
1117 2581 1259 2665 aliquam
1280 2580 1376 2649 aliam
1395 2581 1456 2649 sibi
1470 2583 1614 2652 vendioet
1626 2583 1814 2652 solutionem
1829 2590 1887 2652 ant

338 2684 552 2767 motionem
574 2683 631 2753 sed
651 2685 686 2752 in
706 2684 822 2752 horum
841 2682 1027 2752 stelionum
1047 2684 1188 2753 omnium
1208 2683 1325 2752 inrium
1342 2686 1564 2772 ‘peroeptione
1594 2687 1635 2756 do
1660 2687 1765 2756 Lnbiu
1795 2688 1887 2774 plene

336 2788 475 2874 pandent
495 2786 659 2858 oenoblum
679 2787 876 2873 possessione
896 2786 1063 2856 libertatis.
1107 2786 1326 2856 Gonoessimus
1354 2794 1463 2857 autem
1488 2789 1529 2858 ob
1556 2789 1723 2876 specialem
1743 2810 1887 2860 reveren·

338 2889 417 2960 tiam
437 2888 580 2976 predloto
602 2889 741 2959 olanstm
762 2908 802 2959 ae
822 2889 949 2958 donnino
967 2889 1080 2959 Inoobo
1101 2891 1241 2960 eiusdem
1261 2889 1885 2979 abbatietinipsosuissuooessoribus,

336 2998 377 3062 nt
395 2993 430 3062 in
449 2992 527 3061 rilln‘
546 2991 672 3080 prefata
688 2993 820 3063 advooet
840 2998 875 3061 ot
895 2993 979 3061 looet
992 2993 1214 3076 Thentonioos,
1236 2993 1321 3062 siem
1340 3013 1395 3063 eos
1415 2995 1615 3066 advooarerit
1634 3003 1669 3067 et
1681 2996 1834 3065 louererit
1846 2996 1886 3066 do

338 3095 536 3167 mnomlone
556 3088 677 3179 nostra,
699 3095 751 3164 ins
770 3100 805 3163 et
824 3095 963 3164 irnetnm
983 3095 1018 3164 ln
1039 3096 1086 3165 eis
1106 3101 1322 3182 pereepturos
1359 3097 1704 3184 conoessimns'eoinm
1726 3103 1764 3168 nt
1784 3100 1886 3169 inoole

337 3195 1348 3285 predictaeiritatiaatbeloneoetmonetainterranostre,
1370 3202 1885 3288 exeeptaovintePoznmsex

338 3297 432 3371 annis
451 3300 544 3371 iuberi
565 3301 631 3370 sint
656 3307 690 3370 et
717 3301 872 3371 mmnnes
914 3301 964 3372 Ut
987 3308 1095 3371 autem
1124 3302 1369 3373 oonfirmstionis
1394 3303 1445 3372 rel
1465 3304 1643 3374 donationis
1666 3311 1776 3376 nosne
1799 3307 1888 3392 vigor
1996 3356 1997 3359 ,

339 3408 407 3473 tam
427 3403 626 3491 presentibus
639 3423 734 3489 qnam
754 3405 872 3474 intnris
893 3405 1080 3489 innoteseat,
1102 3409 1281 3491 presentem
1302 3406 1449 3493 peginam
1462 3406 1559 3493 sigili
1572 3408 1674 3477 nostri
1691 3409 1887 3494 inpressione

338 3505 477 3694 dg&
488 3506 637 3577 dnximns
657 3507 877 3578 roborandam
922 3509 1043 3579 Dabnm
1062 3507 1097 3576 ln
1117 3505 1246 3575 Poznan
1266 3526 1350 3577 anno
1371 3508 1477 3596 praelo
1499 3508 1609 3580 blec.
1630 3510 1887 3597 qninqrngesimo

442 3792 686 3880 Imm
729 3795 1041 3884 &7va

1009 4093 1084 4180 Nn.
1116 4089 1217 4182 354

442 4286 633 4372 Bolmlaua
660 4287 738 4370 dnn
762 4287 910 4373 Polonio
937 4296 1073 4373 1257
1097 4289 1186 4395 lpr.
1212 4295 1297 4388 24,
1322 4292 1365 4375 in
1391 4289 1553 4395 duonum
1591 4309 1757 4381 uonnrmat
1793 4312 1888 4380 oona·

340 4409 459 4480 tionem
479 4408 684 4478 memnones
704 4408 842 4494 Biskorr,
868 4412 1019 4482 ecelesiae
1040 4411 1220 4482 Gnennensi
1240 4411 1282 4480 ab
1301 4412 1446 4482 lsnussio
1468 4415 1607 4484 eiusdem
1627 4415 1776 4485 eoeloeiae
1797 4435 1888 4502 prae·

340 4510 592 4697 mm
609 4619 740 4697 orypiou,
759 4635 782 4680 u
801 4615 927 4698 moreau
953 4638 997 4684 uo
1023 4623 1160 4686 munta
1179 4621 1330 4701 seembs
1351 4639 1496 4688 eumue
1513 4620 1740 4704 praemon
1762 4621 1889 4710 pieozpd

224 4747 226 4750 Α
343 4722 511 4788 mm
530 4721 660 4806 aspum
684 4729 827 4799 praem
844 4729 941 4796 xvu

454 4823 596 4906 mmo,
618 4823 737 4888 mua.
759 4823 891 4902 capum
913 4826 1073 4908 nummu
1096 4828 1151 4892 ro.
1173 4826 1227 4892 20.

446 5024 486 5094 ln
506 5024 633 5095 nomine
653 5025 780 5094 Domini
802 5027 903 5096 nosni
924 5027 1020 5097 lbesu
1042 5028 1162 5099 christi
1183 5047 1285 5097 umen
1321 5027 1476 5110 Quoniam
1497 5036 1607 5100 saneta
1627 5035 1729 5101 mater
1748 5031 1891 5102 llmlesia

270 5133 272 5137 '
347 5143 407 5214 pro
426 5126 611 5200 sirenaeo
631 5127 794 5215 sulpureum
815 5129 956 5200 diversas
977 5136 1122 5201 statuens
1143 5130 1294 5218 ulcionea,
1315 5130 1400 5201 inter
1421 5137 1541 5202 eeteros
1553 5133 1769 5206 mnlelaotoroe
1791 5136 1891 5205 bomi-
