4860 6180
1517 608 1591 695 Νι.
1622 607 1723 695 345.

951 805 1162 891 Alexander
1197 805 1260 911 Pp.
1293 806 1349 889 IV·
1382 811 1516 887 1257
1548 805 1731 901 dell.18,
1758 803 2096 927 Irtlbdlbllitbnllam
2125 838 2221 905 quara
2243 823 2389 910 ediqu

848 928 1045 1032 Gregorius
1071 928 1135 1032 Pp.
1160 926 1219 1010 IX
1246 929 1383 1008 1235
1410 925 1435 1010 J
1436 949 1498 1009 um
1525 930 1612 1024 26,
1638 923 1802 1020 Perusii,
1828 942 1862 1007 in
1883 959 1949 1026 qne
1971 940 2194 1009 documentum
2214 946 2297 1026 quere
2325 972 2391 1026 oo·

847 1074 989 1154 emeat:
1005 1046 1252 1184 ‘wladislaus
1279 1048 1354 1131 dur
1379 1047 1530 1131 Polonie
1559 1051 1696 1129 1234
1722 1044 1820 1151 Sept
1837 1049 1911 1125 22
1939 1065 1970 1128 s.
1995 1044 2040 1146 l,
2062 1062 2391 1148 arimannorum

769 1269 775 1283 '
847 1170 930 1239 sumi
950 1169 1091 1354 mm
1114 1278 1232 1354 appia.
1276 1275 1325 1337 No
1345 1275 1466 1338 Macte
1480 1273 1633 1352 demobn.
1655 1269 1727 1338 rdet.
1750 1275 1762 1337 ι’
1783 1287 1938 1386 ozereeoo.¹
1949 1261 2178 1351 prmieszoee'o
2206 1271 2299 1338 dudo:
2323 1277 2393 1352 Ale.

848 1373 1154 1546 ωᾱθὲἰξὶξοέῃλ
1179 1481 1415 1563 cweoprriee
1440 1482 1623 1559 Diprlomato.

952 1683 1131 1753 Alexander
1152 1685 1318 1772 episcopus
1340 1703 1449 1753 servus
1470 1702 1633 1753 serrorum
1655 1685 1726 1766 Dei,
1753 1682 1879 1751 dilectis
1904 1681 1978 1750 liliis
2000 1681 2217 1751 Wlodizlereo
2242 1690 2395 1770 preposito

848 1789 979 1858 ecclesie
1001 1789 1268 1876 wissegradensis
1289 1790 1450 1874 capellano
1473 1796 1593 1872 cosmo,
1615 1795 1649 1857 et
1668 1788 1765 1856 nobili
1787 1788 1855 1854 viro
1874 1787 2011 1857 ilenrico
2038 1787 2112 1855 duci
2138 1786 2240 1856 Slesie
2266 1789 2394 1863 salutem

848 1898 884 1961 et
902 1892 1109 1978 apostolicam
1129 1892 1387 1961 benedictionem.
1416 1890 1497 1959 Cerne
1512 1891 1631 1958 dodum
1645 1892 1730 1958 inter
1742 1890 1852 1958 inclite
1873 1890 2101 1960 recordationis
2114 1891 2287 1962 Henricum
2308 1913 2395 1966 evum

848 2000 884 2064 et
899 1994 941 2063 lu
965 2000 1091 2082 petrem
1112 2001 1254 2063 restrum
1274 2013 1408 2080 quorum
1429 1995 1507 2063 estis
1529 1995 1660 2063 herodes
1685 2013 1724 2064 ex
1753 2000 1846 2079 parte
1867 2013 1940 2077 una,
1971 2000 2006 2061 et
2035 1995 2117 2063 bone
2145 1996 2296 2064 memorie
2313 1996 2396 2066 Wlo

848 2096 1006 2167 dummoc
1023 2097 1136 2167 ducem
1156 2099 1287 2167 Polonie
1307 2117 1346 2168 ex
1367 2098 1471 2166 altera
1492 2116 1588 2183 super
1609 2104 1697 2166 terra
1716 2096 1848 2164 Polonie
1865 2097 1990 2181 questio
2004 2095 2118 2166 ferisset
2131 2105 2253 2182 exorta,
2275 2099 2397 2172 moden

848 2200 1060 2270 mediantibus
1082 2202 1254 2270 venerabili
1274 2200 1374 2269 fratre
1393 2207 1503 2269 noetm
1525 2201 1562 2268 F.
1582 2200 1761 2269 Gnecneusi
1782 2199 2019 2285 archiepiscopo
2038 2206 2072 2268 et
2093 2201 2175 2269 bone
2196 2203 2345 2270 memorm
2363 2205 2396 2274 P.

850 2304 997 2390 episcopo
1018 2303 1225 2372 Poanaaiensi
1245 2305 1418 2373 amicabilis
1439 2304 1524 2371 inter
1544 2311 1653 2390 partas
1679 2304 1866 2390 compositio
1893 2303 2074 2387 interemit,
2103 2311 2199 2389 proco
2227 2305 2261 2372 in
2286 2306 2399 2378 litteris

848 2406 923 2476 inde
943 2405 1095 2475 conserus
1115 2406 1240 2492 plenius
1261 2409 1449 2475 continetur.
1496 2407 1612 2475 Felicis
1634 2426 1760 2492 quoque
1781 2406 2013 2475 recordacionis
2033 2407 2074 2476 G.
2093 2408 2182 2493 Papa
2203 2409 2399 2493 predecessor

850 2516 959 2579 noster
980 2509 1238 2596 compositionem
1259 2512 1370 2595 ipsam,
1390 2511 1473 2580 deut
1494 2511 1557 2578 rite
1577 2511 1646 2579 sine
1666 2512 1823 2596 pmoitata
1840 2508 1972 2596 proinde
1993 2509 2079 2580 bata
2092 2512 2201 2581 extidt
2213 2518 2247 2580 et
2261 2512 2301 2580 ab
2315 2519 2400 2583 aba·

850 2630 913 2696 que
932 2619 1027 2699 parte
1048 2617 1161 2699 sponte
1182 2619 1311 2699 recepta
1331 2617 1365 2681 ct
1389 2614 1586 2699 aliquamdiu
1613 2615 1711 2682 etiam
1738 2611 1868 2700 pacifioc
1892 2613 2070 2699 observata,
2098 2635 2157 2700 per
2178 2633 2253 2683 suas
2279 2616 2400 2686 litteras

849 2715 1057 2800 confirmavit,
1088 2717 1269 2786 litterarum
1290 2717 1503 2802 predictarum
1531 2736 1628 2802 super
1649 2716 1783 2784 arbitrio
1809 2716 1990 2784 huiusmodi
2017 2717 2232 2786 coniectmnm
2263 2725 2400 2788 oenorem

840 2819 990 2889 'eiusdem
1011 2818 1258 2888 confirmationis
1283 2838 1340 2888 soe
1364 2820 1482 2888 littaris
1504 2820 1602 2888 inseri
1633 2819 1788 2903 iaciendo,
1815 2826 1911 2905 prout
1936 2839 1976 2888 ex
2006 2827 2148 2906 ragusam
2172 2821 2273 2906 ipsius
2294 2823 2401 2907 prede·

851 2923 995 3007 cessoris,
1016 2923 1199 2993 confluente
1220 2923 1390 2993 earundem
1409 2924 1591 2992 litterarum
1613 2943 1744 2992 soamrm
1766 2930 1918 3006 tenorem,
1940 2922 2032 2992 nobis
2057 2925 2203 2993 constitit
2227 2923 2400 2994 manifeste.

849 3024 981 3110 Verum,
1003 3027 1080 3112 quie
1100 3027 1280 3095 huiusmodi
1301 3027 1439 3095 eiusdem
1460 3027 1691 3112 predecessoris
1712 3027 1821 3095 bitere
1842 3044 1940 3095 ceusu
1960 3027 2032 3112 (sic)
2053 3024 2185 3094 fortuito
2204 3032 2242 3093 ut
2262 3026 2401 3095 cessitis

849 3133 927 3198 sunt
946 3130 1072 3212 emisse,
1094 3130 1185 3198 nobis
1206 3129 1370 3199 humiliter
1390 3130 1602 3216 suppleretis,
1626 3136 1663 3198 ut
1682 3131 1847 3219 providere
1867 3128 1957 3196 robis
1978 3130 2012 3196 in
2032 3129 2093 3197 hac
2114 3136 2206 3215 parte
2219 3130 2259 3198 dc
2272 3131 2401 3199 ciram

851 3231 1014 3319 spectione
1035 3231 1126 3301 Sedis
1147 3233 1319 3318 apostolice
1340 3250 1530 3300 cumremers.
1576 3231 1730 3312 Quoniam
1752 3233 1851 3318 igitur
1872 3237 2003 3316 propter
2024 3231 2239 3300 sinceritatem
2261 3232 2403 3300 devocio·

850 3335 901 3404 nis
922 3342 1028 3403 cestre
1050 3333 1166 3403 bromo
1184 3336 1286 3404 nostri
1304 3335 1470 3421 provenire
1491 3333 1586 3402 debet
1603 3334 1732 3418 anulio,
1761 3340 1799 3402 ut
1820 3335 1904 3419 qood
1925 3353 1984 3419 pro
2000 3330 2088 3403 ¹iureis
2116 3335 2216 3402 sostei
2241 3352 2402 3403 conserua·

854 3437 943 3507 tione
967 3436 1159 3524 deposcitur,
1189 3436 1304 3506 affectu
1330 3436 1473 3506 berdrolo
1493 3437 1624 3523 provide
1653 3437 1857 3506 concedatur:
1885 3455 1943 3506 nos
1971 3438 2085 3524 cremis
2122 3437 2403 3523 supplicationibus

850 3540 996 3610 inclinati
1017 3545 1157 3609 tenorem
1180 3541 1392 3627 predictarum
1417 3540 1598 3609 litterarum
1624 3539 1854 3625 predecessoris
1879 3538 2021 3610 dusdem
2045 3541 2086 3609 de
2111 3541 2235 3626 prefato
2263 3545 2402 3627 regestm

797 3717 801 3725 ,
850 3643 933 3713 sumi
954 3642 1086 3713 adnue
1108 3649 1142 3712 ct
1162 3643 1222 3711 sub
1243 3644 1332 3712 bulla
1352 3649 1462 3712 noema
1481 3644 1521 3712 de
1542 3642 1638 3711 verbo
1659 3643 1853 3712 adverbum
1867 3644 2053 3729 dffigencius
2066 3645 2224 3728 annom-i,
2246 3645 2337 3713 illurn
2351 3662 2402 3713 ro·

849 3745 900 3815 bis
917 3745 952 3814 ln
970 3747 1186 3815 testimonium
1205 3747 1468 3827 transmittentes,
1490 3746 1546 3831 qui
1568 3745 1644 3814 talis
1666 3751 1729 3814 est:
1752 3751 1914 3828 (sequebar
1935 3751 2068 3829 diplom
2088 3751 2144 3814 bt.
2166 3749 2257 3827 182).

954 3847 1133 3919 steterimus
1153 3868 1227 3936 crgo
1250 3856 1390 3918 mucram
1412 3847 1591 3916 huiuamodi
1613 3847 1721 3915 taliter
1741 3854 1931 3917 mactatum
1950 3849 2041 3917 illerm
2062 3869 2120 3934 per
2140 3850 2248 3919 omnia
2262 3849 2403 3918 obtinere

849 3951 998 4038 vigorem,
1020 3970 1114 4037 qoem
1135 3952 1294 4036 sepedicta
1306 3951 1405 4036 ipsius
1426 3950 1655 4036 predecessoris
1675 3950 1793 4033 batere
1815 3951 2071 4036 siapparuercnt
2087 3950 2218 4034 bellete,
2240 3969 2421 4034 nosceren-¹

851 4059 906 4123 tur
926 4053 1051 4123 habere.
1096 4053 1184 4122 Nulli
1206 4073 1281 4139 ergo
1303 4054 1428 4121 omnino
1448 4052 1611 4121 hominum
1632 4053 1727 4121 liceat
1747 4053 1829 4121 banc
1855 4054 2004 4139 paginam
2032 4060 2141 4122 nosue
2170 4053 2404 4123 constitutionis

849 4154 1021 4242 infringere
1042 4157 1093 4224 rel
1113 4155 1143 4224 ei
1165 4175 1246 4224 auser
1267 4157 1434 4224 temerario
1455 4155 1623 4224 wntrmre.
1668 4155 1702 4222 Si
1724 4156 1795 4240 quis
1817 4161 1924 4224 aretem
1946 4156 2007 4224 boo
2027 4160 2220 4240 attemptare
2241 4175 2404 4242 presump

850 4259 939 4343 serit,
959 4258 1206 4345 indignationem
1227 4259 1450 4343 omnipotentis
1471 4259 1531 4327 Dei
1552 4264 1586 4325 et
1607 4256 1771 4326 beatorum
1797 4258 1886 4326 Petri
1916 4265 1951 4326 ct
1972 4259 2066 4326 Perdi
2093 4259 2311 4343 apostolorum
2337 4259 2404 4326 eius

850 4378 887 4429 ee
906 4359 1031 4428 noveno
1052 4359 1260 4429 mcursurum.
1305 4360 1423 4427 Datum
1442 4359 1593 4430 Laterani
1621 4359 1683 4427 XV
1706 4360 1867 4430 Kalendas
1887 4360 2062 4446 Februarii,
2084 4360 2288 4448 pontificatus
2303 4361 2404 4432 nostri

851 4480 935 4531 anno
954 4462 1059 4532 tertio.

956 4667 1232 4753 wissegradensis,
1265 4674 1303 4736 de
1341 4672 1526 4752 Wpezelerad
1550 4692 1577 4734 re
1604 4672 1764 4737 curtare
1817 4671 1917 4740 Terre
1943 4668 2084 4757 Polonie,
2114 4669 2243 4754 praee
2272 4670 2405 4742 Polonio

852 4770 968 4858 Maior,
990 4775 1057 4851 tj.
1085 4773 1311 4854 We'cllcopolelea
