4860 6180
323 194 327 201 ’
437 229 512 306 aaa

434 436 577 513 nentem3
597 429 721 515 dequo
741 429 938 500 ascendendo
959 449 1068 498 versus
1089 428 1242 512 rlextrarn,
1266 430 1308 500 ad
1324 429 1483 514 quandam
1505 431 1613 514 pinum
1635 428 1719 497 inter
1739 429 1852 500 Moron
1873 437 1907 500 ct
1925 435 1983 508 Po-

435 533 567 617 leicben,
589 534 679 603 clavo
699 534 801 602 lcrreo
816 535 983 618 signatam,
1006 538 1159 613 stantuna
1181 533 1399 619 incipiuntque
1412 533 1540 601 temrini
1553 532 1738 601 Mornenses
1752 534 1785 599 in
1798 535 1885 602 dicta
1898 538 1982 626 pina,

435 637 669 705 intercedentes
689 638 781 705 villas
803 638 935 704 Momen
966 642 999 702 et
1027 635 1186 704 Sebverin
1212 638 1469 721 attingentesque
1490 636 1650 703 munimen
1671 637 1831 720 quoddam
1853 640 1986 721 piscato·

435 740 518 808 rium
539 742 573 807 in
593 740 743 822 Wartba,
772 742 861 808 euius
889 743 998 823 pretor
1026 740 1203 808 Morncnsis
1229 746 1279 808 est
1307 757 1478 824 possessor.
1522 736 1666 806 Pertinet
1696 745 1803 829 autem
1824 742 1986 816 dimidium

434 843 520 912 dicte
540 845 614 911 ville
634 843 811 910 Momensis
832 841 874 908 od
895 840 1058 910 Poloniam
1086 850 1120 911 et
1145 844 1281 911 alterum
1309 841 1472 909 dimidium
1498 840 1539 907 ad
1559 839 1751 922 Marabiam,
1778 843 1867 911 nulla
1886 844 1987 917 erlbac

434 944 521 1015 iacta
538 947 691 1014 divisione
712 946 797 1011 illius
818 944 988 1028 sylvarum,
1011 946 1230 1029 piscationum,
1253 944 1491 1024 melliliciornm,
1514 943 1798 1026 mellipensionum,
1813 954 1987 1035 pmtorum,

434 1049 604 1130 redituum,
626 1046 859 1114 iurisdictionis
887 1045 935 1112 Ile
956 1065 1018 1130 qao
1038 1049 1179 1132 predicto
1200 1047 1373 1115 munimine
1392 1044 1521 1127 fluviali,
1543 1044 1656 1111 tluvius
1681 1046 1817 1114 Wartba
1838 1051 1986 1122 terminos

434 1156 523 1220 tenet
543 1151 584 1218 ad
604 1150 711 1216 villam
732 1149 838 1216 Borck
859 1147 953 1215 sitam
973 1155 1061 1216 trans
1083 1150 1221 1232 fluvium,
1243 1156 1278 1218 et
1297 1151 1330 1215 in
1351 1149 1460 1217 littore
1480 1148 1549 1215 cius
1569 1148 1604 1214 in
1625 1149 1808 1232 regiuncula
1821 1150 1985 1223 samber-

433 1255 533 1338 gcnsi,
555 1255 640 1338 apud
662 1271 757 1338 quam
771 1253 850 1319 lines
864 1251 1048 1318 Momeuses
1063 1260 1197 1336 cessant,
1219 1255 1264 1321 sie
1279 1253 1421 1337 predicta
1440 1251 1518 1317 villa
1539 1251 1744 1319 constituatur
1756 1253 1850 1342 limis.
1880 1255 1986 1339 Aque

434 1356 561 1424 termini
583 1357 672 1423 iuxta
693 1354 875 1436 Wartbam,
904 1355 1101 1423 ascendendo
1126 1356 1167 1423 ad
1193 1356 1370 1440 congeriem
1395 1355 1447 1423 eui
1476 1353 1598 1421 ferreus
1622 1354 1723 1440 stipes
1744 1376 1837 1424 cruce
1858 1364 1986 1429 nemius

434 1455 582 1540 infossus,
603 1463 729 1525 astante
750 1476 869 1542 quercu
891 1457 1037 1525 similiter
1054 1460 1198 1527 crucibus
1220 1461 1354 1544 signata,
1376 1457 1430 1524 ubi
1452 1456 1622 1524 confinium
1644 1464 1695 1525 est
1714 1460 1789 1527 ville
1808 1461 1932 1529 Trebita
1954 1472 1988 1533 et

433 1558 537 1642 Bork3
559 1562 658 1629 etsie
679 1561 719 1630 de
740 1566 825 1627 meta
851 1560 893 1627 ad
913 1566 1031 1629 meum
1056 1562 1266 1652 procedendo,
1294 1578 1395 1646 nsque
1421 1558 1464 1626 ad
1485 1560 1568 1626 viam
1589 1560 1708 1644 rfflism
1730 1561 1770 1630 de
1790 1562 1987 1650 Landtsberg

432 1680 543 1730 versas
564 1662 784 1730 Scbvibusscn
812 1663 995 1744 ducentem,
1024 1664 1147 1749 inqua
1175 1666 1292 1731 iterum
1315 1661 1436 1729 lerreus
1461 1661 1561 1745 stipes
1589 1661 1807 1747 inveniendus;
1838 1666 1912 1733 binc
1939 1686 1987 1736 sc-

433 1764 559 1849 queudo
579 1767 675 1834 istam
694 1767 791 1848 viam,
818 1783 919 1850 usque
947 1765 989 1833 ad
1016 1766 1214 1834 collimitium
1241 1782 1422 1848 componam
1450 1780 1508 1830 seu
1534 1781 1716 1832 mansorum
1736 1767 1882 1834 vilbnrm
1902 1768 1987 1836 Neu·

435 1869 588 1938 wendoril
605 1876 640 1937 et
659 1870 797 1954 Tempel,
826 1869 860 1936 in
890 1888 955 1954 qua
975 1869 1029 1937 via
1048 1869 1164 1937 iterum
1183 1869 1304 1937 ferreus
1325 1867 1426 1952 stipes
1451 1866 1670 1949 inveniendum
1696 1868 1737 1936 de
1765 1889 1829 1954 quo
1856 1870 1987 1940 circum·

433 1971 576 2041 vadendo
598 1972 705 2040 villam
726 1973 854 2057 Tempel
875 1973 1006 2057 eiusque
1025 1991 1103 2039 arva
1129 1973 1162 2039 in
1192 1978 1284 2056 porte
1305 1969 1446 2051 dubus,
1468 1968 1589 2037 directe
1609 1969 1651 2037 ad
1672 1978 1811 2038 monmm
1832 1972 1987 2040 Kiliscen·

434 2094 501 2144 sem
523 2076 557 2143 in
574 2076 657 2142 riam
679 2076 798 2156 regiam
819 2074 859 2142 dc
878 2074 1008 2158 Reppen
1028 2075 1203 2152 dueentem,
1223 2072 1278 2140 ubi
1291 2074 1408 2140 iterum
1422 2070 1544 2139 ferreus
1557 2073 1657 2157 stipes
1669 2073 1886 2158 inveniendus,
1901 2077 1986 2160 apud
2058 2093 2060 2095 ’

433 2196 529 2262 quem
555 2196 679 2262 semper
709 2195 906 2261 possmsores
935 2176 975 2244 de
1000 2176 1171 2262 Sternberg
1199 2180 1389 2245 mercatores
1417 2173 1505 2242 salvo
1535 2176 1692 2243 conductu
1720 2178 1861 2262 recipere
1886 2185 1921 2245 et
1946 2180 1987 2247 de
2081 2182 2084 2187 ’

434 2279 600 2349 llesserita
634 2299 735 2366 nsque
765 2280 806 2347 ad
840 2279 971 2363 Repperi
1000 2282 1159 2363 comimri,
1190 2283 1448 2361 revertentesque
1475 2277 1592 2345 iterum
1615 2297 1727 2347 versas
1756 2280 1921 2349 Messeniis
1945 2282 1987 2350 ad

433 2382 553 2452 dictum
571 2384 713 2470 stipitem
731 2387 969 2450 consueverunt
1013 2381 1058 2449 Et
1079 2389 1186 2450 servat
1206 2382 1294 2450 dicta
1320 2380 1373 2448 via
1393 2378 1433 2447 de
1453 2379 1619 2447 Messeritz
1640 2400 1751 2450 versus
1771 2381 1902 2468 Reppea
1923 2391 1987 2452 ter·

433 2486 536 2555 minos
553 2505 655 2570 usque
677 2487 718 2554 ad
739 2504 885 2569 eampum
906 2483 1089 2552 Seereasem
1110 2485 1251 2571 proxime
1271 2482 1326 2550 ille
1340 2482 1391 2549 vie
1402 2480 1609 2565 adiacentem,
1629 2502 1732 2570 mque
1752 2486 1794 2553 ad
1813 2494 1987 2556 extremam

434 2594 551 2658 metam
583 2588 710 2674 Sterpe,
743 2573 957 2672 regiumm
987 2586 1263 2672 Sternbergensem
1291 2603 1313 2651 a
1337 2583 1470 2652 Polonia
1492 2593 1651 2652 secantem
1672 2593 1707 2654 et
1725 2587 1897 2671 finientem,
1926 2609 1987 2674 que

433 2691 518 2774 ville,
539 2709 652 2776 nempe
673 2689 803 2773 Seeren,
824 2689 968 2774 Tempel,
987 2688 1180 2777 Longepiuel
1205 2695 1240 2756 et
1261 2687 1386 2755 Bursen
1411 2704 1483 2754 cunr
1509 2689 1576 2755 suis
1603 2687 1821 2758 adiacentibus
1848 2693 1932 2759 arvis
1953 2698 1988 2760 et

432 2795 561 2877 mansis,
580 2813 642 2880 qne
663 2790 765 2871 incole
785 2793 938 2861 hmtenus
959 2793 1054 2861 titulo
1076 2791 1218 2860 censuali
1242 2790 1283 2857 de
1308 2789 1613 2859 commendatoribus
1641 2793 1676 2858 in
1706 2791 1823 2876 Logosv
1842 2795 1988 2878 posome-

350 2943 354 2950 .
432 2903 520 2981 runt,
541 2898 576 2964 in
597 2897 756 2965 territorio
778 2894 1036 2980 Sterncbergensi
1057 2893 1279 2978 comprehense
1301 2893 1407 2960 iacent
1426 2911 1545 2978 eosque
1565 2895 1735 2977 perducat
1759 2895 1866 2963 Habet
1879 2903 1986 2965 autem

432 3001 545 3069 domm
565 2999 731 3069 Merserita
752 2999 786 3066 in
807 2999 957 3084 predicb‘s
978 3004 1116 3083 quatuor
1137 2996 1220 3063 villis
1239 2997 1363 3081 aliquos
1380 3002 1553 3080 proventus
1574 3003 1608 3065 et
1628 2998 1749 3085 reditm
1771 3000 1986 3083 pecuniarum

428 3101 577 3188 siliginis,
599 3112 706 3183 avene,
727 3118 867 3183 ovorum,
888 3101 1077 3184 gallinamm
1099 3105 1131 3167 et
1150 3098 1343 3166 deeimarum
1363 3116 1444 3182 quas
1466 3097 1565 3183 aliqui
1587 3101 1722 3184 pecunia
1738 3101 1860 3169 solvere
1874 3102 1986 3187 solent,

432 3203 619 3290 exigendos:
652 3204 854 3288 serviuntque
883 3202 1035 3271 mensarii
1062 3201 1111 3268 illi
1138 3201 1253 3286 singuli
1279 3200 1450 3285 quotannis
1477 3200 1558 3268 dnos
1586 3202 1654 3269 dies
1679 3202 1839 3271 evehendo
1868 3204 1985 3290 fimum,

432 3308 514 3376 dnos
534 3306 602 3375 des
621 3307 656 3374 in
676 3324 794 3373 messes
808 3306 943 3374 meando
956 3305 1072 3391 fruges,
1088 3304 1167 3371 dnos
1181 3304 1249 3370 dies
1270 3302 1562 3388 secandogramina
1574 3304 1701 3373 etdnos
1724 3305 1792 3373 dies
1813 3307 1987 3392 colligendo

431 3411 506 3491 ista
527 3409 608 3477 duos
628 3407 696 3475 dies
717 3408 891 3477 invebendo
912 3407 1028 3493 fruges,
1049 3413 1084 3475 et
1104 3410 1232 3474 tenetur
1251 3403 1388 3489 quilibet
1405 3404 1533 3471 illorum
1554 3423 1680 3490 semper
1699 3407 1735 3474 in
1747 3409 1984 3491 quatuordecim

432 3510 544 3580 diebus
564 3510 662 3578 semel
683 3509 822 3594 perferre
842 3509 953 3578 rebem
975 3511 1131 3594 liguomm
1148 3508 1191 3576 ad
1212 3507 1350 3575 culinam
1370 3505 1534 3575 Messerta.
1563 3506 1741 3577 llortularii
1755 3517 1874 3594 autem,
1889 3511 1986 3581 idest

432 3613 488 3697 qni
508 3631 573 3680 uon
593 3612 712 3680 babent
731 3630 873 3694 mansos,
903 3617 1061 3695 tenemur,
1091 3618 1274 3699 utsemper
1298 3608 1332 3676 in
1352 3609 1591 3693 quatuordeeim
1611 3610 1723 3679 diebus
1744 3612 1842 3681 semel
1862 3615 1926 3681 duo
1947 3635 1987 3684 ex

431 3715 575 3801 qnalibet
594 3714 672 3782 villa
690 3714 822 3799 pedibas
839 3716 970 3783 veniant
990 3716 1155 3784 Mcsseritz
1176 3720 1210 3781 et
1231 3713 1276 3781 ibi
1296 3711 1428 3779 servitia
1451 3731 1549 3780 unum
1568 3712 1653 3781 dem
1674 3715 1806 3783 servitia
1826 3723 1983 3802 prestent3

431 3817 520 3886 oltra
539 3816 623 3902 qnod
644 3817 777 3902 predicti
796 3817 898 3885 incole
919 3825 1056 3902 quatuor
1081 3818 1226 3884 villarum
1253 3833 1316 3883 non
1336 3820 1414 3881 sunt
1429 3816 1565 3900 amplius
1586 3817 1784 3901 molestandi,
1806 3838 1865 3888 nee
1886 3826 1987 3889 restat

432 3918 540 3988 domm
557 3919 722 3988 Messcrita
744 3919 816 4005 plus
837 3918 958 4004 aliquid
976 3920 1065 4002 iuris,
1087 3919 1217 3987 dominii
1237 3925 1295 3985 ant
1315 3917 1542 3985 iurisdictionis
1568 3921 1603 3987 in
1628 3920 1723 3989 dietis
1744 3929 1883 4007 quatuor
1902 3921 1986 3991 villis

432 4027 540 4107 preter
559 4021 617 4090 illa
636 4040 734 4107 snpra
755 4028 953 4089 enumerata:
974 4022 1030 4090 sed
1048 4041 1120 4089 cum
1145 4021 1290 4088 omnibus
1313 4020 1562 4105 proprietatibus
1580 4023 1657 4105 suis,
1676 4024 1800 4093 scilicet
1828 4028 1983 4110 cenmbns,

431 4124 578 4208 scr-ritib,
599 4123 810 4209 pensionibus,
832 4123 983 4192 beneficio
1005 4126 1226 4207 ecclesiastico,
1248 4124 1370 4191 mulcta
1390 4122 1505 4206 viaria,
1532 4125 1748 4194 iurisdictione
1777 4125 1935 4214 superiori
1953 4137 1987 4198 et

431 4224 582 4310 inferiori,
601 4227 736 4310 aliisque
755 4227 881 4311 regaliis
904 4233 938 4295 et
956 4227 1148 4295 utilitatibus
1175 4246 1238 4311 que
1261 4244 1346 4293 nunc
1370 4230 1446 4292 sunt
1471 4231 1506 4293 et
1526 4227 1560 4292 in
1589 4226 1731 4296 futurum
1758 4230 1792 4298 iu
1820 4232 1892 4300 istis
1918 4231 1986 4301 lieri

431 4335 572 4414 possent,
604 4329 765 4414 pertinent
796 4328 838 4395 ad
868 4328 985 4398 iratres
1018 4327 1146 4397 Ordinis
1177 4329 1280 4395 sancti
1309 4327 1460 4396 lobannis
1488 4327 1666 4415 Hospitalis
1698 4332 1986 4419 Hierosolymitani

431 4431 538 4501 incole
558 4437 666 4500 autern
687 4431 843 4499 dictarum
865 4433 1021 4515 villarum,
1043 4453 1107 4500 noa
1129 4433 1293 4518 prestituri
1315 4439 1349 4499 et
1370 4431 1556 4513 denegaturi
1577 4432 1685 4500 debita
1706 4453 1766 4501 sua
1780 4435 1889 4503 domui
1903 4437 1987 4505 Mes·

433 4535 539 4617 scrita,
560 4552 667 4601 coram
688 4552 867 4618 possessore
889 4535 997 4620 Lagov
1019 4541 1096 4602 sunt
1116 4533 1285 4603 accusandi
1306 4539 1340 4601 et
1360 4532 1403 4600 sd
1424 4531 1600 4620 bccoificio
1614 4535 1754 4604 iudiciali
1769 4539 1985 4623 compellendi.

432 4636 568 4704 Etiamsi
594 4642 700 4703 autem
734 4636 840 4720 alique
864 4637 949 4719 ville,
982 4657 1060 4704 arva
1081 4644 1138 4704 aut
1163 4637 1228 4704 alia
1256 4637 1326 4704 loca
1356 4635 1392 4702 in
1416 4634 1567 4719 predictis
1593 4639 1746 4722 terminis,
1773 4659 1856 4708 nunc
1877 4641 1987 4710 ordine

431 4739 557 4825 aquatis
578 4744 613 4807 et
633 4737 728 4806 certis
748 4739 902 4806 limitibus
921 4739 1094 4822 monetis,
1121 4739 1274 4808 contineri
1303 4745 1337 4806 et
1361 4737 1403 4806 ab
1423 4737 1488 4804 illis
1511 4756 1550 4804 ex
1578 4745 1648 4807 toto
1677 4759 1734 4809 sen
1759 4750 1852 4828 parte
1871 4744 1987 4830 attingi

431 4840 566 4927 possint,
586 4859 720 4925 quarum
742 4846 848 4908 tamen
869 4842 921 4910 bic
941 4842 1030 4910 num
1049 4843 1136 4911 iacta
1153 4849 1204 4910 est
1224 4843 1343 4910 mentio
1357 4859 1414 4908 seu
1426 4840 1630 4924 specificatio,
1653 4849 1796 4913 attamen
1810 4846 1871 4915 boc
1884 4865 1987 4932 neque

430 4941 567 5010 dominis
597 4941 839 5026 possessoribus,
871 4962 974 5028 neque
1002 4945 1137 5014 subditis
1163 4945 1212 5012 vel
1236 4943 1348 5012 ineolis
1376 4943 1432 5028 qui
1453 4943 1511 5011 illa
1529 4945 1702 5012 solaminis
1722 4947 1895 5032 possident,
1914 4969 1986 5018 cum

432 5044 617 5130 plerumque
648 5046 723 5112 ville
754 5046 885 5113 invicem
918 5048 1003 5115 inter
1034 5067 1069 5116 se
1100 5049 1244 5134 proprios
1273 5055 1308 5115 et
1333 5045 1487 5114 daneta
1513 5047 1665 5116 termines
1691 5048 1839 5135 babeam,
1867 5052 1987 5137 aliquid

434 5147 599 5235 preindiaii
619 5154 678 5216 aut
695 5148 801 5216 damni
823 5147 907 5218 ierrs
927 5149 1030 5220 debet
1760 5160 1788 5208 b
