4860 6180
390 554 394 562 .
433 399 508 527 sas

431 651 570 722 Iohanne
589 652 808 721 archidiacono
828 653 1043 736 Poznaniensi,
1064 652 1210 722 Gotialco
1233 655 1373 739 custode,
1394 655 1526 725 Albcrto
1547 656 1696 727 canonica
1718 655 1856 726 ciusdem
1877 656 1975 726 ecclc-

432 755 658 930 ἓῖωὸγίῐήᾱο
695 757 843 826 canonico
870 757 1058 841 Gncrncnsi,
1085 757 1214 827 Victore
1240 759 1458 830 archidiacano
1490 761 1530 829 do
1558 758 1724 845 Gbimoel,
1752 765 1787 830 et
1813 759 1885 830 aliis
1906 760 1976 848 plu·

536 1067 667 1151 Vidava,
688 1087 745 1137 seu
766 1068 991 1153 Palaninovici,
1010 1072 1078 1138 azia
1096 1094 1113 1138 z
1134 1076 1299 1140 masaa
1327 1074 1448 1158 Weydu
1491 1071 1641 1159 Gaurani,
1662 1077 1818 1156 damone.
1862 1070 1975 1156 Oroba,

433 1172 557 1242 trodo
601 1168 769 1260 (ibimesk,
796 1176 913 1243 Curtia.

996 1478 1070 1565 mr.
1103 1453 1203 1566 ode.
1247 1469 1408 1581 (asts)

535 1675 797 1762 zemomislaus
830 1676 908 1760 dnx
937 1675 1100 1784 duperia
1131 1680 1265 1760 1268
1298 1698 1328 1761 s.
1356 1679 1406 1777 d,
1439 1676 1482 1761 in
1513 1675 1719 1780 dinarium
1753 1695 1901 1764 metata
1936 1694 1977 1762 oe

433 1797 630 1868 Wloclausk
652 1804 686 1867 et
706 1798 888 1867 Kruszwim
907 1801 1108 1887 amplissimis
1129 1799 1329 1867 libertatibus
1351 1801 1463 1868 munit

535 1906 736 2026 dionaeam
764 1908 987 1988 potnierdzoap
1024 1925 1131 1987 prm.-
1172 1903 1336 1972 Boleslans
1373 1902 1438 1972 dux
1469 1903 1599 1973 Polonie
1636 1903 1720 1970 1soo
1756 1902 1845 1990 Sept
1879 1903 1924 1988 1,
1940 1903 1975 1971 in

432 2006 732 2180 emmaum&
776 2117 894 2181 aaa.
920 2119 1058 2197 capsam
1103 2115 1191 2180 saer
1206 2118 1348 2197 pastea.
1368 2117 1421 2194 sa
1444 2113 1512 2177 aaa.

445 2351 464 2372 ν
537 2319 762 2390 Zemomislaus
787 2320 848 2389 Dei
868 2322 975 2405 gracia
994 2321 1058 2388 dux
1081 2320 1228 2406 Onyavie,
1245 2320 1403 2388 universis
1425 2325 1533 2388 sancte
1553 2320 1666 2388 matris
1679 2318 1819 2388 Ecclesie
1832 2318 1978 2389 fidelibus

432 2424 474 2492 sd
504 2443 584 2510 quos
610 2432 744 2509 'presens
775 2424 925 2508 scriptum
959 2426 1144 2509 pervenerit,
1177 2422 1313 2491 salutem
1337 2424 1371 2490 in
1397 2441 1434 2490 eo
1461 2423 1516 2506 qui
1540 2428 1591 2490 est
1615 2425 1753 2490 omnium
1780 2441 1856 2492 aera
1882 2423 1978 2491 salus

432 2526 642 2598 Universitati
661 2533 766 2594 vestae
788 2531 895 2594 tenore
916 2529 1109 2612 presencium
1133 2533 1241 2596 notum
1263 2525 1505 2608 essevolumus,
1527 2526 1612 2610 qnod
1634 2545 1691 2592 nos
1709 2526 1750 2592 ob
1767 2527 1978 2595 reverenciam

431 2629 491 2698 Dei
513 2634 548 2699 et
564 2629 655 2698 beate
675 2629 779 2698 llarie
799 2631 929 2715 virginis
950 2631 1120 2699 venerabili
1139 2631 1223 2715 patri
1244 2630 1371 2698 domino
1384 2629 1538 2721 Volimiro
1553 2628 1807 2697 wladislaviensi
1821 2631 1976 2714 episcopo,

432 2752 491 2803 nec
516 2752 580 2802 non
608 2733 844 2804 honorabilibus
867 2735 952 2816 viris,
972 2735 1150 2818 prepositis,
1171 2734 1308 2815 decanis,
1331 2739 1365 2800 et
1385 2733 1457 2800 aliis
1478 2732 1609 2816 prelatis
1627 2733 1832 2816 omnibusque
1852 2733 1978 2801 canoni·

433 2837 479 2906 cis
504 2836 644 2923 predicte
665 2843 699 2904 et
721 2836 945 2905 Gnrsviciensis
969 2838 1170 2906 ecclesiarum
1199 2857 1237 2906 uc
1264 2857 1372 2906 eorum
1395 2835 1635 2918 successoribus,
1657 2837 1826 2904 eorundem
1847 2837 1979 2905 servicia

362 2943 367 2955 '
431 2958 494 3026 que
514 2938 604 3008 nobis
625 2939 790 3008 multocies
811 2947 845 3008 et
864 2941 989 3008 utiliter
1009 2941 1229 3025 impendemnt
1248 2938 1462 3025 respicientes,
1486 2940 1583 3007 talem
1604 2941 1638 3006 in
1653 2946 1838 3024 perpetuam
1852 2959 1931 3026 pure
1945 2946 1979 3007 et

431 3042 606 3113 liberaliter
632 3042 775 3112 dedimus
802 3043 994 3113 libertatem:
1024 3044 1169 3114 videlicet
1191 3042 1275 3128 quod
1296 3061 1407 3113 omnes
1428 3043 1530 3125 villas,
1553 3043 1701 3127 antiquas
1721 3048 1756 3110 et
1775 3061 1882 3126 novas,
1905 3062 1977 3111 cum

432 3148 499 3216 suis
524 3147 727 3233 pertinenciis
751 3166 810 3231 pro
836 3146 999 3215 voluntate
1027 3167 1086 3216 sua
1117 3148 1222 3214 locent
1255 3147 1324 3215 iure
1344 3146 1537 3215 Tbeutoniuo
1559 3146 1625 3214 sive
1645 3143 1808 3227 Polonico3
1829 3146 1876 3213 ita
1894 3146 1978 3230 quod

436 3267 545 3318 omnes
565 3249 667 3318 incole
689 3255 723 3318 et
745 3249 973 3319 inhabitatores
998 3251 1142 3318 villarum
1165 3256 1199 3318 et
1223 3251 1364 3318 locorum
1386 3249 1599 3334 predictorum
1625 3249 1716 3317 liberi
1748 3250 1814 3316 sint
1839 3250 1980 3335 penitus·

285 3390 288 3396 ·
431 3371 495 3438 que
520 3353 674 3421 immunes
701 3351 743 3420 ab
772 3352 915 3421 omnibus
941 3353 1080 3422 collectis
1109 3360 1143 3421 et
1171 3353 1408 3438 gmvsdonibus
1429 3358 1463 3420 et
1483 3353 1699 3434 servitutibus,
1718 3370 1905 3437 quocunque
1923 3371 1979 3420 no·

432 3455 518 3524 mine
544 3460 741 3538 maenum,
771 3473 829 3523 nec
849 3473 906 3541 per
925 3474 984 3523 nos
1005 3461 1039 3524 et
1058 3474 1116 3542 per
1135 3461 1261 3524 nostroe
1282 3455 1400 3524 indices
1422 3455 1603 3528 dubanus
1622 3455 1672 3522 vel
1690 3454 1923 3538 indicabuntur,
1945 3461 1980 3524 et

432 3558 461 3628 d
482 3557 574 3627 citati
594 3557 721 3641 fuerim,
744 3558 873 3627 minime
890 3557 1128 3643 comparebunt3
1149 3559 1206 3628 sed
1226 3560 1354 3627 omnino
1374 3559 1571 3627 dominorum
1584 3576 1713 3626 snomm
1726 3564 1760 3626 et
1772 3558 1979 3628 scultetomm

432 3680 489 3730 sen
510 3667 748 3747 procuratorum
769 3681 889 3744 eorum,
911 3662 945 3728 iu
966 3661 1109 3730 omnibus
1131 3662 1234 3730 causis
1255 3660 1443 3747 capitalibus
1464 3667 1498 3730 et
1517 3662 1659 3744 minutis,
1680 3660 1835 3747 parebunt
1855 3660 1978 3728 iudiciis

433 3768 468 3832 st
486 3763 653 3833 mundatis
696 3763 834 3833 Predicti
863 3765 972 3847 eciam,
1001 3766 1174 3850 episcopus,
1201 3765 1315 3849 prelati
1337 3771 1371 3833 et
1391 3766 1542 3848 manici,
1572 3766 1606 3832 in
1628 3766 1772 3833 omnibus
1792 3765 1979 3850 stringens

431 3866 538 3937 lundis
557 3867 768 3953 predictarum
790 3867 935 3935 villurnm
953 3873 987 3935 et
1005 3870 1237 3953 possessionum
1256 3868 1401 3936 civitates
1421 3874 1455 3936 et
1474 3868 1555 3936 alins
1575 3868 1769 3936 municiones
1789 3867 1980 3937 edificabunt

434 3969 534 4040 libere
554 3970 622 4039 sinc
641 3970 782 4057 qualibet
801 3971 1057 4055 contradictione,
1078 3971 1132 4040 ubi
1154 3978 1188 4039 et
1208 3971 1334 4056 quando
1356 3971 1402 4039 eis
1422 3970 1581 4040 videbitur
1601 3971 1757 4057 expedire
1784 3972 1830 4039 Et
1849 3976 1888 4039 ut
1908 3972 1978 4040 bre

433 4073 517 4142 viter
543 4074 577 4142 in
603 4073 663 4158 hys
690 4072 835 4142 omnibns
855 4073 923 4141 Deo
945 4074 1090 4143 etberto
1111 4075 1214 4144 liaris
1235 4075 1348 4160 rupini
1371 4093 1485 4159 pamm
1506 4073 1692 4159 obsequium
1713 4073 1855 4160 prestare
1874 4074 1979 4144 vales·

433 4194 515 4259 mus,
536 4176 717 4245 mensuratis
738 4176 881 4258 dominis
903 4176 1058 4262 episcopo,
1090 4177 1221 4264 prelatis
1243 4184 1277 4245 et
1296 4179 1464 4259 canonicis,
1486 4177 1519 4244 in
1540 4177 1672 4263 prelatis
1693 4179 1786 4261 villis,
1808 4180 1981 4263 possessio·

433 4279 526 4347 mbos
547 4295 580 4348 et
600 4279 715 4362 fundis,
736 4298 798 4363 que
816 4299 899 4347 nunc
919 4281 953 4347 in
974 4288 1082 4349 nostro
1102 4281 1250 4361 dominio,
1269 4282 1354 4365 quod
1375 4282 1409 4348 in
1430 4282 1570 4366 prasenti
1596 4282 1746 4350 babemus
1765 4287 1800 4350 et
1819 4283 1853 4349 in
1875 4288 1969 4366 poste

433 4402 504 4450 rum
526 4382 661 4450 Domino
690 4383 879 4451 concedente
905 4382 1097 4466 habebimus,
1128 4384 1289 4469 possident
1317 4384 1366 4452 vel
1388 4385 1594 4469 possidebunt
1613 4386 1646 4452 in
1666 4384 1784 4468 brturo,
1807 4404 1898 4454 omne
1919 4387 1979 4467 ius,

436 4486 521 4573 quod
540 4485 631 4554 nobis
644 4486 796 4571 competit
810 4487 842 4552 in
856 4487 995 4570 presenti
1010 4487 1058 4554 vel
1074 4493 1250 4571 computare
1264 4488 1381 4555 nostris
1395 4488 1625 4555 suecessoribus
1640 4494 1747 4573 posset
1759 4489 1793 4555 in
1808 4493 1979 4574 posterum,

432 4589 545 4658 damus
565 4594 599 4655 et
620 4589 824 4672 resignamus,
847 4588 942 4656 nichil
964 4589 997 4655 in
1019 4590 1134 4658 eisdem
1157 4591 1247 4657 nobis
1269 4592 1347 4658 iuris
1364 4598 1576 4659 reservantoe:
1599 4611 1636 4659 eo
1660 4592 1726 4658 solo
1740 4598 1880 4678 excepto,
1896 4593 1980 4676 quod

432 4692 473 4760 de
490 4692 602 4777 viginti
623 4691 742 4758 mansis
764 4691 976 4777 FlammingiS,
999 4712 1095 4760 unnim
1117 4694 1273 4762 hominem
1295 4701 1453 4762 minutum
1474 4695 1515 4762 ad
1536 4694 1746 4763 defensionem
1769 4703 1854 4764 terre
1877 4695 1980 4782 (loya-

433 4795 550 4864 vieusis
579 4801 702 4862 tantum
729 4793 820 4863 nobis
850 4795 975 4862 mittere
1004 4797 1208 4877 tenebuntur3
1239 4798 1293 4882 qui
1321 4798 1477 4866 sivenire
1498 4797 1680 4881 neglexerit,
1699 4818 1835 4867 marcam
1857 4803 1980 4885 urgenti

435 4898 555 4967 usualis
576 4899 666 4965 nobis
687 4898 789 4964 solvet
816 4897 844 4965 si
874 4917 929 4965 suc
950 4899 1095 4966 absencia
1116 4901 1322 4967 sufficientem
1340 4920 1402 4968 non
1420 4901 1595 4969 ostenderit
1616 4920 1752 4983 eausam,
1781 4920 1877 4985 quam
1898 4903 1982 4972 scul-

438 5007 522 5070 tetus
544 5001 605 5070 loci
627 5002 722 5083 illins,
745 5000 773 5067 si
795 5000 900 5082 fucrit,
922 5008 956 5068 ct
977 5002 1004 5068 si
1026 5022 1087 5070 non
1107 5003 1211 5084 fuerit,
1233 5004 1383 5071 ‹liscucict
1404 5011 1597 5089 procurator.
1641 5003 1679 5069 ln
1708 5004 1875 5089 sepedictis
1908 5025 1980 5074 voro

433 5105 510 5172 locis
537 5112 664 5172 moneta
688 5110 799 5171 nostru
824 5111 930 5171 curret
958 5106 1087 5186 usualis,
1116 5112 1332 5173 verumtamen
1362 5108 1554 5174 moneamus
1583 5111 1691 5173 noster
1720 5107 1840 5175 nullum
1864 5109 1979 5176 ibidem

436 5207 650 5276 cohercioncm
673 5207 810 5274 babebit.
855 5206 916 5275 Sel
938 5207 964 5274 si
984 5209 1054 5292 quis
1076 5208 1221 5275 inventus
1242 5209 1339 5276 iacnt
1359 5209 1471 5276 falsum
1491 5208 1612 5277 habens
1633 5215 1801 5295 monetam,
1826 5230 1884 5297 per
1901 5211 1991 5279 scol

435 5317 535 5380 tetum
556 5312 615 5379 loci
636 5311 719 5376 iilius
742 5330 837 5377 eausa
855 5309 1044 5378 iudierbitur
1065 5311 1106 5378 ad
1127 5313 1285 5396 querelam
1308 5315 1407 5381 nostri
1423 5315 1539 5381 nuncii.
1568 5312 1744 5381 lnalimtmn
1759 5334 1885 5401 quoquc
1899 5317 1981 5384 inter

435 5433 493 5482 nos
514 5421 548 5483 ct
568 5414 728 5482 dominum
749 5415 928 5500 episcopum
951 5435 1007 5500 per
1028 5414 1163 5483 meditus
1184 5415 1353 5485 dividatur.
1396 5417 1547 5486 llonaincs
1565 5417 1676 5501 suant,
1698 5417 1753 5504 qui
1774 5417 1815 5486 ud
1836 5419 1980 5506 benepla-
