4860 6180
1901 179 1975 256 4⁰7

433 390 515 459 turis
535 389 655 476 scripta
674 389 837 475 presencia
864 386 1170 475 aspectansque
1198 385 1294 455 talem
1320 403 1391 456 cum
1419 382 1535 452 dilecta
1560 386 1692 470 coningo
1718 385 1829 451 nostra
1852 379 1979 450 domina

432 492 558 563 loleutlr
578 491 718 562 ciumem
738 492 867 562 Paionia
889 493 1015 561 ducissa
1035 490 1166 584 fecimus
1196 491 1485 560 commutationem:
1513 488 1621 556 villam
1645 508 1707 575 que
1736 488 1847 558 (lrirov
1871 487 1979 574 vulma-

431 596 511 666 ritat
529 595 709 682 appellatur
728 596 769 664 dc
788 597 903 665 uicinia
921 616 983 682 quc
1003 593 1092 663 chc
1111 594 1228 662 dicitnr
1249 595 1450 680 excipientes,
1473 592 1585 662 vicinio
1604 592 1763 661 iunximus
1785 591 1978 661 costrinensi
2015 593 2016 596 ’

432 702 534 788 ipsam
555 699 597 768 ab
617 700 762 768 omnibus
782 700 1001 769 exacdonibus
1018 699 1227 782 absolventes,
1248 698 1394 766 videlicet
1414 716 1435 764 o
1455 702 1570 780 etrozo,
1592 714 1736 779 auarus,
1754 715 1776 764 a
1793 695 1978 780 podvorore,

432 821 586 890 sporca3
608 821 713 872 coram
739 808 845 872 castro
874 804 975 872 incole
1000 801 1122 888 prefate
1150 802 1223 871 ville
1249 802 1277 869 si
1304 801 1396 870 citati
1423 800 1555 884 tuerint,
1581 818 1644 867 non
1671 799 1895 883 respondeant,
1924 800 1980 870 scd

432 905 658 992 ondecunque
679 924 775 974 causo
800 909 977 975 accessam
1003 905 1099 974 tuerit
1126 903 1340 986 terminanda,
1369 910 1476 972 nostre
1497 903 1637 988 coniugis
1657 902 1817 989 presencie
1838 902 1887 970 vel
1907 920 1981 971 suo·
2056 911 2058 914 ⁴
2097 989 2100 994 Ι

432 1027 503 1078 rum
524 1008 663 1078 indimus
691 1007 864 1077 differetur.
908 1010 1026 1078 Villam
1051 1027 1126 1076 vero
1157 1025 1218 1092 que
1242 1005 1347 1074 Geren
1374 1006 1468 1092 vulgo
1495 1007 1621 1074 nominc
1647 1013 1856 1091 noncupatur,
1885 1024 1980 1092 quem

431 1111 471 1182 de
490 1111 606 1181 ridnia
626 1111 735 1181 codem
757 1113 935 1197 excepimus
965 1110 1174 1194 cosuimnsi,
1204 1110 1273 1178 loco
1299 1108 1445 1195 superios
1473 1108 1558 1177 dicte
1585 1109 1659 1178 ville
1687 1110 1729 1177 ad
1757 1115 1882 1177 nostros
1903 1127 1980 1178 usta

432 1216 642 1285 convertimus
663 1221 697 1284 et
717 1214 882 1284 utilitates.
910 1216 958 1285 Ut
976 1221 1082 1284 autem
1103 1212 1162 1281 hec
1182 1217 1293 1280 nostra
1313 1211 1518 1280 commutatio
1538 1211 1635 1279 robur
1649 1212 1851 1296 perhenniter
1871 1216 1979 1280 teneat

432 1316 603 1402 firmitatis,
634 1317 789 1387 cartulam
817 1325 994 1406 presentem
1021 1320 1054 1385 iu
1082 1314 1265 1385 memorium
1293 1316 1494 1402 perhennem,
1524 1333 1589 1382 una
1616 1333 1688 1383 cum
1714 1315 1833 1384 dilecta
1850 1315 1981 1401 coniuge

431 1425 542 1490 nocua
562 1427 735 1490 memorata
756 1421 884 1491 domina
902 1421 1036 1506 lolenth,
1055 1425 1239 1488 nostrorum
1265 1418 1468 1505 impressione
1491 1416 1665 1500 sigillorum
1693 1416 1822 1487 fecimus
1843 1437 1980 1489 eommu-

433 1522 505 1593 utrb
549 1523 633 1594 Acta
651 1530 727 1593 suut
748 1523 807 1595 hec
823 1526 858 1593 iu
880 1523 1008 1595 Clcscev
1029 1541 1113 1594 anuo
1133 1520 1262 1590 Domini
1282 1518 1557 1604 mccuxxvn,
1580 1522 1682 1607 primo
1702 1521 1862 1592 Kalendas
1883 1523 1980 1610 Magi

535 1727 657 1816 Criton
669 1733 818 1801 droam.
841 1731 940 1818 Kedc,
958 1734 1057 1802 dicct.
1087 1726 1308 1813 cocornensis,
1323 1732 1361 1795 de
1375 1731 1534 1812 scema
1563 1725 1677 1816 (dorca,
1696 1727 1807 1798 sorra.
1837 1727 1975 1815 Gloecer,

302 1835 612 1904 ·lecm.

1103 2132 1179 2222 Nu.
1208 2129 1310 2220 466.

540 2330 755 2418 Bolealcrus
782 2333 859 2416 dux
884 2331 1030 2417 Polonle
1056 2334 1192 2415 1277
1215 2330 1305 2415 lici
1330 2335 1406 2430 10,
1432 2328 1476 2412 ln
1492 2329 1658 2435 dneana3
1683 2347 1806 2417 mntem
1825 2352 1983 2417 monace-

435 2455 484 2524 rio
513 2453 553 2524 de
580 2453 721 2540 diogilno
739 2449 854 2521 ‘villam
882 2453 1019 2540 Plowce,
1046 2472 1178 2539 eamque
1206 2450 1406 2522 libertatibus
1430 2452 1632 2536 antiquarum
1663 2451 1811 2522 rillamm
1843 2451 1983 2521 ciusdem

433 2557 616 2629 monuerit
641 2556 754 2625 munit
999 2624 1003 2632 ,
1533 2624 1534 2628 r

538 2667 677 2746 Μαι
709 2667 839 2744 onuba
880 2667 919 2729 do
949 2661 1073 2746 eorm
1106 2666 1181 2729 ave
1207 2666 1361 2750 pompeo
1388 2664 1635 2743 moneam..
1672 2661 1720 2725 ⁰⁶
1745 2663 1984 2742 ammte

429 2765 595 2852 platones
615 2769 875 2848 mancipante
901 2769 1035 2849 detorta
1067 2788 1087 2832 z
1117 2763 1240 2847 Daci&
1264 2768 1428 2847 posonem
1447 2765 1694 2848 majodooboe,
1716 2781 1879 2842 mne,
1901 2761 1981 2831 tolle

436 2873 560 2948 tbtetc
579 2867 693 2936 rim
709 2888 805 2952 prm
825 2873 901 2936 aee
921 2872 1042 2935 decuti
1058 2873 1293 2951 mmmm.

540 2976 686 3057 neopum.
720 2972 888 3066 asceaco
907 2976 1251 3055 metamucense
1278 2976 1311 3052 c,
1332 2974 1364 3041 e.

538 3178 578 3249 Iu
604 3178 732 3248 nomine
759 3178 887 3248 Domini
914 3198 1016 3248 amen
1067 3177 1221 3262 Quoniam
1246 3184 1377 3266 propter
1402 3178 1613 3248 mutaciouem
1641 3184 1820 3265 temporum
1847 3161 1985 3249 hunuano

435 3301 570 3370 corpora
588 3282 679 3350 enda
700 3282 772 3368 (sic)
793 3282 827 3348 in
849 3288 991 3367 tempore
1011 3300 1182 3368 eorumque
1203 3289 1294 3353 actus
1315 3290 1349 3352 et
1368 3283 1577 3368 operaciones·
1587 3301 1713 3352 neccsse
1727 3291 1778 3351 est
1791 3284 1909 3353 rameri
1922 3285 1985 3354 uisi

436 3386 517 3456 serio
537 3384 717 3453 litterarum
737 3383 779 3452 ad
800 3385 949 3453 noticiam
966 3383 1146 3472 futurorum
1166 3392 1360 3469 revocentur,
1386 3391 1498 3454 notum
1517 3385 1561 3453 sit
1580 3385 1679 3471 igitur
1699 3392 1766 3455 tam
1787 3387 1985 3474 presentibus

436 3507 532 3576 quam
549 3486 666 3555 mauris
686 3505 815 3572 precem
835 3487 989 3575 scripturn
1007 3488 1214 3573 intuentibus,
1236 3489 1320 3574 qnod
1340 3506 1400 3556 nos
1413 3487 1597 3557 Boleslerus
1618 3488 1679 3557 Dei
1692 3490 1801 3574 gracia
1813 3489 1878 3558 dux
1891 3490 1985 3560 Polo-
2002 3520 2005 3525 ·

437 3593 490 3661 uie
506 3591 669 3677 cupientes
690 3589 820 3659 celestia
846 3609 904 3675 pro
930 3590 1065 3659 terrenis
1089 3596 1295 3676 commutare,
1322 3591 1429 3660 villam
1450 3610 1513 3676 quc
1532 3592 1593 3661 boc
1619 3592 1746 3661 nomine
1765 3592 1896 3662 Plorcae
1916 3593 1986 3663 rul-

437 3694 557 3782 gariter
576 3699 787 3779 nuncupatur,
809 3693 851 3762 ob
873 3694 1082 3762 reverenciam
1102 3694 1189 3763 beati
1209 3693 1359 3763 Iohannis
1379 3695 1525 3764 Babtiste
1539 3700 1573 3764 et
1584 3697 1618 3762 in
1631 3695 1848 3766 remissionem
1861 3702 1986 3766 nocuo-

435 3816 507 3866 rum
527 3797 724 3883 pemminum
745 3796 851 3864 domui
872 3796 913 3863 de
934 3795 1093 3882 Megylna,
1123 3797 1219 3865 sitam
1239 3798 1273 3864 in
1302 3798 1493 3866 lmtellonia
1520 3797 1697 3867 Gneunensi
1721 3799 1909 3868 contulimus
1931 3798 1986 3869 he·

436 3900 585 3969 redituris
606 3900 640 3967 in
657 3905 843 3985 perpetuum
873 3899 1107 3984 possidendam,
1135 3898 1405 3985 deliberantesque
1433 3918 1503 3969 eam
1532 3901 1573 3969 ab
1598 3901 1743 3969 omnibus
1768 3903 1986 3972 exaccionibus

435 4002 636 4087 Polouorum,
658 4002 803 4071 videlicet
824 4022 845 4070 a
866 4009 984 4086 strosa,
1014 4022 1035 4070 a
1063 4003 1216 4073 citccime
1243 4005 1355 4088 castri,
1384 4025 1406 4074 a
1433 4003 1623 4088 podvorovc,
1652 4024 1674 4073 a
1702 4023 1818 4090 poros,
1838 4024 1859 4074 a
1879 4025 1985 4091 umas,

436 4125 457 4175 a
477 4106 617 4175 stacione
637 4108 796 4175 venatoris
817 4113 852 4174 et
872 4106 1103 4175 subvcnatoris:
1127 4106 1186 4173 sub
1208 4107 1268 4175 hac
1289 4105 1399 4190 torma,
1422 4113 1460 4175 ut
1481 4107 1744 4193 quemadmodum
1766 4109 1840 4177 ville
1856 4110 1988 4194 antique

436 4208 566 4278 ecclesie
586 4209 672 4278 beati
691 4209 854 4277 Adulberti
875 4209 1068 4278 Gnezneusis
1098 4208 1246 4277 libertate
1273 4209 1487 4297 perfruuntur,
1514 4213 1623 4281 cadem
1652 4213 1739 4281 dicta
1767 4213 1844 4282 villa
1868 4213 1987 4301 perfrui

437 4311 654 4398 congaudebit
697 4311 746 4380 Ut
765 4318 872 4380 autem
894 4312 953 4380 hec
970 4313 1024 4397 pia
1045 4313 1174 4380 donatio
1196 4310 1286 4380 lirum
1307 4332 1345 4382 ac
1366 4320 1439 4383 rata
1460 4323 1613 4401 perpetuo
1635 4325 1828 4402 permoneat,
1859 4336 1986 4404 presen-

438 4421 504 4486 tem
523 4416 665 4485 litteram
687 4416 789 4483 nostri
807 4414 902 4498 sigilli
925 4434 982 4483 nec
1000 4434 1062 4482 uon
1084 4415 1200 4484 dilecte
1221 4423 1329 4484 nostre
1347 4419 1489 4504 coniugis
1510 4421 1635 4489 domine
1656 4420 1800 4490 Iolenthe
1814 4421 1986 4492 munimine

437 4520 586 4589 iussimus
607 4521 793 4590 communiri
814 4519 1013 4604 prementibus
1037 4519 1099 4586 hiis
1122 4519 1269 4601 testibus,
1293 4520 1413 4590 cdlieet
1442 4524 1557 4591 comite
1577 4523 1705 4592 loures
1725 4525 1874 4609 pincerna
1899 4524 1984 4593 Gne-

439 4624 560 4706 auensi,
582 4623 707 4693 domino
721 4624 881 4708 preposite
896 4622 1031 4707 Phillipo
1046 4624 1149 4689 sancti
1167 4623 1294 4706 Georgii
1308 4623 1348 4690 dc
1369 4625 1508 4709 Gnmna,
1528 4628 1642 4693 comite
1663 4625 1817 4695 Nicholao
1836 4633 1987 4696 venatore

438 4723 592 4807 eiusdem,
618 4732 653 4794 ct
682 4725 808 4793 domino
829 4724 983 4794 Nicholoo
1003 4726 1152 4793 canonico
1177 4724 1305 4793 ecclesie
1326 4726 1518 4796 Gucsnensia
1539 4729 1719 4800 Teutonico.
1763 4732 1880 4799 Actum
1900 4748 1984 4798 anuo

438 4826 565 4896 Domini
584 4826 785 4896 dcccxx
806 4829 950 4913 septimo,
971 4828 1081 4896 datum
1103 4833 1137 4896 ct
1158 4830 1367 4914 conscriptum
1387 4830 1421 4898 iu
1439 4831 1570 4900 Gnezna
1591 4832 1624 4900 in
1645 4831 1697 4901 die
1715 4832 1881 4902 beatem
1902 4851 1986 4901 mau-

438 4933 537 5002 tirum
555 4933 707 5003 Gcmlioni
729 4940 763 5002 ct
784 4934 967 5020 Iipymachi.

541 5138 683 5224 Plcvcae,
703 5145 798 5207 osudo
818 5144 933 5208 eructo.
959 5140 1118 5228 Mcgylna,
1144 5145 1282 5222 ruoperto.
