4860 6180
1857 462 1861 467 ·
1899 400 1973 483 tot

534 611 587 684 at.
629 612 719 697 Item,
741 611 770 683 si
789 610 961 683 Christiani
980 609 1074 680 alicui
1084 610 1181 682 ludeo
1195 631 1321 680 manum
1336 610 1501 680 inieoerint
1515 610 1693 694 violentum,
1707 608 1876 680 seeundum
1891 608 1975 694 quod

431 720 481 790 lus
503 725 587 789 terre
604 725 712 787 nostre
729 720 868 805 exegerit
889 716 1068 803 punientur.

535 825 587 891 33.
632 823 722 907 ltenn
742 823 835 890 iudex
859 822 1024 888 iudeorum
1045 820 1164 914 nullum
1191 838 1315 888 causum
1335 826 1438 887 ortam
1459 819 1543 886 iuter
1564 818 1675 886 ludeos
1698 819 1731 885 in
1752 819 1901 886 iudicium
1922 817 1976 884 de-

431 925 537 1010 ducat,
559 926 620 994 nisi
638 927 733 995 luerit
754 946 812 1011 per
831 926 1057 1010 querimoniam
1078 925 1240 993 invitatus.
1284 923 1374 1007 lwm,
1396 923 1486 992 ludei
1507 923 1591 990 eirea
1612 921 1745 1005 scholas,
1766 922 1822 1008 ivel
1843 921 1897 989 ubi
1912 921 1975 988 ele-

432 1030 546 1116 gerint,
567 1030 684 1099 debent
705 1028 845 1097 iudicari.

535 1133 588 1201 33.
632 1133 723 1213 Item,
744 1132 773 1199 si
794 1152 815 1199 a
834 1131 931 1200 ludeo
954 1130 1153 1200 ctnrtsttnnus
1167 1130 1281 1215 pignus
1301 1147 1394 1196 suum
1415 1129 1585 1196 absolverit
1604 1128 1662 1208 itu,
1681 1125 1769 1211 quod
1786 1144 1900 1195 usuras
1913 1145 1977 1194 uon

433 1235 627 1323 persolverit,
650 1234 774 1302 emdem
796 1235 824 1302 si
844 1235 928 1302 inira
948 1252 1086 1300 mensem
1106 1252 1169 1301 uun
1191 1232 1323 1315 dederit,
1343 1232 1406 1298 illis
1427 1232 1532 1299 usuris
1552 1235 1733 1298 mount
1753 1247 1858 1296 usuro.

538 1341 591 1406 at.
633 1337 725 1420 Item,
747 1337 869 1406 nullum
891 1337 1033 1404 nolumus
1054 1337 1086 1402 in
1107 1336 1200 1404 domo
1219 1336 1308 1404 ludei
1330 1336 1492 1420 hospitari
1591 1333 1593 1337 ’

538 1440 590 1508 33.
634 1438 669 1508 si
691 1440 806 1509 ludeus
830 1459 926 1526 super
954 1439 1164 1525 possessiones
1184 1447 1242 1506 aut
1267 1440 1375 1507 literas
1400 1439 1553 1506 bonorum
1579 1435 1784 1504 immobilium
1812 1437 1978 1521 mnium

433 1544 634 1635 mutuaverit,
667 1545 700 1612 id
721 1562 844 1628 quoque
865 1543 920 1610 ille
937 1544 1025 1612 euius
1045 1561 1097 1610 res
1117 1548 1168 1610 est
1188 1542 1378 1627 probauerit,
1400 1560 1457 1609 nos
1476 1540 1573 1608 ludeo
1591 1546 1626 1608 et
1645 1540 1795 1625 poeunim
1814 1543 1850 1605 et
1870 1539 1978 1608 litera·

434 1667 504 1717 rum
524 1646 637 1734 pignus
657 1647 831 1715 abiudicari
851 1645 1030 1714 statuimus.

536 1747 588 1818 23.
631 1744 1978 1834 itemstaliquisvelaliquupuerumludeisabduxerit,volumuseoudemneturutiur.

540 1854 592 1922 ut.
636 1853 727 1937 Item
749 1853 777 1921 si
798 1852 913 1921 ludens
934 1855 1088 1938 receperit
1105 1873 1126 1920 a
1146 1853 1325 1922 Christiano
1344 1854 1457 1940 pignus
1479 1858 1513 1920 et
1535 1871 1592 1938 per
1611 1852 1753 1936 spacium
1773 1851 1848 1917 aaui
1870 1855 1979 1919 tenue·

375 1991 382 2003 ·
436 1956 490 2041 rit,
518 1957 708 2044 sipiguoris
736 1956 826 2026 valor
848 1962 1025 2024 mutuatam
1053 1957 1216 2042 pecuniam
1244 1975 1307 2024 non
1334 1956 1512 2038 exuesserit,
1538 1954 1653 2022 iudeus
1673 1954 1769 2022 iudici
1788 1972 1847 2021 suo
1865 1954 1978 2038 pignus

437 2059 679 2143 demonstrabit3
701 2060 822 2129 sivero
843 2061 956 2145 pignus
976 2060 1092 2128 bonum
1112 2079 1175 2127 non
1196 2059 1302 2141 luerit,
1322 2059 1463 2143 mutire
1480 2064 1589 2126 nostro
1609 2057 1660 2125 uel
1680 2075 1738 2125 suo
1756 2055 1852 2124 iudici
1874 2061 1979 2123 osteu-
2041 2066 2044 2071 ·

360 2244 364 2250 ,
434 2163 499 2247 det,
519 2163 569 2232 vel
590 2171 703 2249 postea
727 2163 879 2231 uendendi
900 2163 1029 2231 babebit
1049 2161 1237 2245 libertatem,
1259 2163 1286 2230 si
1309 2162 1393 2231 idem
1405 2163 1530 2248 pignus,
1544 2167 1717 2246 antequam
1739 2178 1840 2228 auum
1862 2159 1979 2226 transi·

434 2266 506 2351 erit,
534 2284 591 2335 suo
617 2266 712 2334 iudici
737 2266 974 2335 demonstrabit.
1023 2264 1057 2334 Si
1082 2265 1209 2351 quidem
1241 2266 1353 2350 pignus
1374 2264 1459 2351 apud
1479 2264 1610 2333 ludeum
1631 2263 1715 2332 diem
1737 2270 1772 2331 et
1791 2281 1908 2331 mum
1929 2280 1978 2330 re·

434 2369 596 2452 meuserit,
613 2368 693 2436 mulli
714 2388 809 2455 super
829 2369 889 2438 boo
909 2375 1021 2454 postea
1040 2368 1250 2454 respondebit

536 2471 589 2540 28.
633 2471 797 2556 Volumus,
820 2478 858 2540 ut
886 2472 993 2540 uultus
1021 2471 1151 2541 Iudeum
1182 2491 1277 2558 super
1302 2471 1461 2540 solucione
1480 2470 1646 2556 pignorum
1667 2470 1702 2538 in
1722 2487 1781 2538 suo
1797 2468 1910 2539 feriato
1926 2468 1979 2537 dle

434 2573 551 2643 mdeat
570 2582 739 2644 eoeneum

538 2676 591 2745 33.
634 2676 726 2761 Item,
745 2677 924 2763 quicunque
946 2677 1145 2746 Christianus
1166 2697 1224 2764 per
1245 2677 1308 2746 vim
1328 2677 1496 2747 abstulerit
1509 2677 1623 2763 pignus
1643 2697 1735 2747 suam
1754 2697 1775 2746 a
1792 2677 1900 2762 ludeo,
1921 2682 1979 2745 aut

434 2779 616 2849 violentiam
636 2780 671 2847 in
691 2781 784 2849 domo
800 2799 864 2860 ,suu
883 2782 1068 2863 exercuerit,
1090 2786 1128 2848 ut
1148 2781 1320 2866 dissipator
1340 2787 1447 2850 nostre
1469 2801 1592 2851 cameoe
1612 2783 1752 2867 grunitu
1769 2783 1928 2867 puniatur.

537 2881 590 2950 30.
632 2882 724 2966 Item,
753 2889 865 2951 eontra
888 2882 1019 2952 Iudeum
1049 2885 1173 2951 nonnisi
1201 2884 1235 2951 iu
1255 2883 1382 2966 sobolis,
1408 2885 1458 2952 vel
1476 2885 1530 2953 ubi
1552 2885 1732 2954 iudicantur
1752 2903 1860 2953 omnes
1881 2883 1982 2966 ludei,

436 2985 472 3054 iu
494 2985 609 3054 iudidio
630 2987 830 3072 prooedatur3
853 2989 992 3074 exceptis
1010 2988 1101 3056 uobis
1122 2995 1156 3056 et
1176 2994 1286 3057 nostro
1306 2989 1457 3073 palatino,
1477 2990 1533 3074 qui
1552 3008 1607 3058 eos
1627 2994 1761 3075 possum
1781 2987 1822 3056 ad
1839 2992 1981 3056 nostram

434 3089 627 3174 promotam
648 3108 786 3159 morare

537 3192 588 3259 31.
631 3192 726 3261 quta
746 3194 986 3262 wastitutiones
1008 3195 1093 3281 Pape
1113 3195 1146 3262 iu
1167 3195 1293 3264 nomiae
1314 3196 1415 3264 nostri
1437 3196 1538 3281 putris
1555 3196 1658 3265 macti
1678 3195 1853 3264 districtius
1873 3193 1980 3280 probi·

435 3293 555 3378 bemus,
577 3315 618 3364 ue
636 3295 677 3365 de
695 3302 799 3364 oetero
817 3296 905 3364 ludei
926 3296 1042 3381 singuli
1062 3297 1097 3363 iu
1115 3304 1224 3366 uostm
1238 3299 1376 3367 dominio
1389 3300 1555 3368 eonstiwti
1568 3299 1703 3368 debeant
1716 3299 1880 3385 inculpari,
1894 3297 1980 3384 quod

434 3398 571 3468 bumauo
592 3405 725 3468 utantur
746 3401 905 3485 sanguiue,
927 3420 999 3468 eum
1020 3401 1111 3469 iuxta
1130 3410 1312 3487 preceptum
1333 3402 1437 3488 Iegis,
1459 3402 1500 3469 ab
1521 3403 1607 3471 omui
1627 3420 1757 3487 prorsus
1777 3402 1977 3487 sanguineae

435 3501 524 3570 Iudai
550 3503 732 3572 wadneant
757 3504 904 3570 umuemi.
948 3503 1012 3571 Sed
1040 3505 1068 3570 si
1094 3505 1209 3590 aliquis
1239 3506 1354 3573 iudeus
1375 3506 1416 3573 de
1440 3507 1596 3574 occisione
1621 3507 1753 3574 alieuius
1773 3507 1863 3590 pueri
1886 3503 1979 3572 Obri-

435 3605 531 3674 stiami
552 3624 610 3691 per
631 3603 845 3673 Christianum
865 3605 962 3672 fuerit
983 3606 1172 3691 inculpatus,
1194 3608 1296 3676 tribus
1318 3607 1509 3676 Christianis
1521 3615 1555 3676 et
1568 3609 1700 3677 totidem
1713 3608 1818 3676 Iudeis
1832 3607 1973 3675 moriad

435 3709 543 3793 tabee
558 3716 592 3780 et
605 3718 772 3796 postquam
782 3713 943 3779 convictus
963 3711 1069 3794 luerit,
1092 3717 1168 3779 tune
1188 3711 1257 3796 ipse
1277 3711 1392 3780 Iudeus
1412 3712 1631 3780 tantummodo
1652 3731 1734 3798 pena
1750 3730 1814 3796 que
1836 3712 1980 3795 sequitur

436 3813 587 3898 puniatur
611 3815 740 3882 emmim
764 3832 822 3900 pro
848 3816 1021 3883 commisso.
1065 3814 1100 3883 Si
1121 3834 1194 3883 vero
1222 3816 1325 3900 ipsum
1352 3822 1450 3884 testas
1471 3816 1645 3901 supradicti
1666 3823 1699 3884 et
1719 3834 1778 3882 sua
1798 3816 1981 3883 innocencia
2115 3837 2121 3849 ·

435 3916 630 4002 expurgabit,
652 3936 765 4001 penam
787 3917 997 4002 Christianus,
1019 3937 1114 4003 quam
1132 3918 1248 3987 Iudeus
1270 3905 1345 4004 pati
1358 3918 1519 4001 debuerat,
1541 3938 1599 4005 pro
1621 3920 1778 3987 ulamma
1796 3938 1859 3987 non
1871 3920 1978 3986 imme·

436 4019 499 4086 rito
520 4018 696 4087 mutinebit

540 4122 592 4188 33.
635 4120 716 4189 Item
745 4123 923 4207 statuimus,
946 4130 990 4191 ut
1011 4125 1158 4209 quitquid
1178 4125 1294 4192 ludeus
1315 4126 1481 4209 mutuavit,
1502 4127 1569 4193 sine
1589 4145 1701 4193 aurum
1722 4125 1828 4208 luerit,
1849 4125 1980 4208 denarii,

435 4225 501 4323 sive
521 4233 696 4311 argeutum,
720 4226 801 4293 idem
820 4226 880 4294 sibi
898 4227 977 4295 solvi
998 4228 1047 4296 vel
1068 4229 1156 4295 reddi
1175 4227 1268 4296 debet
1289 4248 1360 4297 eum
1382 4246 1478 4295 usura
1495 4228 1602 4296 debita
1622 4248 1684 4313 que
1704 4230 1853 4296 accrevit.

540 4329 591 4394 33.
635 4328 799 4410 Volumus,
821 4340 859 4397 ut
880 4330 968 4398 ludei
990 4349 1087 4416 equos
1108 4332 1350 4415 qualescunque,
1363 4331 1553 4416 generaliter
1566 4350 1684 4414 omines,
1703 4333 1868 4400 manifeste
1882 4340 1979 4417 atque

437 4432 471 4498 iu
489 4432 558 4500 luoe
578 4431 728 4499 diuturna
750 4453 806 4517 pro
825 4434 954 4517 pignore
975 4435 1139 4518 recipiant,
1176 4434 1211 4501 Si
1231 4441 1339 4500 autern
1359 4435 1473 4518 uliquis
1488 4453 1588 4519 equus
1601 4436 1686 4520 apud
1699 4436 1830 4503 ludeum
1843 4436 1978 4518 iuratus,

435 4554 493 4621 per
514 4535 728 4604 Christianum
749 4536 884 4619 aliquem
907 4538 1109 4618 inveniretur,
1131 4537 1246 4604 ludens
1265 4556 1299 4604 se
1322 4539 1496 4604 iuramento
1509 4539 1637 4623 proprio
1656 4540 1843 4624 expurgabit
1856 4539 1977 4607 disens:

436 4639 512 4721 quia
537 4639 669 4706 modern
697 4657 811 4721 equum
837 4637 1002 4706 murriitste
1024 4647 1058 4706 et
1079 4639 1112 4705 iu
1132 4640 1182 4707 diu
1205 4659 1262 4723 pro
1281 4640 1337 4706 tali
1359 4659 1454 4724 quam
1475 4640 1563 4708 dedit
1584 4643 1717 4726 pecunia
1737 4644 1980 4728 impiguorutum

435 4739 556 4821 habuit,
577 4747 610 4808 et
631 4741 777 4809 orulubut.
798 4760 860 4808 uon
882 4740 1030 4808 iuratum.
1346 4807 1347 4810 ,

539 4843 591 4909 34.
635 4843 716 4911 llam
746 4843 948 4924 inobiburnus,
975 4850 1012 4910 ut
1040 4845 1206 4912 monetarii
1236 4846 1268 4912 in
1289 4853 1396 4914 nostru
1418 4848 1556 4915 dominio
1577 4850 1751 4930 constituti,
1774 4849 1886 4916 ludeos
1908 4869 1979 4918 eum

437 4945 526 5014 falsis
547 4945 683 5012 donariis
705 4946 754 5013 vol
776 4946 869 5013 rubus
887 4946 968 5027 aliis,
990 4947 1050 5014 soli
1071 4948 1189 5032 absque
1212 4955 1321 5015 nostro
1337 4952 1449 5017 nurueio
1464 4952 1513 5018 vol
1528 4953 1628 5018 nostri
1645 4953 1775 5036 palatini
1790 4972 1846 5020 seu
1860 4953 1979 5039 obuque

436 5049 556 5116 civibus
574 5047 723 5131 horretis,
745 5068 869 5133 quoquo
892 5050 984 5116 rutulo
1006 5050 1146 5118 ‹tostino-re
1168 5053 1216 5120 vel
1238 5072 1351 5136 eernere
1373 5073 1434 5121 uon
1455 5063 1646 5139 presumant.

481 5180 485 5187 ·
538 5152 591 5217 33.
636 5150 820 5234 Statuiuuu,
842 5154 925 5237 quod
949 5154 975 5218 si
996 5154 1108 5220 lutluus
1127 5155 1242 5238 aliquis
1264 5157 1442 5239 compulsus
1465 5159 1561 5225 niuniu
1580 5159 1766 5226 uretussituto
1781 5161 1885 5228 noetis
1901 5167 1979 5226 tem·

440 5274 516 5341 pore
538 5255 728 5335 clanuuvrrit,
750 5263 781 5321 et
804 5257 830 5322 si
854 5258 945 5324 uicini
969 5256 1139 5324 (lintistinni
1162 5265 1304 5342 prestere.
1319 5280 1381 5326 uon
1396 5262 1576 5328 curaverint
1590 5262 1741 5329 auxilium
1756 5270 1977 5349 opportunum,

435 5377 493 5428 uec
514 5359 655 5425 venerint
676 5358 715 5424 ud
739 5358 916 5442 uluruouuu,
938 5361 1071 5444 quilibet
1093 5363 1212 5427 vitetnns·
1233 5382 1310 5428 suus
1333 5364 1531 5431 meridianus
1546 5365 1678 5447 triginta
1691 5366 1985 5438 mitteremus·
