4860 6180
500 423 575 500 44⁶

449 639 452 644 ·
480 597 711 692 'admatha
733 623 895 709 elegerint,
918 623 1043 690 illorum
1065 620 1194 691 collatio
1216 626 1250 688 ct
1268 618 1381 688 electio
1401 618 1445 685 sit
1462 614 1553 684 irrita
1566 614 1636 700 ipso
1651 613 1733 697 iure;
1756 612 1880 699 ipsique
1894 607 2056 682 ooulcreu·

500 732 550 794 tes
570 731 605 794 et
625 725 778 808 eligentes
797 746 855 811 per
876 746 931 794 sex
953 746 1076 794 menses
1097 746 1119 793 a
1140 725 1308 792 collatione
1330 722 1552 791 mncflciorum
1573 724 1607 786 et
1627 718 1697 784 iure
1718 716 1854 801 eligendi
1881 717 1950 801 ipso
1971 713 2056 782 moto

504 829 570 897 siut
591 828 744 912 suspensi
787 828 832 895 ut
849 830 884 896 iu
904 830 1054 913 predictis
1074 833 1132 895 aut
1153 827 1364 912 predictorum
1385 825 1492 908 aliquo
1506 821 1702 901 excolentes,
1724 825 1798 903 post
1811 818 2058 886 satisfactionem

502 929 688 1015 uoudiguanr
710 931 817 998 esuis
839 931 1014 999 dioccsauis
1036 931 1126 997 iuxta
1146 930 1279 997 formam
1302 927 1441 995 Ecclesie
1462 925 1676 1009 pennittiurus
1697 940 1791 1006 posse
1810 921 1941 990 absolvi.
2074 965 2077 970 -

606 1035 836 1116 vesseram
880 1034 1195 1101 Excommuuicnmus
1217 1033 1379 1099 univorsos
1397 1035 1431 1096 et
1452 1026 1592 1110 singulos
1613 1025 1838 1108 cuiuscumque
1859 1022 2058 1103 conditionis,

501 1135 622 1204 ordinis
643 1153 700 1203 seu
712 1137 881 1222 ¹roligionis
903 1138 1083 1218 existentes,
1107 1137 1161 1221 qui
1180 1136 1313 1220 aliquos,
1336 1133 1369 1198 ln
1391 1132 1529 1197 sanitate
1551 1133 1608 1196 aut
1631 1127 1664 1193 iu
1686 1128 1882 1208 infirmitate,
1909 1143 2060 1210 quocum·

501 1255 564 1324 quc
586 1238 688 1314 modo,
710 1238 835 1322 ingenio
854 1239 920 1305 sivo
941 1238 1060 1320 fraude,
1077 1258 1134 1323 por
1153 1258 1188 1306 se
1209 1236 1259 1305 vel
1281 1254 1337 1319 por
1358 1232 1438 1299 ulios
1457 1230 1575 1297 illicere
1601 1247 1659 1296 seu
1687 1228 1837 1296 seducere
1862 1244 2059 1312 prmumpse

502 1340 579 1422 rint,
602 1345 639 1406 ut
659 1339 778 1424 eligunt
799 1339 860 1407 sibi
882 1341 1077 1425 sepulturam
1105 1340 1182 1408 ahbi
1211 1357 1307 1422 quam
1335 1334 1420 1419 apud
1446 1332 1611 1401 emisam
1637 1348 1728 1397 suam
1757 1328 1980 1416 parochialem,
2010 1327 2061 1395 rel

501 1441 587 1527 apud
608 1441 771 1508 eoelesiam
793 1440 878 1524 apud
900 1459 996 1525 quum
1015 1443 1252 1527 pruieccssores
1274 1439 1324 1506 sui
1344 1436 1471 1521 sepeliri
1493 1440 1724 1503 consueverunt
1745 1453 1766 1501 u
1787 1432 1898 1499 multis
1912 1431 2062 1516 tempori·

502 1542 563 1611 hus
585 1543 761 1610 retroactis.
807 1542 928 1611 Eadem
950 1544 1282 1612 excommunicationis
1303 1541 1464 1608 sententia
1484 1554 1647 1604 censemus
1666 1534 1784 1602 involvi
1806 1533 2002 1618 omnesqui
2023 1533 2063 1598 li·

502 1643 597 1712 heras
617 1641 799 1711 voluntates
819 1645 1003 1729 eligentium
1024 1647 1058 1712 iu
1079 1648 1219 1714 suuimte
1239 1644 1316 1711 aiibi
1339 1641 1535 1726 sepulturam
1556 1658 1653 1723 quam
1667 1640 1701 1705 iu
1717 1636 1951 1723 parochialibus
1965 1634 2063 1704 eccle·

501 1746 559 1814 slis
579 1746 716 1831 propriis
734 1752 791 1813 aut
811 1746 846 1812 iu
867 1753 995 1831 potrum
1016 1766 1145 1815 suorum
1167 1746 1352 1831 sepulturis,
1375 1750 1410 1811 et
1428 1742 1564 1810 maxime
1581 1741 1742 1825 religionis
1756 1747 1791 1808 et
1802 1740 1979 1808 denotionis
1997 1757 2064 1806 mu·

504 1848 618 1932 lorum
640 1866 838 1933 quacumque
858 1847 968 1940 hunde
986 1849 1038 1916 rel
1060 1850 1185 1933 ingenio
1207 1846 1457 1934 presumpserint
1483 1843 1646 1928 impedire,
1676 1848 1735 1911 aut
1763 1844 1861 1911 etium
1886 1840 2064 1928 prohibere,

504 1950 673 2037 quominus
691 1950 772 2018 tales
789 1951 824 2018 in
845 1950 923 2019 locis
945 1950 1124 2019 huiusmodi
1142 1951 1183 2019 de
1204 1968 1359 2018 canonum
1381 1948 1588 2032 permissione
1608 1946 1729 2029 electis,
1750 1946 1850 2014 libere
1871 1964 1910 2013 sc
1923 1945 1992 2012 siue
2006 1944 2066 2010 im·

505 2053 685 2140 pedimentu
706 2053 843 2122 debeant
864 2055 1000 2139 sepeliri,
1022 2056 1051 2122 si
1073 2057 1120 2122 eis
1140 2054 1229 2122 aliud
1249 2052 1435 2123 canonicum
1456 2050 1716 2135 impedimentum
1734 2066 1799 2116 uon
1829 2047 1952 2130 obstat3
1978 2047 2067 2114 salua

505 2174 630 2241 semper
651 2157 801 2224 canonica
822 2157 1042 2242 parochiarum
1065 2159 1148 2225 uude
1169 2176 1302 2242 corpora
1322 2161 1529 2224 asumuntur
1549 2153 1685 2234 iustitio,
1711 2159 1746 2220 et
1767 2152 1937 2236 episcopali
1959 2150 2067 2218 debita

506 2259 662 2346 portione
706 2258 923 2326 Permittimus
942 2264 1059 2342 autem,
1080 2259 1166 2344 quod
1187 2279 1208 2327 a
1229 2259 1403 2327 diocesams
1424 2257 1589 2343 episcopis,
1619 2255 1660 2323 de
1684 2273 1821 2339 quarum
1849 2252 2068 2321 iurisdictione

506 2361 635 2443 neunt,
664 2359 846 2428 seductores
867 2361 917 2427 rel
939 2361 994 2429 alii
1019 2363 1189 2432 violatores
1216 2362 1452 2431 constitutionis
1481 2360 1637 2445 presentis
1662 2357 1881 2427 mtishrctioue
1914 2355 2069 2442 premissa

509 2467 634 2549 possum
652 2462 783 2530 absolvi.

618 2568 665 2631 ne
685 2568 873 2644 masone
891 2571 1068 2634 cessem
1083 2576 1114 2635 er
1134 2574 1297 2649 arnapa
1316 2577 1346 2634 a
1367 2571 1565 2633 semema
1584 2574 1615 2633 er
1634 2569 1816 2646 marna,
1841 2570 1872 2629 er
1891 2567 1981 2628 aas
1999 2564 2070 2641 nou

509 2671 568 2734 ees
587 2670 710 2732 ordiner
729 2671 953 2748 resipiscens.
996 2669 1165 2738 Sdeudum
1186 2675 1247 2752 est,
1272 2670 1358 2754 quod
1378 2669 1640 2737 excommunicati
1662 2672 1739 2734 suut
1759 2667 1830 2751 ipso
1851 2663 1936 2732 facte
1956 2663 2013 2748 qui
2035 2662 2069 2731 iu

509 2768 640 2837 clerium
660 2767 711 2836 nel
731 2786 947 2855 quomumqae
965 2771 1128 2856 religiosos
1141 2791 1254 2840 manus
1268 2772 1403 2840 iniciunt
1425 2777 1544 2839 temere
1565 2770 1732 2852 vicimus,
1752 2768 1809 2852 qui
1825 2768 1936 2836 liures
1949 2765 2070 2834 domini

509 2870 595 2956 Papo
615 2867 785 2939 falsificant
806 2871 856 2940 rel
877 2872 919 2940 ad
938 2872 998 2941 hoc
1019 2880 1202 2958 preparant,
1229 2875 1279 2941 vel
1301 2874 1347 2941 eis
1368 2875 1506 2942 scieuoer
1526 2879 1662 2940 utuntur
1682 2870 1786 2939 falsis:
1815 2875 1850 2937 et
1875 2869 1958 2936 tales
1975 2888 1997 2935 a
2014 2867 2072 2935 do-

509 2972 595 3039 miuo
616 2971 705 3057 Papa
724 2973 775 3041 rel
797 2974 864 3041 eius
884 2974 1034 3042 mndata
1049 2982 1126 3043 suut
1146 2976 1335 3045 absolvendi.
1380 2977 1696 3046 Exoommuuicsmus
1717 2973 1882 3057 sortilegia
1902 2971 1954 3039 rel
1974 2970 2072 3038 mule·

509 3073 582 3142 ficis
601 3073 642 3143 de
663 3073 876 3143 Sacrameutis
897 3076 1029 3145 ecclesie
1050 3077 1218 3161 facientes,
1246 3084 1281 3146 et
1306 3079 1364 3164 qui
1389 3078 1548 3146 malitiose
1568 3077 1806 3163 procreaverint
1827 3073 2016 3155 abortivum,
2039 3078 2074 3140 et

510 3175 567 3262 qui
587 3176 629 3244 ad
650 3177 902 3263 coniungendam
923 3180 973 3246 vel
995 3180 1036 3246 ad
1057 3180 1309 3264 distringendum
1330 3180 1566 3249 monimouium
1587 3180 1725 3248 suentes
1745 3178 1910 3264 deponunt
1931 3177 2075 3244 testimo·

516 3279 605 3347 nium
623 3278 784 3349 falsitatis.
815 3280 883 3349 llas
898 3288 1006 3350 autem
1019 3284 1194 3351 muteutias
1215 3284 1249 3350 in
1270 3285 1336 3352 suis
1354 3283 1496 3352 ecclesiis
1516 3280 1700 3367 frequenter
1712 3281 1865 3349 nuncient
1882 3278 2073 3347 sacerdotes.

513 3380 832 3452 Exoommuuicumus
854 3385 950 3453 etism
970 3385 1180 3453 incendiarios
1197 3393 1232 3453 et
1249 3386 1453 3455 eoelesimum
1474 3385 1657 3454 effractores
1671 3389 1706 3452 et
1719 3383 1917 3453 voluntarios
1941 3381 2088 3449 violam

512 3501 574 3569 res,
595 3483 775 3553 voluntaria
797 3485 966 3555 homicidia
986 3488 1055 3554 sine
1076 3487 1201 3555 iudicio
1214 3489 1394 3557 etiustitia
1420 3493 1652 3573 perpetrantes,
1675 3487 1880 3567 simoniams,
1902 3483 2019 3551 mruve
2041 3489 2075 3550 et

513 3604 572 3673 per
599 3586 718 3654 ειὶιιιιιι
739 3587 866 3656 ordines
887 3588 1075 3673 recipientes
1102 3588 1255 3657 falsarios
1298 3589 1344 3658 Et
1368 3589 1549 3658 huiusmodi
1569 3580 1867 3673 excommunicatos,
1897 3586 2075 3655 diocesauis

516 3689 673 3776 menapis
695 3688 785 3759 iuxta
806 3690 939 3761 formam
960 3690 1112 3775 Eoelmie,
1134 3691 1348 3762 sehsfuctime
1369 3694 1524 3779 premissa
1537 3710 1576 3761 sc
1596 3693 1644 3761 eis
1658 3691 1809 3777 imposita
1829 3691 1938 3777 previa
1952 3707 2078 3775 compe·

516 3791 608 3876 oeuti,
630 3793 845 3876 permittimus
863 3812 957 3879 posse
978 3794 1109 3862 absolvi.

623 3896 661 3961 Ur
681 3901 781 3960 ιιιιιιιιι
802 3899 908 3963 deum
931 3899 1082 3963 oosohm
1103 3905 1401 3966 nummorum.
1447 3897 1659 3966 Statueudum
1680 3896 1843 3978 duximus,
1864 3895 1952 3981 quod
1970 3894 2078 3963 nullus

514 3997 819 4066 excommunicatum
841 4018 862 4065 a
881 3996 1009 4066 domium
1031 3999 1188 4084 Peperci
1208 4020 1445 4087 aquocumque
1473 4001 1668 4068 ordinariam
1695 4004 1755 4066 aut
1784 3998 1963 4084 delegatam
1984 3999 2080 4065 iuris·

514 4096 685 4167 ulehoueru
708 4100 845 4168 habente
866 4101 1029 4169 absolvere
1049 4103 1173 4181 debut,
1195 4105 1257 4172 uisi
1278 4103 1361 4173 forte
1381 4105 1416 4172 iu
1442 4105 1555 4171 mortis
1582 4102 1718 4180 articqu
1748 4103 1972 4183 coustitutum,
2002 4102 2080 4186 quia

516 4205 593 4269 tuuc
613 4203 901 4270 excommunicatus
922 4204 1102 4272 huiusmodi
1124 4224 1145 4271 a
1165 4206 1301 4291 simplici
1323 4207 1487 4274 sacerdote
1499 4213 1535 4274 ct
1547 4206 1638 4272 iuxta
1659 4204 1794 4273 formam
1813 4204 1957 4273 Emissis
1971 4211 2080 4289 potest

515 4302 646 4372 absolvi.
677 4305 792 4372 Forma
813 4312 920 4372 autem
944 4305 1083 4374 Ecclesie
1105 4306 1163 4375 hec
1185 4314 1252 4375 est:
1275 4308 1359 4391 quod
1381 4309 1670 4377 excommunicatus
1692 4326 1751 4391 pro
1766 4308 1976 4389 coutumacia,
1990 4326 2080 4392 pres

516 4406 577 4474 tite
597 4407 775 4474 iuramento
796 4408 881 4491 quod
903 4407 1044 4475 Ecclesia
1065 4415 1100 4476 et
1120 4410 1208 4476 illius
1229 4412 1284 4494 qui
1306 4431 1379 4478 eum
1397 4411 1680 4479 excommunicavit
1701 4410 1827 4494 parebit
1855 4410 2024 4492 mandatis,
2047 4416 2081 4477 et

516 4510 602 4594 quod
623 4529 776 4596 expensas
799 4511 954 4578 mxandas
976 4512 1135 4595 restituet,
1166 4520 1273 4597 potest
1301 4515 1335 4580 in
1359 4515 1417 4581 tali
1444 4534 1520 4582 casu
1548 4513 1680 4581 absolvi.
1725 4512 1759 4579 Si
1781 4530 1856 4580 roro
1883 4532 1941 4597 pro
1962 4512 2083 4580 oflensa

517 4613 567 4681 rel
589 4632 624 4680 re
646 4613 786 4680 iudicatu
806 4614 1096 4681 excommunicatus
1117 4614 1224 4698 iacnt,
1245 4622 1321 4684 tunc
1343 4606 1478 4700 prestito
1500 4619 1678 4698 iuramento
1696 4623 1856 4700 utsupra,
1879 4621 1955 4683 ante
1977 4617 2083 4684 omnia

517 4713 611 4782 debet
633 4716 678 4782 rel
701 4714 838 4782 iudicate
864 4734 985 4799 parere,
1017 4723 1050 4783 ct
1076 4718 1190 4785 iudicis
1220 4738 1277 4786 sou
1305 4719 1379 4786 honi
1408 4720 1468 4786 viri
1500 4719 1633 4787 arbitrio
1666 4718 1851 4786 satisfacere
1880 4719 1921 4786 de
1953 4718 2082 4786 oflensa.

517 4815 617 4899 Quod,
640 4816 668 4883 si
689 4816 743 4883 ille
764 4817 814 4884 rol
837 4817 895 4898 illi,
917 4836 974 4902 pro
996 4837 1061 4902 quo
1083 4820 1132 4886 vel
1155 4840 1213 4905 pro
1235 4823 1350 4905 quibus
1372 4821 1553 4888 huiusmodi
1575 4822 1735 4888 scuoentia
1755 4821 1822 4887 lats
1843 4819 1942 4888 iirerit
1960 4827 2019 4888 aut
2032 4821 2083 4887 cui

516 4937 574 4987 seu
590 4918 706 5003 quibus
727 4920 768 4985 de
789 4919 907 4986 offensa
929 4921 1106 4990 satisfactio
1127 4929 1177 4990 cst
1198 4925 1383 5006 exirihenda,
1406 4925 1540 4992 forsitan
1566 4924 1688 5006 ubsque
1719 4923 1836 4989 infirmi
1865 4923 2007 5009 periculo
2037 4924 2086 4989 in·

517 5021 619 5119 ueniri
641 5021 689 5089 vel
711 5021 819 5087 haberi
839 5041 901 5088 non
924 5024 1056 5105 possint,
1083 5025 1306 5093 nichilominus
1334 5028 1507 5094 sucerdotis
1535 5033 1569 5094 ot
1596 5025 1751 5093 honorum
1780 5025 1921 5092 uirorum
1950 5025 2086 5093 arbitrio

518 5130 632 5210 pareat
659 5125 742 5190 sicut
768 5131 883 5208 potest,
915 5132 949 5192 ct
971 5127 1111 5210 ipsorum
1141 5129 1275 5196 arbitrio
1301 5132 1466 5214 pecuniam
1495 5148 1554 5214 pro
1580 5127 1810 5210 satisfactione,
1844 5127 1932 5195 illius
1958 5129 2086 5196 nominc

518 5244 614 5310 quom
636 5225 776 5310 olirndit,
800 5228 831 5295 in
853 5227 911 5294 ulo
930 5247 1021 5296 sacra
1041 5231 1092 5298 rel
1117 5251 1214 5316 pones
1244 5233 1393 5300 irorrrstos
1419 5235 1504 5300 viros
1531 5232 1681 5316 deponet.
1726 5231 1816 5312 Quod
1841 5231 1869 5298 si
1895 5250 2008 5317 parcre
2037 5231 2087 5297 vel

519 5328 702 5398 satisfacere
724 5331 806 5398 forte
829 5350 893 5397 uon
916 5333 1026 5416 possit,
1049 5335 1183 5419 pignora
1204 5337 1347 5420 prelicto
1369 5338 1464 5404 rnodo
1483 5354 1542 5419 pro
1560 5335 1777 5402 satisfactione
1801 5332 1951 5418 deponat
1997 5333 2089 5415 Quod

2367 1577 2428 2359 23-333833
2368 518 2420 1436 affanzfixsssss
