4860 6180
962 639 966 646 ’
1104 706 1179 792 nr.
1210 706 1261 791 41
1271 704 1311 792 o.

542 898 715 984 Urbanus
741 899 1156 1005 Pp1v1seotm
1183 909 1258 1000 10,
1284 903 1383 1007 oport
1400 899 1534 985 Urbem
1551 902 1730 1004 retorem3
1747 922 1911 994 manunt
1924 929 1980 997 no

438 1021 597 1090 notionem
618 1021 765 1089 rillnnnn
785 1022 962 1107 Mykonos,
989 1024 1100 1109 Bybno
1122 1029 1156 1091 et
1174 1023 1313 1106 Plenum,
1338 1022 1528 1091 monasterio
1550 1040 1577 1089 s.
1607 1020 1721 1091 Clorne
1749 1023 1784 1091 in
1804 1025 1981 1101 Zewiehost

438 1143 459 1193 s
479 1123 623 1191 Boleslso
645 1124 724 1192 duee
744 1124 893 1194 Polonise
910 1124 1034 1194 neom

542 1231 594 1293 Fr.
617 1228 813 1294 Pleloeiritlrl
857 1234 930 1295 Καὶ
948 1235 1107 1311 dyplomat.
1133 1232 1324 1310 Metopotslri,
1346 1232 1400 1293 Nr.
1422 1232 1474 1295 65.
1510 1229 1553 1313 (Z
1568 1249 1705 1310 perpetro.
1724 1236 1854 1313 empto,
1875 1252 1898 1296 tt
1914 1233 1980 1300 tto·

438 1349 510 1413 repo
531 1349 575 1396 too
591 1335 712 1413 pomis
729 1329 848 1413 lotteqo
868 1338 1056 1420 lposonepo
1074 1334 1231 1412 sermm
1255 1336 1478 1414 przymieszono
1503 1334 1602 1397 bulla:
1631 1332 1781 1401 Urbanus
1807 1334 1864 1420 Pp.
1891 1334 1979 1421 1111).

428 1576 431 1585 ·
540 1534 690 1606 Urbanus
711 1536 876 1622 episeopus
896 1545 1010 1607 servus·
1024 1554 1185 1604 serrorum
1207 1536 1276 1618 Dei,
1297 1535 1421 1602 dilectis
1441 1535 1476 1603 ln
1490 1535 1619 1605 Christo
1632 1538 1799 1608 tiliobns..
1820 1540 1980 1610 sommae

437 1642 472 1707 et
491 1637 669 1707 (lonventui
690 1641 872 1708 monosterii
893 1641 932 1708 do
954 1638 1120 1720 eavenost,
1143 1637 1270 1705 Ordinis
1287 1636 1389 1705 saneti
1417 1636 1574 1721 Dsmiem,
1602 1640 1817 1711 cracoviensis
1837 1644 1979 1729 diooesin

437 1739 573 1809 salntem
594 1747 628 1809 et
648 1742 853 1827 apostolieum
875 1743 1132 1811 benedictionem.
1177 1740 1258 1809 Cum
1278 1741 1406 1809 anobis
1427 1741 1548 1824 petitur
1567 1744 1652 1828 quod
1673 1746 1791 1814 iustum
1813 1752 1910 1817 estet
1923 1749 1980 1817 tro·

437 1847 572 1928 nestum,
594 1850 662 1912 tem
680 1846 769 1930 vigor
787 1847 937 1929 equitetis
957 1865 1052 1931 quom
1072 1845 1150 1914 ordo
1171 1844 1270 1929 exigit
1289 1845 1431 1926 rationis,
1453 1850 1491 1911 nt
1504 1844 1538 1912 id
1558 1864 1616 1930 per
1629 1847 1872 1919 sollicitudinem
1884 1848 1979 1919 offleii

436 1947 538 2014 nostri
559 1947 601 2015 sd
622 1948 763 2017 debitum
783 1948 974 2034 pertinentur
994 1948 1149 2017 ellectum.
1193 1946 1276 2014 Sene
1297 1945 1438 2015 exhibite
1457 1944 1547 2013 nobis
1578 1952 1686 2016 vestre
1706 1951 1820 2035 petitio
1841 1953 1980 2020 eontine-

436 2047 502 2132 Μ,
524 2048 609 2135 qnod
630 2049 745 2118 nobilis
763 2051 812 2116 vir
832 2050 997 2118 Bolezlens
1018 2050 1082 2118 dnx
1104 2049 1244 2132 Polonie‚
1266 2049 1416 2130 niterer,
1444 2048 1549 2116 Ribnn
1569 2055 1603 2117 et
1623 2050 1791 2134 Platones,
1821 2054 1912 2122 villes
1936 2055 1978 2123 ed

435 2151 570 2220 eondem
590 2150 703 2220 (lnoem
721 2153 910 2237 spectantes,
930 2152 1019 2221 robis
1039 2160 1073 2221 et
1093 2153 1179 2221 dieto
1200 2152 1391 2220 monesterio
1411 2151 1531 2218 intuitu
1555 2152 1685 2237 pietatis
1714 2156 1858 2238 eontulit,
1884 2163 1978 2242 proot

435 2254 470 2323 ln
490 2254 608 2323 litteris
628 2254 702 2324 indo
723 2254 883 2339 contectis,
905 2257 1003 2341 ipsius
1023 2256 1112 2324 deols
1133 2255 1237 2341 sigillo
1257 2254 1399 2337 munitis
1420 2254 1543 2339 plenius
1567 2255 1684 2324 dieitur
1705 2256 1869 2326 contineri
1911 2259 1978 2328 Nos

434 2357 544 2444 itaque
564 2358 680 2427 restris
701 2359 982 2444 supplieotionibus
1002 2359 1155 2441 menneo,
1177 2358 1261 2444 qnod
1281 2357 1323 2426 ob
1344 2357 1453 2426 eodem
1473 2356 1553 2426 done
1574 2376 1670 2442 snper
1689 2359 1750 2428 hoe
1775 2360 1828 2444 pie
1846 2379 1886 2429 so
1905 2379 1978 2447 pro·

435 2459 508 2528 risle
527 2459 645 2529 nomm
664 2467 715 2530 est
735 2468 840 2530 retum
861 2469 896 2529 et
914 2469 1039 2547 gratnm
1060 2462 1222 2543 hebentes,
1241 2461 1274 2529 id
1295 2461 1485 2529 nuotoritete
1504 2461 1679 2546 apostoliea
1699 2463 1920 2532 oontlrmemns
1944 2470 1978 2533 et

435 2563 591 2647 presente
607 2563 718 2647 scripti
743 2565 917 2649 potrooinio
943 2565 1178 2633 communimus.
1222 2562 1312 2632 Nulli
1337 2584 1412 2649 erpo
1436 2563 1563 2632 omnino
1592 2563 1754 2633 hominnm
1778 2565 1873 2635 lieeet
1896 2566 1978 2636 hene

435 2664 583 2751 peginam
606 2672 716 2734 nostre
744 2667 989 2735 confirmationis
1010 2666 1179 2752 intringere
1203 2666 1254 2735 rel
1280 2668 1310 2736 ei
1337 2685 1417 2736 ensn
1441 2667 1608 2735 tmererio
1637 2669 1805 2737 oonmsire
1850 2668 1977 2755 siquis

434 2770 542 2834 entem
562 2765 623 2835 hoe
643 2774 835 2853 sttemptere
856 2770 1089 2855 presumpserit,
1111 2769 1358 2854 indignationem
1379 2769 1603 2854 omnipotentis
1620 2769 1681 2839 Dei
1695 2775 1730 2837 et
1742 2769 1906 2838 hestorum
1917 2770 1977 2838 Po·

435 2867 479 2936 tri
499 2873 534 2937 et
553 2867 645 2937 Ponli
665 2871 880 2956 spostolorom
901 2871 968 2940 eins
988 2891 1023 2940 se
1044 2871 1168 2940 noverit
1187 2871 1395 2943 incursurum
1438 2870 1558 2939 Dotnm
1586 2872 1672 2956 opud
1697 2871 1818 2941 Urbem
1841 2877 1978 2940 veterem

434 2967 596 3040 11111nm
614 2971 766 3056 Innnnrii,
787 2973 989 3058 pontifiootus
1009 2973 1112 3042 nostri
1133 2992 1217 3043 enno
1238 2974 1345 3043 tertio.

539 3175 706 3263 serenet,
729 3182 903 3248 maone.
945 3179 1097 3265 memo,
1120 3179 1288 3264 norm.
1330 3176 1444 3263 mon»,
1464 3180 1577 3262 neom.
1619 3177 1786 3263 Poma,
1808 3183 1946 3247 mm.

1109 3494 1184 3583 Νι.
1214 3495 1317 3583 411.

536 3686 730 3772 Boloelsns
756 3690 834 3773 tux
858 3688 1007 3774 Potonie
1033 3693 1172 3773 1264
1198 3690 1301 3775 Febr.
1327 3695 1373 3790 9,
1398 3689 1441 3773 ln
1465 3687 1594 3792 Kalis3
1616 3704 1896 3776 eremitoriolo
1913 3705 1976 3774 se

433 3807 491 3876 lim
508 3807 550 3877 de
569 3808 702 3894 singulis
725 3809 869 3877 curribus
888 3811 1047 3896 hospitum
1069 3812 1117 3880 sel
1138 3812 1344 3897 portantium,
1362 3809 1508 3896 qnertele
1525 3808 1612 3877 sniis.

535 3914 678 3992 Ρινσω.
700 3917 815 3994 orypim
865 3916 998 4001 Weifes'o
1013 3934 1208 3996 poprzeesne
1227 3919 1269 3980 od
1281 3917 1518 3997 menimento
1534 3901 1678 3999 pte'ezeei

542 4015 725 4082 mmm
769 4019 1119 4100 mmmmm
1162 4013 1977 4098 mmm-remoremsrpomneor.

535 4318 575 4388 In
596 4320 723 4390 nomine
743 4322 870 4390 Domini
889 4343 990 4392 emen
1034 4324 1189 4406 Quoniam
1210 4323 1371 4393 hominum
1392 4320 1497 4390 lnbilis
1522 4325 1572 4389 est
1597 4320 1749 4389 mennorio
1769 4325 1803 4388 et
1823 4318 1979 4404 eeperrllt

432 4422 474 4492 de
490 4423 576 4494 iseili
596 4424 638 4492 sd
659 4442 721 4508 qne
741 4444 805 4493 non
826 4428 963 4511 respicit,
981 4428 1052 4496 ideo
1074 4433 1125 4496 est
1145 4446 1280 4509 neeesse,
1303 4433 1341 4493 nt
1360 4443 1422 4509 que
1442 4423 1565 4508 fragilis
1587 4423 1686 4491 tradit
1711 4421 1871 4502 memorio,
1902 4420 1978 4488 seri·

432 4533 527 4612 ptore
548 4528 728 4597 testimonio
749 4529 958 4598 eontirmetnr.
1002 4531 1079 4598 Inde
1100 4530 1256 4613 estquod
1277 4548 1335 4597 nos
1355 4528 1415 4596 Dei
1436 4527 1544 4612 grecis
1569 4525 1736 4593 Bolmlons
1758 4525 1822 4591 dnx
1849 4522 1977 4591 Potonie

432 4634 544 4697 notum
564 4630 797 4699 essevolumus
816 4638 882 4698 tom
904 4632 1101 4716 presentibus
1123 4651 1219 4714 quom
1240 4629 1354 4699 futuris
1375 4629 1431 4714 qui
1453 4647 1581 4713 presens
1601 4627 1756 4712 seriptum
1775 4625 1977 4710 inspexerint,

432 4729 517 4816 qnod
538 4731 698 4799 intuentes
719 4732 923 4818 fragilitatem
944 4741 978 4801 et
997 4735 1139 4803 detectus
1159 4739 1268 4802 nostre
1286 4733 1425 4801 evitatis
1446 4731 1548 4815 Ketis,
1569 4730 1653 4799 bone
1673 4729 1901 4798 deliberacione
1921 4725 1976 4794 he·

432 4829 501 4902 bite
529 4838 564 4901 et
595 4833 715 4902 snlnbri
749 4836 860 4904 inolito
889 4837 1010 4921 Regios
1047 4855 1147 4905 onore
1175 4841 1286 4904 nostro
1315 4834 1486 4904 karissime
1516 4834 1644 4903 dommo
1679 4830 1818 4913 Polonie,
1855 4832 1978 4896 nostro·

433 4953 566 5020 remque
586 4936 740 5004 boronnm
761 4938 810 5004 nsi
832 4939 969 5021 oonsilio,
1000 4939 1085 5024 qnod
1113 4958 1171 5025 pro
1197 4937 1420 5005 reiormnoiono
1446 4943 1556 5005 nostre
1580 4939 1746 5022 prenotate
1767 4931 1917 5012 oirimtis
1937 4930 1978 5000 de
2111 4964 2130 5020 ,⁸

347 5127 352 5135 .
432 5038 564 5124 singnis
585 5039 739 5108 enmubus
761 5040 919 5125 hospitum
939 5041 1175 5112 edoenionoium
1196 5041 1307 5124 solone
1328 5040 1536 5126 portantium,
1556 5037 1702 5124 qonrtolo
1720 5036 1796 5104 solis
1811 5039 1978 5120 perpetus·

432 5137 507 5208 liter
527 5142 725 5211 oonoedimns
746 5149 780 5211 et
801 5144 962 5213 donemus.
1006 5144 1056 5214 No
1077 5146 1175 5229 igitur
1196 5163 1292 5228 snper
1312 5144 1371 5229 hys
1393 5143 1435 5210 eb
1455 5141 1613 5225 otiqnibns
1632 5137 1757 5224 qnoetio
1770 5136 1979 5204 ‹lubitneionis

432 5243 799 5327 momenmentum,
821 5253 997 5329 presentem
1019 5247 1166 5330 πωπω
1192 5252 1301 5313 nostro
1325 5243 1480 5313 attentioo
1506 5241 1609 5324 sigillo
1638 5245 1672 5307 et
1698 5240 1738 5306 de
1763 5246 1873 5307 nostro
1895 5238 1979 5307 bono

433 5341 596 5415 volontate
617 5345 747 5416 lecimus
768 5349 953 5435 consignari.
981 5348 1101 5417 Dolum
1122 5347 1155 5416 in
1177 5346 1268 5417 Ketis
1288 5367 1371 5418 enno
1385 5345 1512 5415 nomini
1525 5341 1636 5414 lico.
1657 5343 1850 5428 sexagesimo
1864 5349 1979 5429 qonrto

1789 5463 1826 5521 tt
