4860 6180
1851 273 1924 347 sot

382 467 450 540 beri
471 474 652 556 potueruut,
674 469 743 555 ipse
763 477 797 538 et
813 488 873 538 sno
893 470 1063 555 posteritas
1084 477 1237 556 perpetuo
1265 472 1426 557 possident
1453 470 1554 540 libore
1583 479 1617 540 et
1644 470 1752 558 quiete
1772 489 1844 540 cunr
1866 490 1931 541 unc

383 573 484 642 libers
497 571 638 641 tuborum
669 572 718 641 De
739 573 819 641 ortis
832 578 940 641 nutem
955 573 1100 657 quitquid
1120 574 1188 641 fieri
1208 580 1314 658 potest
1335 576 1367 641 in
1388 575 1475 658 egris
1495 574 1573 658 ipsis
1594 575 1834 659 pertinentibus,
1857 592 1929 643 cum

382 674 526 745 omuibus
545 675 739 742 utilitatibus
759 675 857 743 libero
878 676 1061 759 possideant
1081 683 1116 744 et
1137 678 1252 761 quiete.
1297 678 1456 762 Quidquid
1477 697 1552 746 vero
1571 678 1611 745 de
1636 680 1765 763 piscinis
1786 680 1854 747 beri
1876 697 1931 765 po-

381 780 446 848 test
474 780 508 847 iu
533 779 681 847 districtu
706 779 844 847 eiuslern
875 779 1071 862 hereditatis,
1104 782 1172 864 ipse
1200 787 1234 847 et
1257 782 1307 848 sui
1336 783 1455 866 posteri
1481 781 1580 849 iibere
1607 783 1734 848 valeant
1760 783 1929 867 possidere.

381 882 493 950 Dictus
514 889 622 950 eutem
643 882 799 950 Henrieus
821 885 855 948 et
875 901 933 949 srrn
954 884 1134 966 posteritas,
1156 883 1196 950 de
1219 883 1308 951 bonis
1326 904 1347 950 o
1368 885 1458 952 nobis
1484 884 1518 951 iu
1545 884 1652 950 eudem
1684 884 1861 952 hereditate
1881 905 1931 952 rc·

381 985 469 1054 cione
489 1004 546 1054 sue
567 984 735 1054 locucionis
757 986 901 1070 receptis,
924 986 1015 1053 nobis
1036 993 1069 1054 et
1090 987 1207 1053 uostris
1229 988 1460 1056 successoribus
1486 985 1574 1054 nulio
1603 986 1729 1070 penitus
1758 987 1823 1053 sint
1853 986 1932 1053 obli·

379 1088 447 1173 goti
469 1088 609 1171 servicio,
631 1089 692 1155 nisi
714 1107 785 1156 cum
807 1090 979 1156 uecessitus
999 1087 1095 1155 buerit
1116 1088 1284 1158 defendere
1306 1096 1424 1157 terrum
1445 1095 1606 1170 nostrum3
1634 1109 1692 1158 nec
1713 1090 1859 1175 cuiquem
1881 1108 1932 1158 so-

380 1190 495 1259 lucioui
517 1191 566 1259 vel
588 1192 744 1259 communi
766 1192 996 1277 peticionique
1017 1211 1038 1259 o
1057 1193 1175 1259 mensis
1194 1193 1301 1259 liberis
1321 1195 1497 1276 exiguntur,
1520 1192 1681 1260 subiecere
1694 1193 1729 1259 in
1743 1198 1931 1278 perpetuum

380 1291 445 1360 ulio
466 1294 559 1361 modo
581 1298 758 1362 teneantur.
802 1295 938 1362 Polouus
960 1293 1075 1361 ibidem
1096 1295 1234 1363 existens
1256 1296 1369 1376 incolo,
1390 1295 1474 1362 sicut
1495 1294 1578 1362 ulter
1599 1295 1812 1364 Theutouicus
1827 1295 1932 1362 subiu-

380 1413 451 1462 eere
472 1394 534 1462 iuri
555 1395 748 1464 Tbcutouico
770 1403 932 1476 tenentum
962 1398 1010 1463 itu
1036 1402 1073 1463 ut
1105 1397 1211 1464 nudus
1235 1402 1415 1466 nostrorum
1442 1397 1686 1464 castellanorum
1712 1415 1769 1466 seu
1796 1398 1932 1466 eborum

380 1499 586 1584 superiorum,
609 1500 821 1584 cuiuscunque
843 1499 1034 1568 condicionis
1055 1498 1182 1582 tuerint,
1205 1500 1342 1584 uliquem
1363 1505 1541 1583 respectum
1562 1499 1701 1568 bobeuut
1721 1501 1763 1568 ud
1787 1499 1930 1567 eundem.

380 1601 486 1669 Iuoole
507 1607 612 1669 cutem
635 1602 774 1670 eiusdem
794 1602 980 1670 hereditatis
1001 1619 1097 1686 super
1118 1603 1211 1669 cultis
1230 1608 1264 1669 et
1280 1600 1409 1670 incultis
1430 1602 1514 1686 egris
1536 1607 1609 1671 octo
1623 1621 1778 1672 uncorum
1792 1603 1932 1671 bebeuut

380 1704 570 1773 libertatem.
616 1704 768 1774 cessome
785 1711 891 1773 autem
912 1704 1071 1788 libertate,
1093 1704 1133 1772 de
1153 1705 1295 1791 quolibet
1315 1723 1426 1773 manso
1447 1723 1545 1790 parvo
1567 1724 1625 1790 pro
1648 1724 1743 1774 ceusu
1762 1710 1796 1774 et
1809 1705 1932 1775 decimo

373 1806 534 1894 ,fertonem
566 1808 689 1892 urgenti
721 1809 850 1890 mosiis,
883 1814 917 1875 et
947 1825 1111 1875 menemus
1142 1807 1289 1891 silliginis
1322 1827 1386 1890 seu,
1419 1825 1538 1893 sexque
1566 1827 1665 1875 eveus
1690 1808 1724 1876 iu
1750 1826 1930 1876 mensorem

380 1909 625 1978 Pouuuuieusem
647 1909 769 1978 solvere
790 1915 960 1978 teneamur
980 1910 1021 1977 de
1042 1909 1186 1977 omuibus
1205 1910 1290 1993 egris
1312 1910 1366 1994 qui
1387 1911 1472 1976 urcri
1500 1915 1643 1994 possunt.
1687 1910 1737 1978 De
1764 1910 1932 1995 paludibus

382 2031 458 2081 uero
480 2019 514 2080 et
533 2014 645 2098 protis,
668 2032 751 2080 nunc
772 2013 817 2080 ibi
838 2012 1046 2080 existentibus
1068 2019 1101 2079 et
1122 2011 1378 2095 provenientibus
1398 2013 1432 2078 in
1453 2010 1606 2094 futurum,
1625 2011 1767 2096 prefatus
1781 2013 1932 2081 scoltetus

352 2127 356 2133 ’
382 2126 491 2184 noster
510 2121 545 2184 et
566 2133 625 2182 sus
645 2117 816 2200 posteritas
836 2120 990 2200 perpetuo
1008 2132 1120 2182 omnes
1139 2113 1297 2181 utilitates
1318 2115 1494 2198 percipiunt
1513 2114 1612 2182 libere
1632 2120 1666 2182 et
1685 2115 1801 2200 quiete
1831 2115 1933 2200 lepo-

381 2237 433 2286 res
454 2223 562 2287 summ
583 2218 725 2302 perdices
753 2223 786 2285 et
812 2218 970 2302 phanones
1002 2217 1118 2285 ibidem
1145 2218 1253 2284 veneri
1284 2223 1462 2285 teneoutur.
1506 2219 1568 2286 Pro
1595 2218 1728 2287 ecclesie
1752 2237 1828 2287 vero
1853 2219 1933 2287 dnos

380 2339 507 2389 mensos
527 2319 643 2388 liberos
662 2321 867 2404 assignemus.
912 2320 957 2388 lit
974 2320 1075 2388 incole
1098 2320 1238 2387 eiusdem
1259 2317 1555 2389 neredimds'inrra
1580 2322 1758 2390 libertatem
1785 2342 1849 2391 non
1870 2323 1932 2389 sol·

380 2430 459 2492 runt
479 2423 658 2491 theloneum
679 2423 714 2489 iu
735 2428 822 2489 terre
842 2427 961 2504 nostru,
983 2428 1016 2489 et
1037 2427 1111 2507 post
1131 2422 1311 2491 libertatem
1332 2421 1562 2491 dimidietotem
1581 2424 1720 2492 thelonei
1741 2425 1864 2493 solvere
1884 2429 1933 2493 te-

380 2532 530 2608 00001οη
553 2525 705 2593 scultetus
723 2530 830 2592 sutem
852 2529 961 2592 noster
981 2531 1015 2593 et
1035 2526 1085 2592 sui
1106 2526 1235 2610 posteri,
1265 2525 1349 2593 infru
1374 2525 1554 2594 libertatem
1580 2534 1614 2595 et
1639 2533 1713 2612 pest
1741 2527 1933 2612 libertatem,

381 2630 416 2696 in
436 2635 623 2715 perpetuum
644 2629 824 2696 nrdlsteuus
845 2629 967 2696 solvere
986 2635 1154 2697 teneantur
1174 2648 1232 2712 per
1251 2631 1432 2698 uuiversum
1453 2629 1555 2696 nosbi
1583 2628 1714 2697 dominii
1742 2630 1932 2698 districtum.

380 2731 620 2816 Expeditionem
641 2749 715 2798 vero
737 2730 875 2798 eiusdem
897 2729 1082 2799 hereditatis
1104 2732 1206 2799 incole
1228 2738 1319 2799 extra
1339 2736 1457 2799 terrem
1478 2736 1620 2799 nosbsm
1642 2750 1705 2799 non
1727 2731 1856 2812 iuciem,
1877 2731 1934 2800 sed

380 2835 423 2902 ed
443 2832 654 2902 defensionem
676 2840 761 2901 terre
782 2839 890 2901 nostre
911 2834 1029 2902 servire
1050 2839 1228 2902 teneantur.
1273 2832 1409 2901 Oeneum
1431 2852 1496 2901 uon
1516 2834 1593 2903 ulibi
1615 2833 1671 2901 sed
1689 2834 1723 2900 in
1736 2834 1865 2927 Poznuu
1879 2833 1933 2901 de·

381 2936 495 3004 ducere
516 2941 694 3004 enmnmr.
739 2935 786 3003 Ut
805 2942 912 3003 numm
931 2942 1041 3003 nostra
1066 2937 1266 3004 rucionubilis
1295 2936 1426 3005 donacio
1452 2943 1486 3004 et
1509 2936 1764 3021 supradictorum
1793 2937 1934 3006 omnium

380 3037 505 3109 stcbdis
531 3038 688 3107 ordinatio
718 3044 869 3124 perpetuo
894 3038 1084 3107 inriolcbdis
1114 3044 1303 3124 perseveret,
1331 3044 1508 3124 presentem
1533 3040 1681 3124 peginam
1710 3042 1812 3107 nostri
1837 3040 1947 3125 sigilli
2012 3103 2016 3113 .

382 3141 553 3210 munimine
574 3140 721 3208 (luximus
744 3140 998 3209 confirmandum.
1028 3142 1084 3210 Hii
1102 3150 1178 3210 sunt
1199 3147 1312 3211 testes:
1332 3161 1436 3210 comes
1450 3142 1625 3227 Benynmin
1640 3143 1800 3226 pulotinns
1813 3143 1934 3212 Poeno·

382 3244 509 3327 niensis,
532 3260 636 3312 eomes
657 3241 806 3310 Nicoluus
828 3244 922 3310 iudex
944 3245 1176 3328 Poznenieusis,
1198 3261 1301 3315 comes
1322 3245 1499 3329 Bogusluus
1521 3245 1711 3314 ocstedouus
1732 3245 1773 3313 dc
1794 3245 1879 3313 Usoe
1899 3251 1934 3313 et

383 3346 634 3415 subcumersdus
647 3345 881 3429 Pomsniensis,
905 3366 1009 3416 comes
1030 3348 1157 3435 Grobyc
1171 3349 1448 3418 subthezeurerius
1463 3348 1566 3416 tocius
1580 3347 1719 3430 Polonie,
1741 3347 1842 3416 Isnko
1858 3349 1933 3415 nlo·

384 3449 491 3517 durius
511 3448 743 3516 Pozusniensis
775 3450 859 3516 Actu
878 3456 954 3517 suut
974 3449 1033 3518 bec
1050 3470 1132 3518 anno
1154 3452 1282 3520 Domini
1302 3451 1468 3520 millesimo
1482 3450 1696 3519 ducentesimo
1718 3449 1933 3533 Lxxmm,

381 3550 558 3620 Indiccioue
578 3549 652 3632 XII,
673 3555 708 3618 et
728 3549 805 3617 dote
824 3550 858 3616 in
876 3550 957 3620 iusto
979 3553 1081 3621 suncti
1101 3553 1236 3623 Martini
1252 3553 1390 3638 episcopi
1412 3559 1447 3621 et
1467 3552 1655 3621 confessoris
1676 3570 1734 3636 per
1746 3546 1859 3620 munus
1872 3553 1934 3639 Ty·

380 3653 463 3722 louis
482 3652 600 3720 uoturii
622 3653 709 3721 curie
729 3658 846 3720 nostre
1009 3690 1012 3695 -
1438 3673 1440 3677 ’

483 3854 649 3940 dormine,
677 3856 821 3941 Gdrczprc
865 3856 959 3942 Usoe,
988 3858 1097 3937 dstote.

1052 4225 1125 4310 Nr.
1158 4223 1259 4312 548.

484 4420 669 4505 domolus
697 4420 887 4524 episeopus
913 4420 1398 4506 Lubuoemis12841iov.
1426 4425 1498 4522 13,
1525 4443 1554 4504 0
1579 4420 1623 4523 1.;
1643 4436 1936 4522 determinasse

381 4557 472 4625 dent
493 4558 607 4624 Domui
629 4558 762 4624 militiae
784 4557 917 4641 Tempe:
938 4538 1125 4623 Secundus
1142 4540 1323 4625 Premizlo
1342 4543 1420 4625 dux
1441 4540 1592 4624 Polonie
1614 4540 1748 4619 1282
1772 4537 1863 4621 lion.
1891 4543 1936 4637 Β,

380 4658 423 4741 in
439 4658 602 4756 Poffltn,
630 4678 800 4745 trunssuud
821 4677 905 4745 iecit

490 4782 677 4847 Woteouct.
727 4785 830 4848 deret.
853 4785 882 4846 d.
904 4784 998 4847 Bisdc
1021 4782 1137 4857 Letum·
1160 4784 1189 4864 I,
1206 4802 1241 4864 p.
1263 4786 1339 4849 145.

484 4984 551 5052 Nos
574 4983 739 5053 Coniudus
765 4986 966 5053 miseret-ione
995 4985 1102 5051 divino
1128 4987 1293 5070 episcopus
1323 4984 1515 5053 irubuceusis
1542 4989 1653 5052 notum
1682 4983 1814 5052 {mimus
1835 4983 1936 5050 omni·

381 5086 441 5153 bus
461 5125 505 5137 -
526 5125 584 5168 -,
607 5088 691 5171 qnod
714 5089 838 5155 litteras
859 5088 993 5155 illustris
1023 5087 1172 5171 principis
1204 5088 1408 5154 Premizlonis
1432 5088 1520 5155 (lucis
1544 5087 1675 5156 Maioris
1705 5086 1844 5168 Polouie,
1872 5104 1936 5152 nou

381 5192 570 5258 concederes
589 5227 632 5239 -
654 5191 852 5258 1111110010-
875 5192 907 5258 in
930 5190 988 5257 bec
1010 5189 1118 5257 verba:
1141 5193 1300 5276 (Sequitur
1322 5197 1451 5271 diploma
1473 5194 1525 5256 ll'r.
1547 5194 1636 5276 516).

1726 5309 1777 5366 ΜΟ
