4860 6180
2055 191 2129 268 299

582 392 690 464 dirius
710 391 914 478 dispositione
933 390 998 460 dux
1018 391 1148 460 Poloelc
1168 398 1280 460 netum
1300 411 1370 462 esse
1391 394 1534 463 volumus
1552 392 1706 463 universis
1728 398 1794 459 tarn
1816 391 2015 478 presentibus
2035 411 2133 477 quam

583 496 682 566 οοίιιιι
704 494 829 576 tuturis,
851 495 934 580 quod
955 496 1085 562 veniens
1106 496 1139 561 iu
1161 497 1350 579 presentiam
1374 504 1514 565 nostram
1536 497 1626 566 miles
1647 502 1756 563 noster
1777 513 1880 562 cernes
1901 495 2026 580 llyrsek
2047 497 2132 564 tilius

583 596 714 669 condam
736 597 905 682 Dyrsconis
927 603 1121 682 protestatus
1143 597 1306 681 estquod
1328 598 1367 666 dc
1389 617 1542 667 consensu
1563 607 1597 666 et
1618 597 1701 666 bena
1722 596 1885 664 voluntate
1906 596 2038 665 fratrum
2060 616 2134 665 suo·

570 719 663 783 rrum,
682 698 813 767 Goslavi
834 699 979 765 videlieet
1000 705 1033 767 et
1054 699 1169 779 Tarne,
1193 699 1289 765 talem
1309 703 1584 770 commutationem
1611 720 1682 769 curn
1710 698 1836 767 domino
1858 697 1996 766 ilenrico
2017 701 2133 769 abbate

583 803 622 872 de
639 801 821 870 Gesticbow
844 808 878 868 ct
897 800 1050 868 iratribus
1072 802 1211 868 ciusdem
1233 804 1415 870 monasterii
1438 804 1573 873 fecisset.
1608 804 1704 871 Dedit
1725 801 1808 869 enim
1829 800 1990 884 predictus
2009 803 2134 886 llyrselr
2243 864 2244 867 ,

583 902 734 973 iratribus
755 905 936 970 memoratis
958 908 992 970 et
1012 904 1120 969 domui
1142 904 1281 986 ipsorum
1307 885 1513 973 hereditatem
1543 926 1633 974 suam
1655 925 1716 991 quc
1742 903 1933 971 Lubenitsco
1962 904 2135 998 vulgariter

584 1013 785 1091 nuncupatur
807 1024 879 1073 cum
910 1006 1056 1073 omnibus
1085 1007 1262 1074 attinentiis
1288 1014 1321 1075 ct
1349 1008 1563 1076 hutilitatibus
1592 1010 1658 1076 suis
1681 1010 1750 1074 iure
1771 1005 1962 1075 hereditarie
1982 1013 2135 1089 penatm

583 1107 802 1196 possidendam
835 1109 868 1174 in
902 1109 1133 1190 cerreambium,
1167 1111 1320 1194 recipiens
1349 1112 1390 1179 ab
1421 1113 1498 1195 ipsis
1528 1113 1734 1180 hereditatem
1764 1110 1874 1177 domus
1903 1109 2042 1191 ipsorum
2072 1127 2135 1192 que

584 1212 690 1282 Geras
709 1210 877 1296 apellatur,
893 1229 972 1278 curn
999 1211 1106 1279 decern
1133 1213 1248 1279 nareis
1268 1215 1406 1298 argenti,
1438 1234 1509 1281 enm
1527 1220 1665 1299 quatuor
1684 1213 1796 1295 bubus,
1817 1230 1888 1279 curn
1910 1210 2081 1278 seminibus
2101 1217 2137 1279 et
2219 1257 2220 1260 ,

585 1331 656 1382 eum
677 1312 821 1380 omnibus
845 1313 916 1379 aliis
946 1312 1163 1381 inutilitatibus
1192 1334 1253 1398 que
1282 1322 1358 1384 tunc
1387 1318 1537 1401 temporis
1567 1317 1600 1383 in
1630 1316 1705 1382 villa
1734 1314 1857 1398 prefata
1885 1314 2134 1397 inveniebantur,

584 1414 694 1485 eodem
721 1415 790 1481 iure
816 1420 968 1499 perpetuo
997 1434 1069 1482 curn
1097 1416 1240 1484 omnibus
1272 1418 1338 1483 suis
1366 1418 1598 1485 successoribus
1628 1417 1855 1502 possidendam.
1901 1416 1991 1497 Quod
2016 1415 2136 1485 iactum
2274 1410 2280 1426 '

585 1523 691 1588 retum
711 1522 747 1585 et
766 1515 892 1583 firmum
917 1534 977 1584 rres
1005 1516 1169 1599 babentes,
1200 1524 1234 1585 et
1262 1538 1303 1586 ne
1328 1519 1427 1586 eciam
1456 1539 1550 1604 super
1576 1519 1820 1587 commutatione
1847 1517 1972 1603 prelata
2000 1519 2136 1602 cuipiam

585 1618 775 1704 ambiguitas
796 1619 831 1684 iu
849 1625 1011 1703 posterum
1032 1619 1211 1702 inducatur,
1233 1620 1291 1688 bec
1312 1621 1422 1689 eedem
1442 1641 1504 1706 que
1525 1628 1636 1689 uestra
1656 1622 1690 1688 in
1711 1621 1869 1704 presentia
1889 1627 1964 1686 ecta
1985 1627 2069 1702 suut,
2090 1620 2137 1688 ie·

586 1723 685 1793 umus
706 1722 740 1789 in
761 1722 978 1789 testimonium
1000 1721 1155 1789 conscribi
1170 1727 1210 1810 ‚et
1223 1724 1319 1808 sigilli
1333 1725 1434 1791 nestri
1449 1724 1620 1793 munimine
1641 1723 1793 1791 reborari
1820 1723 1937 1789 lictum
1956 1723 1989 1788 in
2010 1723 2137 1789 Poenae

586 1824 697 1911 quinto
718 1824 838 1891 decimo
859 1823 1020 1892 Kalendas
1041 1825 1177 1908 Aprilis,
1202 1844 1284 1894 auno
1305 1826 1535 1895 incarnationis
1561 1826 1715 1895 dominice
1737 1824 1903 1892 millesime
1924 1824 2137 1893 ducentesimo

587 1927 844 2013 quiuquagesimo
872 1933 971 1993 sexta
1016 1925 1121 1993 liuius
1150 1927 1197 1992 rei
1226 1933 1260 1994 et
1285 1927 1362 1995 iacti
1388 1935 1486 1996 testes
1514 1934 1604 1996 sunt:
1637 1945 1740 1995 eomes
1769 1926 1940 2011 Dyrsieray
1966 1925 2138 2010 palatinus,

587 2029 742 2099 Iobeums
767 2028 973 2096 cancellarius
1000 2029 1087 2096 curie
1114 2035 1236 2111 nostre,
1265 2030 1468 2116 Boguphalus
1497 2031 1689 2099 castellanus
1714 2029 1953 2110 Pozuaniensis,
1983 2028 2138 2096 Iohannes

588 2130 789 2214 scolasticus,
818 2129 975 2198 ilenricus
1001 2135 1114 2199 muter
1140 2137 1249 2199 sancte
1274 2130 1497 2201 Pozuaniensis
1518 2133 1662 2216 ecclesie,
1688 2131 1785 2200 Ianus
1801 2131 1886 2199 lilius
1908 2131 2084 2198 Bozeneuis
2105 2138 2140 2199 et

588 2234 644 2302 alii
668 2252 764 2319 quam
791 2235 907 2319 plures.
952 2234 1020 2319 Ego
1046 2234 1183 2302 Michael
1209 2237 1352 2303 dommus
1378 2236 1441 2303 biis
1465 2236 1572 2304 eciam
1596 2234 1726 2304 interim
1747 2242 1782 2303 et
1801 2234 1844 2303 ud
1863 2234 2047 2303 mandatum
2068 2251 2140 2320 pre·

589 2335 665 2404 dicti
685 2337 775 2406 ducis
793 2337 857 2404 ista
881 2336 1063 2422 conscripsi

691 2523 897 2607 nemmem,
915 2523 1045 2605 paese·
1062 2529 1133 2590 aaa
1153 2527 1291 2601 soene
1315 2525 1382 2591 aa
1405 2528 1571 2607 amara
1601 2524 1717 2610 soma
1739 2525 1807 2591 aa
1833 2525 1928 2591 cera-

1260 2841 1335 2927 Nr.
1371 2837 1472 2927 336.

693 3035 849 3121 Promisi
874 3035 953 3118 des
980 3034 1130 3119 Peleuic
1157 3040 1292 3130 1256
1319 3058 1347 3120 s.
1374 3037 1420 3137 d,
1448 3037 1491 3120 in
1516 3035 1681 3138 Poenam
1697 3053 1890 3122 monsterio
1905 3052 2047 3139 serame
2061 3051 2143 3155 mu·

494 3215 504 3227 .
591 3156 715 3243 tipliees
734 3155 855 3224 eoniert
874 3156 1051 3224 libertates.
1152 3226 1155 3231 ,

694 3264 835 3341 Per'oant
850 3265 967 3342 crypta.
990 3263 1119 3324 Baioarii
1133 3263 1175 3324 od
1184 3265 1421 3343 przuwieezenia
1435 3263 1568 3347 pkczcce'
1587 3261 1702 3346 isicia
1715 3261 1954 3341 Prmnyeianu,
1975 3256 2065 3323 hidre
2078 3277 2143 3323 oso·

592 3363 649 3428 bno
667 3366 866 3440 misererem·
891 3373 1036 3442 (pleezee
1053 3373 1138 3433 xvi

697 3466 833 3532 Patami.
862 3468 1029 3532 Biblioteka
1054 3466 1224 3546 Raczprislc
1255 3469 1394 3547 diploma
1420 3470 1454 3547 B,
1475 3471 1506 3530 5.
1528 3501 1572 3515 —
1591 3466 1774 3548 Raczyrislci,
1803 3467 1871 3530 Ceri
1896 3468 2014 3544 aspen.
2032 3465 2144 3530 Maior.

593 3570 694 3633 Pelea
713 3570 766 3634 38.

694 3769 733 3838 Iu
750 3771 876 3840 nomirm
893 3771 1000 3840 Patris
1020 3779 1055 3841 et
1075 3773 1151 3840 Filii
1173 3780 1207 3840 et
1228 3771 1366 3856 Spiritus
1388 3773 1490 3841 sancti
1510 3791 1612 3842 emen.
1641 3773 1720 3842 cnm
1749 3792 1789 3841 ex
1816 3771 1968 3856 temporis
1987 3770 2146 3839 vicissitu-

592 3870 666 3942 dine
691 3879 806 3943 emcta
830 3893 893 3959 que
919 3893 940 3941 ιι
966 3875 1058 3943 uobis
1088 3876 1304 3958 temporaliter
1325 3881 1462 3958 aguntur
1495 3877 1702 3945 mutabilitati
1733 3875 1933 3957 subiaceant,
1976 3873 2147 3958 aliquocies

593 3980 666 4043 sate
685 3976 856 4058 bominum,
879 3996 1097 4062 quamcunque
1118 3977 1259 4061 legitime
1277 3976 1423 4057 diffinita,
1445 3996 1594 4060 praeessu
1615 3979 1765 4063 temporis
1790 3979 1946 4046 iacturam
1968 3977 2146 4072 pausatur,

594 4077 655 4145 niel
687 4081 867 4147 testimonie
897 4080 1079 4148 litterarum
1110 4087 1144 4147 et
1172 4079 1401 4163 subscriptione
1432 4080 1561 4146 testium
1587 4079 1768 4148 idaiantur.
1820 4079 2020 4147 Prusensium
2049 4078 2148 4162 igitur

594 4185 703 4251 tenore
723 4188 834 4251 nobem
855 4201 924 4250 esse
944 4184 1090 4250 volumus
1110 4183 1265 4249 universis
1285 4181 1485 4267 presentibus
1500 4189 1534 4249 et
1547 4183 1683 4266 posteris
1704 4182 1764 4249 boc
1778 4181 1931 4266 scriptum
1946 4179 2147 4263 inspecturis,

595 4283 678 4367 qaod
706 4303 765 4352 nos
792 4284 924 4351 Premisl
953 4285 1061 4351 divine
1092 4284 1292 4351 miseratione
1324 4283 1388 4350 dux
1415 4283 1544 4352 Peleuie
1572 4284 1741 4352 salubriter
1770 4284 1946 4368 cogitantes
1974 4282 2014 4348 de
2041 4280 2146 4348 salute

595 4387 699 4455 enimc
720 4392 837 4471 nostre,
860 4394 893 4454 et
913 4393 1078 4472 sperantes
1099 4387 1139 4454 de
1156 4385 1371 4452 misericordia
1392 4385 1452 4451 Dei
1474 4404 1532 4453 nes
1550 4386 1585 4453 irr
1599 4386 1674 4455 celis
1688 4393 1808 4454 metere
1821 4385 1908 4471 qued
1921 4385 2148 4452 seminaremus

595 4486 758 4571 interris,
787 4507 846 4574 pro
871 4489 1051 4556 morencia
1079 4488 1139 4554 Dei
1168 4494 1202 4554 et
1227 4487 1319 4554 beate
1344 4487 1446 4554 Marle
1471 4506 1595 4573 semper
1618 4490 1748 4574 virginis
1774 4498 1809 4558 ct
1844 4488 1994 4574 preclaris
2025 4486 2148 4554 meritis

594 4586 712 4658 domim
733 4591 862 4658 chricl
883 4591 961 4658 dicti
990 4590 1115 4657 abbatis
1140 4589 1180 4656 de
1202 4589 1361 4672 Paradyso
1388 4586 1515 4657 Ordinis
1537 4589 1763 4677 cysterciensis
1790 4593 1992 4674 omniumque
2013 4587 2148 4655 fretmm

595 4690 710 4763 ibidem
731 4694 799 4762 Deo
820 4695 1036 4776 servientium,
1062 4692 1240 4761 bominibus
1257 4692 1290 4757 iu
1305 4692 1388 4758 villis
1404 4693 1542 4761 eiusdem
1562 4696 1694 4762 claustri
1710 4693 1943 4762 remorantibus
1959 4691 2148 4759 contulimus

595 4791 784 4879 theream,
805 4797 853 4863 ita
872 4796 1034 4881 videlicet,
1056 4803 1095 4863 ut
1114 4815 1136 4863 a
1156 4796 1307 4864 citatione
1336 4794 1448 4878 castri,
1470 4802 1577 4879 preter
1597 4796 1639 4865 sd
1659 4803 1802 4865 noemam
1827 4795 2017 4880 presentiam
2039 4799 2149 4860 nostre

596 4895 698 4981 sigillo
716 4898 816 4982 citati,
839 4900 903 4966 siat
922 4918 1047 4984 semper
1068 4897 1159 4964 liberi
1181 4903 1215 4963 et
1236 4898 1400 4962 immunes.
1430 4895 1555 4982 Siquis
1576 4906 1684 4967 autem
1706 4900 1789 4967 elius
1810 4900 1895 4982 ipsos
1918 4895 2057 4962 iudicare
2079 4913 2149 4980 pre·

595 5003 779 5086 sumpserit,
813 5003 963 5070 iudicium
990 5003 1089 5087 ipsius
1118 5003 1361 5085 pronunciamus
1384 5019 1454 5068 esse
1482 5002 1614 5069 nullum.
1660 5001 1877 5070 Concessimus
1907 5000 2006 5066 eciam
2027 4997 2150 5083 pretam

597 5100 745 5189 elaustro,
767 5111 805 5174 ut
823 5107 850 5172 si
871 5107 925 5191 qui
948 5112 1088 5174 castores
1111 5111 1257 5188 summanr
1279 5103 1328 5170 vel
1350 5102 1439 5170 lacus
1460 5103 1624 5188 adipsum
1645 5110 1827 5191 spectantes
1847 5101 1889 5170 sd
1908 5121 2037 5188 presens
2051 5102 2151 5169 intru-

1939 5223 1989 5278 ω.
