4860 6180
1899 351 1983 425 '545

435 572 512 638 pore
531 551 636 636 fuerit,
658 551 708 620 vel
730 571 787 637 per
807 571 889 634 eum,
912 550 1086 634 cuicunque
1108 550 1189 618 idem
1211 553 1375 638 episeopus
1393 571 1452 620 sua
1472 551 1600 618 duxerit
1621 552 1737 620 iudicia
1750 553 1984 631 committenda
2112 611 2120 627 .

437 654 588 751 Ifreterea
608 655 692 723 idem
723 654 868 722 dominus
889 653 1054 737 episcopus
1075 655 1186 738 suique
1207 675 1401 724 successores
1422 656 1455 721 in
1477 655 1568 722 bonis
1589 656 1720 724 ecclesie
1741 657 1847 740 sepius
1868 676 1985 726 merno-

436 761 506 826 rate
540 758 575 826 in
609 765 719 826 nocuo
753 757 901 839 domnio,
940 775 997 840 per
1032 775 1067 823 se
1091 764 1148 824 aut
1176 778 1233 843 per
1257 778 1331 826 suos
1357 757 1518 858 babebunt
1546 759 1757 826 omnimodam
1785 760 1986 829 venacionem

433 861 573 927 omnium
602 861 750 943 ferarum,
778 858 1040 945 quemmlmodum
1067 861 1260 929 Lubuceusis
1285 863 1416 930 ecclesia
1438 880 1562 947 semper
1588 861 1700 928 habuit
1719 862 1762 929 ab
1781 865 1930 948 antiquo,
1951 871 1986 932 et

433 964 494 1031 bec
522 963 630 1031 omnia
655 963 870 1048 promittimus
896 980 954 1046 pro
983 961 1074 1028 nobis
1092 970 1126 1030 et
1144 966 1261 1032 nostris
1282 964 1513 1033 successoribus
1534 963 1759 1032 inuiolabiliter
1780 966 1984 1034 obseruanda

435 1066 483 1134 Ut
511 1072 618 1134 autem
640 1066 747 1133 omnia
774 1083 871 1148 supra
893 1063 1123 1131 rationabiliter
1151 1066 1289 1134 admissa
1311 1069 1450 1151 vigorem
1474 1072 1662 1153 perpetuum
1683 1069 1811 1135 valeant
1830 1069 1984 1152 obtinere,

437 1175 614 1255 praeeuntem
639 1171 787 1254 paginam
814 1167 916 1235 nostri
935 1166 1029 1250 sigilli
1052 1187 1089 1234 ac
1110 1170 1334 1237 venerabilium
1357 1172 1389 1237 in
1409 1170 1536 1237 Christo
1559 1178 1685 1255 patrum
1704 1172 1911 1253 dominorum,
1935 1171 1985 1238 Ia·

434 1273 506 1342 cubi
527 1279 637 1341 sancte
656 1273 849 1340 Gneaaensis
864 1271 994 1338 ecclesie
1015 1271 1250 1358 archiepiscopi,
1272 1273 1421 1341 Iohannis
1435 1275 1658 1341 Poznanieasis
1673 1275 1820 1358 episcopi,
1843 1293 1882 1342 aa
1902 1274 1987 1358 ipso-

433 1395 505 1444 rum
533 1375 752 1460 Capitulorum
777 1375 949 1464 munimine
970 1373 1144 1457 sigillorum
1163 1375 1310 1442 duximus
1331 1376 1577 1444 confirmandam
1598 1377 1796 1461 presentibus
1813 1376 1874 1461 bys
1895 1376 1986 1443 testi·

431 1479 508 1547 bus:
538 1476 710 1546 venerabili
737 1482 829 1561 patre
857 1475 983 1542 domino
1009 1474 1149 1543 Iohanne
1170 1477 1373 1544 miseratione
1393 1478 1500 1546 divim
1521 1479 1728 1545 Poznaniensi
1750 1479 1908 1563 episcopo,
1929 1479 1986 1546 do·

432 1583 517 1649 mino
539 1580 708 1647 Vincentio
730 1577 916 1647 cancellario
937 1577 1051 1644 ducum
1072 1577 1201 1646 Polonie
1223 1585 1256 1646 et
1284 1581 1444 1664 preposito
1465 1581 1682 1662 Poauaniensi,
1710 1582 1825 1648 comite
1853 1581 1985 1650 Nicolao

431 1684 571 1769 palatim
592 1682 773 1762 Kalisiensi,
792 1681 947 1747 Petrcene
968 1680 1140 1748 castellano
1170 1681 1387 1764 Poznaniensi,
1412 1682 1614 1750 Gmevomiro
1642 1682 1745 1750 iudice
1769 1681 1986 1768 Poznaniensi,

431 1787 557 1854 domino
569 1785 702 1852 'Philone
715 1782 875 1868 preposito
890 1781 930 1848 de
944 1774 1077 1864 Santolr,
1092 1787 1127 1849 et
1139 1783 1211 1851 aliis
1226 1784 1479 1869 quampluribus
1497 1785 1560 1852 fide
1583 1786 1696 1869 dignis
1724 1785 1844 1853 Datum
1856 1778 1899 1854 ¹in
1925 1787 1986 1854 Po·

433 1889 549 1957 anama
569 1905 653 1956 anno
674 1884 904 1968 incarnationis
925 1883 1080 1952 dominice
1101 1884 1373 1954 Mccuxxxvn
1393 1906 1451 1972 per
1470 1901 1585 1955 manus
1606 1886 1744 1955 Iaseonis
1764 1889 1882 1956 notarii
1901 1889 1987 1957 curie

432 1997 549 2073 nostre,
569 1988 745 2057 Indictioue
766 1985 1009 2072 quinadeeimn,
1032 1987 1062 2053 V
1083 1986 1244 2057 Kalendas
1263 1989 1413 2074 Ianuarii,
1435 1989 1470 2058 in
1490 1989 1541 2057 die
1562 1989 1749 2058 Sanctorum
1769 1989 1985 2059 innocentum.

537 2195 743 2280 annuens,
764 2199 802 2263 a
823 2195 952 2272 noaz,
975 2198 1177 2262 zamora
1199 2194 1309 2263 mou.
1339 2194 1489 2280 mimir,
1511 2196 1682 2263 renem.
1712 2194 1845 2280 soor,
1861 2200 1985 2264 sucu.

778 2716 1637 2876 surrusuuuruu.

402 3215 412 3226 ‚
1015 3113 1090 3200 Nr.
1123 3108 1223 3198 586.
1270 3109 1400 3215 (18³)

428 3262 432 3269 ⁸
535 3308 727 3393 Adrianus
753 3309 817 3414 Pp.
842 3309 900 3393 IV
925 3307 1408 3413 1154lpr.28,1tomo
1435 3310 1536 3412 apud
1562 3331 1592 3392 a.
1610 3248 1777 3411 Petrum}
1792 3325 1986 3411 suspieen-

391 3510 393 3514 ,
432 3430 562 3499 desim
581 3429 622 3496 de
643 3429 802 3497 Wroelau
824 3429 884 3497 sub
905 3431 1133 3514 protectionem
1154 3430 1183 3498 b.
1204 3429 1293 3496 Petri
1311 3434 1345 3495 et
1365 3447 1464 3497 suam

544 3535 703 3600 Wroolaw.
747 3537 866 3600 Arcem
895 3537 1035 3615 Cupiuds'.
1081 3533 1175 3599 Later
1194 3539 1285 3614 niger
1302 3552 1377 3614 pap.
1399 3535 1474 3596 324.

534 3736 693 3806 Adrianus
721 3737 1019 3822 episcopusservus
1047 3755 1208 3805 servorum
1233 3737 1303 3820 Dei,
1329 3736 1500 3804 venerabili
1528 3735 1623 3805 fratri
1652 3737 1807 3806 (inaltero
1839 3740 1986 3823 episcopo

432 3840 686 3908 wratislaviensi
706 3841 835 3924 eiusque
856 3839 1087 3908 successoribus
1109 3840 1257 3908 muonioe
1279 3838 1506 3906 substituendis
1532 3840 1567 3908 in
1586 3845 1770 3925 perpetuam
1790 3842 1985 3910 memoriam.

434 3942 472 4010 In
501 3944 659 4012 eminente
684 3943 855 4026 apostolice
876 3941 967 4010 Sedis
993 3943 1120 4026 specula
1148 3943 1334 4026 disponente
1362 3942 1498 4009 Domino
1520 3944 1696 4025 constituti,
1719 3943 1835 4012 iratres
1856 3951 1984 4015 nostros

431 4047 603 4132 episcopos,
626 4053 692 4114 tam
714 4047 832 4113 vicinos
854 4065 949 4130 quam
970 4046 1063 4128 longe
1083 4047 1214 4129 positos,
1237 4045 1379 4113 fraterna
1392 4047 1525 4114 amate
1539 4045 1688 4112 debemus
1712 4047 1852 4132 diligere,
1873 4054 1908 4116 et
1934 4069 1984 4118 ec·

432 4150 537 4218 olesiis
557 4149 672 4235 quibus
693 4150 827 4216 Domino
850 4149 987 4216 militare
1008 4155 1190 4231 noscamur,
1218 4167 1307 4214 suam
1329 4149 1483 4215 iustitiam
1505 4165 1697 4215 conservare
1736 4149 1915 4235 Eapropter
1932 4171 1986 4221 ve·

433 4251 583 4321 necabilis
609 4254 644 4320 in
671 4250 798 4319 Christo
827 4250 926 4318 buter
955 4253 1109 4336 episcope,
1137 4253 1201 4318 tuis
1222 4252 1315 4317 iustis
1337 4249 1542 4335 petitionibus
1561 4250 1731 4317 clementer
1751 4253 1929 4335 annuimus,
1952 4260 1986 4322 ct

432 4355 594 4424 eeclesiam
615 4353 905 4421 Wratislaviensem
927 4354 978 4420 cui
1000 4354 1067 4421 Deo
1095 4359 1224 4421 aucmre
1249 4372 1348 4437 prees,
1382 4351 1441 4419 sub
1462 4351 1547 4419 beati
1568 4351 1656 4419 Petri
1678 4359 1712 4419 et
1733 4360 1845 4423 nostra
1861 4362 1987 4440 proteo·

432 4458 519 4525 tiam
547 4457 735 4541 suscipimus
761 4463 794 4523 et
818 4458 974 4541 presentis
1001 4457 1110 4540 scripti
1137 4457 1299 4541 privilegio
1327 4456 1563 4523 communimus.
1608 4453 1802 4538 statuentes,
1830 4462 1869 4523 nt
1890 4477 1985 4543 quas·

434 4578 570 4644 cumque
587 4561 809 4644 possessiones,
832 4578 1027 4643 quecumque
1048 4558 1131 4626 bona
1144 4559 1253 4625 endem
1274 4558 1458 4624 ecclesisis
1481 4558 1711 4641 presentiarum
1733 4558 1817 4626 iuste
1835 4567 1872 4627 et
1893 4580 1985 4629 eano-

431 4664 501 4730 nioe
522 4663 673 4747 possidet,
695 4668 753 4730 aut
771 4663 803 4728 iu
825 4661 968 4728 futurum
990 4662 1187 4727 mucessione
1206 4660 1400 4744 pontificum,
1422 4660 1589 4744 largitione
1610 4678 1718 4743 regum
1732 4661 1782 4727 vel
1797 4663 1984 4748 principum,

431 4765 590 4833 oblatione
618 4765 768 4846 fidelium,
794 4783 850 4830 scu
876 4764 948 4830 aliis
976 4763 1070 4829 iustis
1099 4763 1199 4829 modis
1229 4761 1296 4828 Dee
1328 4762 1465 4846 propitio
1486 4762 1605 4846 poterit
1623 4762 1764 4846 alipisci,
1786 4763 1879 4832 lirma
1895 4766 1985 4835 vobis

435 4868 561 4952 tu'uque
583 4867 826 4947 suecessoribus,
852 4873 886 4933 et
907 4885 965 4948 por
985 4883 1041 4931 vos
1063 4867 1163 4932 eidem
1182 4864 1312 4933 ecclesie
1330 4865 1453 4932 illibata
1473 4871 1689 4949 pensauerat
1733 4865 1771 4932 In
1791 4866 1907 4950 quibus
1927 4870 1985 4938 hee

433 4969 569 5054 propriis
598 4968 745 5035 duximus
770 4967 973 5052 exprimenda
998 4967 1167 5048 vocubulis,
1194 4967 1349 5049 civitates,
1381 4967 1521 5048 castella,
1549 4966 1651 5048 villas,
1679 4972 1781 5035 terras
1807 4975 1842 5037 et
1866 4971 1981 5055 plebes

435 5071 564 5153 Tucca,
586 5070 707 5153 Tuscia,
729 5071 855 5154 gradicc
877 5069 1112 5152 Goleuaiccske,
1128 5068 1339 5152 Olemoclraw,
1361 5071 1486 5153 grmlice
1500 5069 1616 5150 Barda,
1631 5069 1792 5153 Nemeclri,
1808 5072 1983 5157 Gramolin,

435 5172 561 5257 gradiee
582 5172 734 5255 Ztrigoni,
766 5172 867 5255 Zpini,
888 5171 999 5246 Valan,
1021 5170 1184 5252 Gedinioe,
1207 5171 1408 5253 Szobolealre,
1431 5171 1563 5256 Glogav,
1585 5171 1733 5254 Seuezko,
1754 5173 1870 5241 Milice.
1915 5176 1984 5247 Hoc

433 5275 575 5361 predicta
595 5274 664 5342 loeo
685 5273 808 5358 singulo
829 5293 900 5343 euru
922 5272 1067 5342 ermribus
1088 5274 1290 5359 pertinenciis
1311 5293 1430 5357 eorum,
1450 5281 1552 5342 terras
1574 5292 1699 5360 quoque
1719 5275 1821 5343 cultas
1835 5284 1870 5346 et
1884 5279 1983 5350 incul-

1791 5393 1828 5450 69
