4860 6180
1100 469 1176 560 Nr.
1208 464 1309 561 282.

533 672 726 759 Boleslnus
760 675 836 758 tur
870 669 1021 754 Polonie
1056 672 1197 753 1250
1230 667 1340 753 liert
1364 668 1452 766 30,
1477 666 1521 750 in
1546 665 1750 770 Pomunlu3
1777 690 1978 780 protento,

431 813 466 864 se
486 799 628 881 tempore
649 792 825 880 Boguphnli
846 789 985 874 episcopi
1013 789 1109 857 simul
1130 808 1201 857 num
1223 788 1300 856 villu
1319 787 1514 873 Winnegore
1539 787 1638 856 etiem
1665 787 1762 856 villue
1779 787 1918 859 eiusdem
1938 798 1981 865 vi·

431 896 552 965 nitores
573 897 721 966 ecclesiue
742 892 948 963 Poznnniensi
969 891 1113 974 donasse,
1132 910 1190 977 pro
1211 891 1288 977 ipsis
1310 908 1384 959 vero
1406 891 1561 976 quosdam
1574 890 1717 960 homiues
1731 889 1882 960 ecclesm
1894 912 1980 979 prue-

431 998 536 1070 tllctue
553 997 774 1069 mmmunouo
800 995 966 1081 recepisse.

537 1102 672 1170 aaran
716 1102 833 1168 Archiv.
861 1099 1003 1180 Capituli.
1026 1097 1089 1165 lut.
1099 1099 1204 1179 prieti
1227 1098 1263 1173 B,
1284 1097 1341 1164 Nr.
1362 1096 1417 1163 89.

537 1305 576 1375 In
597 1305 723 1375 nomine
743 1301 870 1371 Domini
895 1318 998 1368 emcm
1042 1298 1163 1367 Notum
1192 1298 1237 1367 sit
1262 1298 1416 1367 umvetsis
1446 1317 1577 1385 presens
1603 1298 1757 1384 scriptum
1786 1299 1991 1391 inspecturis·

433 1407 518 1494 quoti
536 1427 594 1476 mos
615 1407 779 1477 Bolcsleus
800 1405 860 1472 Dei
881 1404 986 1488 gretie
1006 1401 1071 1470 dux
1092 1401 1232 1484 Polenie‚
1252 1420 1324 1470 cum
1345 1401 1481 1469 Domino
1510 1407 1545 1469 et
1566 1401 1659 1470 beate
1680 1402 1776 1469 Petro
1795 1402 1983 1490 ecclesieque

432 1510 639 1579 Peznunieosi
672 1517 812 1592 tempore
845 1504 1032 1574 venerabilis
1063 1502 1182 1571 domini
1211 1502 1357 1589 Boguiuli
1378 1504 1517 1588 episcopi
1539 1504 1763 1572 Pozneniensis
1791 1504 1898 1573 villum
1924 1527 1983 1594 que

432 1611 616 1698 Viunegoru
637 1617 836 1696 nuncupetur
858 1607 1109 1688 contulissemus,
1131 1601 1274 1674 homines
1295 1612 1420 1674 nostros
1434 1605 1575 1674 ciusdem
1589 1607 1664 1674 ville
1686 1607 1838 1674 vinitores
1852 1624 1983 1691 quorum

432 1715 560 1783 momine
580 1722 656 1782 sunt
675 1714 747 1782 hec:
760 1712 882 1802 Dalm,
904 1709 1074 1791 Novosotll,
1096 1709 1235 1791 Gorneh,
1257 1708 1378 1794 Woyk,
1400 1708 1500 1792 Sulis,
1529 1707 1676 1795 Sdistriy,
1699 1708 1859 1791 swerteln
1886 1713 1983 1782 eidem

432 1816 564 1887 ecclesie
585 1817 784 1898 contulimus,
806 1813 992 1898 recipientes
1013 1810 1054 1878 eb
1076 1811 1185 1878 wdem
1199 1811 1327 1879 domino
1348 1812 1495 1896 episcopo
1508 1816 1543 1879 et
1556 1811 1715 1880 canonicis
1729 1813 1830 1898 ipsius
1844 1812 1984 1884 homines

432 1917 563 1987 ecclesie
588 1917 810 1986 Poznnniensis
847 1933 981 2002 querum
1010 1914 1137 1982 nominc
1162 1912 1414 1999 subsequuntur:
1448 1913 1576 2000 Goscuy
1604 1933 1676 1982 cum
1699 1933 1756 1983 sex
1782 1913 1857 1982 liliis
1875 1921 1909 1982 et
1929 1917 1985 1987 her

433 2021 561 2089 momine
582 2021 739 2106 ipsorum:
764 2017 964 2100 Cechosleus,
986 2015 1131 2099 Gosleus,
1151 2015 1355 2100 Debroslcus,
1377 2016 1551 2102 Troyunus,
1577 2016 1715 2099 Tetrici,
1738 2016 1932 2102 Dominicus,
1953 2026 1986 2088 et

433 2120 592 2191 Goseimir
609 2141 684 2191 vcro
704 2128 738 2189 et
755 2121 897 2188 Besduclr
917 2120 975 2187 lilii
994 2118 1157 2188 Oechoslui
1176 2118 1286 2188 fratris
1307 2119 1515 2205 Goscuyonis
1536 2120 1571 2187 iu
1585 2121 1865 2188 commutetioucm
1887 2119 1985 2187 homi-

432 2243 510 2295 num
531 2231 711 2293 neruorum
733 2224 955 2309 predictorum.
999 2222 1117 2290 Villam
1139 2242 1214 2291 uero
1235 2241 1332 2308 quum
1353 2223 1514 2309 predictus
1535 2222 1663 2308 (loscuy
1684 2241 1756 2290 cum
1777 2222 1852 2289 liliis
1870 2224 1936 2291 suis
1954 2229 1987 2290 et

433 2327 508 2396 lillis
528 2326 638 2396 lintris
663 2329 713 2396 sni
741 2328 968 2409 inhabitarunt
995 2325 1156 2411 predictus
1183 2326 1330 2394 dominns
1356 2327 1521 2412 episcopus
1547 2344 1620 2394 cum
1649 2325 1810 2394 cmooicis
1835 2325 1902 2393 suis
1930 2344 1986 2410 pro

433 2430 566 2501 ecclesie
593 2429 800 2499 Poznenieosi
826 2432 1035 2498 retinuerunt.
1080 2428 1127 2497 Ut
1155 2435 1262 2497 eutem
1294 2429 1354 2497 hec
1384 2429 1590 2498 commutatio
1625 2429 1659 2494 in
1685 2434 1874 2514 perpetuum
1897 2426 1986 2497 iirmu

433 2541 623 2620 perseveret,
644 2554 715 2602 eum
736 2535 875 2621 presenti
895 2534 1010 2619 pagine
1031 2533 1204 2600 inserentes
1225 2534 1328 2601 nostri
1352 2533 1448 2617 s'nilli
1469 2531 1614 2600 roboruri
1633 2530 1764 2599 lecimus
1785 2530 1985 2616 appensione

434 2638 552 2706 Actum
572 2637 607 2704 im
627 2637 787 2705 Poznuniu
806 2655 889 2704 euno
908 2636 1034 2704 Domini
1056 2633 1206 2718 mcci,
1226 2636 1322 2704 tertio
1336 2635 1496 2704 liniendus
1510 2635 1640 2719 Aprilis,
1663 2635 1861 2719 presentibus
1882 2634 1986 2702 Suen-

434 2739 559 2808 thosluo
580 2739 647 2807 lilio
668 2739 856 2824 Drogomiri
877 2738 1015 2806 Mertino
1030 2737 1096 2804 tilio
1117 2737 1295 2820 Albrcchti,
1315 2738 1443 2807 domino
1464 2737 1584 2806 Ottone
1604 2738 1754 2805 cunomco
1768 2737 1984 2820 Poenenieusi,

435 2841 595 2924 lliroscio‚
616 2841 715 2909 Puulo
737 2841 907 2926 cupellmuis
928 2842 1055 2924 nostris,
1081 2846 1116 2908 et
1142 2840 1215 2908 eliis
1242 2861 1339 2927 quum
1369 2842 1523 2927 plmimis.
1568 2841 1637 2925 Ego
1665 2839 1831 2908 Conrudus
1851 2839 1986 2924 scriptor

434 2944 570 3029 predicti
590 2942 680 3012 (lucis
694 2943 755 3010 hiis
776 2942 904 3012 interlui
925 2949 960 3012 et
981 2942 1130 3012 mundato
1151 2941 1252 3028 ipsius
1274 2943 1333 3012 lrec
1354 2944 1536 3029 conscripsi.

510 3147 732 3233 rumore,
760 3148 954 3230 mmet

1106 3446 1183 3537 Νι.
1214 3441 1316 3536 283.

498 3724 502 3730 ,
540 3639 759 3727 Premisuhil
785 3642 862 3725 dux
887 3641 1032 3726 Polonie
1059 3649 1199 3729 1250
1224 3644 1313 3750 Apr.
1339 3647 1422 3742 28,
1447 3643 1491 3727 in
1515 3642 1677 3746 finimur
1698 3660 1864 3728 wormat
1892 3659 1988 3727 tom-

437 3761 557 3830 tlomem
574 3761 693 3831 deserti
724 3761 888 3845 onumen,
916 3764 1108 3832 monisterio
1138 3765 1280 3850 Purudyt
1307 3784 1365 3850 per
1392 3764 1540 3832 comitem
1566 3762 1763 3831 christinum
1788 3762 1890 3831 filium
1911 3780 1988 3830 nonu

437 3861 597 3933 menne
618 3864 658 3934 de
679 3863 827 3933 Smuuiee
844 3863 971 3933 neum.

542 3970 681 4049 mmet
716 3970 888 4034 Bibliotetu
914 3970 1058 4046 Peractis,
1092 3971 1155 4037 tto.
1174 3975 1278 4053 privil
1300 3972 1355 4038 tir.
1376 3972 1427 4037 25.

542 4170 581 4240 In
599 4171 725 4241 momine
745 4179 855 4240 scucte
884 4173 1051 4242 llinitntis
1078 4193 1179 4243 umen.
1224 4174 1377 4258 Quoniam
1398 4174 1486 4244 icem
1507 4172 1690 4242 mortalium
1712 4171 1920 4259 temporalem
1942 4189 1990 4238 sc·

438 4280 581 4361 quuuturr
601 4280 732 4357 motum,
754 4275 877 4343 utiliter
890 4276 1049 4359 provisum
1069 4284 1120 4344 est
1139 4296 1177 4345 eu
1194 4278 1311 4345 litteris
1332 4284 1366 4345 et
1387 4277 1627 4346 confirmacione
1649 4277 1778 4344 testium
1797 4275 1990 4343 coulirmure.

414 4376 524 4447 -Hlnc
543 4384 594 4446 est
615 4376 700 4462 quod
721 4396 779 4461 ego
801 4377 984 4446 Premischil
1006 4379 1114 4448 divine
1134 4380 1340 4448 miserucionc
1360 4379 1424 4448 dur
1445 4380 1575 4448 Polonie
1595 4385 1706 4448 notum
1728 4368 1797 4447 esse
1814 4380 1908 4463 cupio
1922 4395 1991 4462 pre·

439 4480 582 4550 mutnus
602 4487 637 4549 et
657 4479 772 4546 futuris
794 4478 914 4548 christi
935 4481 1079 4550 fidelibus
1100 4489 1279 4568 presentem
1300 4483 1446 4568 peginam
1460 4482 1661 4567 inspecturis,
1684 4482 1768 4568 quod
1783 4499 1887 4551 comcs
1902 4478 1992 4548 Chri·

439 4583 543 4651 mnus
564 4581 649 4650 tilius
667 4582 807 4650 Bosethe
823 4582 864 4651 de
884 4581 995 4667 Stuns,
1022 4603 1094 4651 cum
1121 4603 1275 4653 consensu
1300 4584 1408 4653 lrutris
1427 4585 1477 4652 sui
1495 4585 1650 4670 Stnnpote
1680 4602 1739 4670 pro
1766 4585 1870 4653 seinte
1890 4584 1993 4650 enimc

440 4701 498 4755 sue
518 4689 552 4753 et
571 4702 631 4769 pro
652 4685 791 4753 remelio
812 4691 1012 4771 mouentum
1035 4705 1163 4756 suorum
1175 4706 1233 4756 occ
1252 4706 1317 4756 non
1330 4693 1365 4756 et
1378 4695 1546 4772 peremtum
1567 4704 1707 4770 suorum,
1721 4685 1883 4754 desertum
1896 4682 1993 4770 quod·

439 4786 515 4860 dem
539 4787 625 4874 quod
655 4786 807 4856 Cholmen
835 4795 1035 4873 nuncupetur
1066 4810 1138 4859 cum
1163 4790 1307 4860 omnibus
1332 4791 1511 4860 attinentiis
1539 4791 1616 4874 suis,
1644 4790 1776 4860 ecclesie
1798 4795 1910 4859 sencte
1935 4783 1995 4855 Dei

439 4891 601 4979 genitricis
622 4909 808 4976 semperque
827 4891 958 4976 meinis
978 4891 1082 4962 Music
1103 4891 1287 4979 christique
1306 4893 1435 4979 gloriosi
1466 4891 1654 4962 confessoris
1685 4893 1820 4963 Martini
1841 4911 1903 4979 que
1935 4891 1995 4958 Pu·

440 4993 565 5062 rudisus
593 4993 710 5061 dicitur
735 4994 869 5061 contulit
900 4996 1139 5080 inperpetuum
1166 4995 1398 5082 possidendum.
1442 4995 1490 5064 Ut
1509 5003 1618 5066 numm
1637 4998 1698 5065 hoc
1719 4997 1994 5084 processionum,
2049 5004 2052 5009 ’

441 5095 483 5164 ob
504 5096 713 5165 reverenciam
735 5095 826 5163 onte
847 5102 881 5163 et
901 5096 1037 5181 gloriose
1058 5099 1188 5183 virginis
1213 5098 1316 5167 Murie
1342 5098 1502 5182 collatum,
1533 5099 1658 5167 firmum
1683 5118 1722 5169 ec
1743 5106 1848 5169 rutum
1870 5100 1903 5167 in
1925 5114 1995 5182 per-
2106 5103 2109 5109 ’

440 5204 572 5285 petum
593 5205 789 5285 permanent,
811 5198 906 5282 sigilli
927 5200 1028 5266 nostri
1050 5200 1256 5286 impressione
1283 5200 1512 5270 confirmemus
1556 5200 1741 5287 Quemque
1764 5221 1839 5288 ergo
1861 5201 1921 5270 troc
1941 5198 1996 5266 ‹lo-
