4860 6180
432 399 508 476 486

391 582 396 594 ’
430 601 465 670 ln
483 605 670 687 perpensum
692 596 894 684 possidendn3
916 595 1028 664 dentes
1049 594 1150 662 eidem
1170 593 1269 661 eciam
1291 599 1325 661 et
1345 591 1411 660 suis
1440 591 1585 677 posteris,
1617 589 1816 675 snprndietoo
1844 592 1984 673 quotuor

431 722 558 773 mansos
577 708 612 770 et
633 701 771 785 quinquo
792 701 941 769 mneeellu
954 698 1052 767 libore
1072 697 1237 777 vendendi,
1259 695 1405 777 donandi,
1428 692 1650 773 commutandi,
1672 698 1770 777 prout
1784 693 1861 776 ipsis
1875 709 1984 775 proce

297 792 303 804 ’
430 805 526 874 dente
548 810 689 889 tempore
719 804 877 873 videbitur
903 801 1060 886 expolire.
1105 797 1152 866 Ut
1177 805 1284 887 nutem
1319 803 1430 864 nostru
1457 795 1587 863 donatio
1615 801 1769 880 perpetuo
1795 792 1985 861 inviolabilis

431 913 620 995 perseueret,
638 913 817 993 presentem
839 907 985 991 pugnum
1003 904 1106 971 nostri
1128 902 1224 987 sigilli
1242 901 1413 968 munimine
1434 898 1581 965 duximus
1596 895 1841 965 minuandum
1858 914 1986 979 presen-

431 1009 518 1079 tibus
536 1009 611 1078 biis:
634 1010 748 1078 comite
767 1008 899 1077 Nioolno
920 1007 1021 1075 iudice
1043 1005 1261 1086 Poznnuiensi,
1286 1003 1413 1070 domino
1440 1000 1613 1069 Thoodrieo
1640 1000 1767 1068 lectore.
1811 997 1931 1065 Datum
1953 999 1987 1064 in

431 1111 591 1182 Poenania
607 1130 691 1180 anno
711 1112 817 1195 grecie
835 1108 961 1177 Domini
983 1108 1150 1176 millesimo
1171 1104 1386 1174 ducentesimo
1407 1104 1620 1187 octuagesimo
1642 1102 1753 1184 tercio,
1776 1100 1987 1168 indominica

433 1214 560 1299 letare,
582 1232 640 1300 per
658 1231 770 1281 manus
790 1211 932 1279 Thiloms
951 1211 1068 1279 notari
1090 1209 1177 1276 curie
1198 1213 1315 1275 nostre.

536 1416 693 1502 Zabioon,
716 1404 880 1483 Zolikoroo.
924 1415 1046 1498 Vinari,
1077 1417 1225 1494 Μηίων.

1105 1712 1181 1798 Nr.
1211 1705 1313 1794 521.

540 1908 728 1995 dmondns
754 1907 912 1991 Promisi
938 1909 1016 1991 iux
1032 1907 1183 1993 Polonie
1209 1907 1345 1988 1288
1362 1903 1452 2008 ipr.
1469 1908 1554 2002 24,
1580 1902 1740 2007 Dounon
1760 1921 1905 1990 mnoenn
1922 1938 1989 1988 me»

434 2031 575 2100 materie
596 2029 637 2097 de
656 2027 768 2096 iekno
790 2029 823 2095 in
841 2027 1017 2096 hereditate
1041 2029 1142 2114 ipsius
1163 2024 1340 2110 Panigroda
1361 2023 1464 2091 iorum
1487 2022 1656 2107 celebrare,
1679 2031 1714 2092 et
1739 2024 1920 2092 libertatem
1940 2025 1997 2090 in·.

434 2133 480 2202 rls
500 2131 685 2202 'Ibentoniel
707 2130 822 2199 ibidem
844 2137 984 2199 remeat
1796 2196 1804 2215 ¹

537 2239 638 2317 Kopio
658 2257 677 2300 a
695 2234 879 2316 perpacem
899 2239 1032 2316 erupis,
1052 2253 1075 2296 a
1088 2231 1212 2313 letireoo
1230 2235 1460 2313 przyorimono
1480 2231 1555 2312 bulo
1571 2229 1698 2318 pisorgi
1715 2248 1759 2329 no
1779 2233 1917 2295 canulro
1935 2232 1990 2309 je·

435 2339 592 2430 &ubuum
612 2355 807 2419 murum.

544 2441 738 2528 orpora-ee
781 2442 900 2506 neue.
921 2443 1102 2504 meru
1146 2441 1347 2505 moenum
1366 2433 1462 2519 adn,
1481 2440 1535 2516 soe
1555 2437 1611 2505 so.

538 2643 577 2711 1n
598 2642 725 2711 nomine
744 2642 872 2710 Domini
892 2661 995 2711 amen.
1039 2642 1123 2710 Dum
1143 2641 1224 2709 sirit
1243 2641 1353 2709 littera
1373 2640 1454 2708 ririt
1474 2645 1509 2709 et
1528 2642 1613 2710 aetio
1633 2642 1752 2724 littere,
1775 2640 1865 2709 cuius
1885 2659 1989 2710 esser-

434 2745 484 2815 cio
501 2745 606 2814 nouit
626 2747 810 2813 memoriam
830 2751 865 2813 et
885 2746 1034 2813 robornta
1050 2745 1184 2829 suscipit
1206 2745 1442 2812 incrementum
1486 2743 1590 2828 igitur
1605 2763 1665 2812 nos
1682 2744 1838 2812 smnndns
1856 2744 1991 2812 Promisi

434 2847 496 2916 Dei
515 2847 624 2932 gracia
641 2847 706 2913 dux
728 2846 857 2915 Polonie
878 2852 987 2914 notum
1009 2847 1142 2914 isdmns
1163 2847 1319 2913 universis
1337 2851 1404 2913 mm
1431 2845 1630 2929 presentibus
1655 2864 1751 2930 quam
1777 2845 1893 2912 futuris
1919 2865 1990 2929 pre·

435 2955 556 3017 emtam
577 2949 725 3033 paginam
746 2950 945 3034 inspecturis,
966 2948 1052 3033 quod
1073 2949 1114 3016 ob
1135 2950 1345 3018 reverenciam
1366 2948 1427 3016 Dei
1454 2953 1488 3015 et
1513 2952 1623 3015 sancte
1651 2947 1762 3015 matris
1788 2946 1866 3014 Deol
1901 2948 1931 3015 'e
1952 2965 1990 3016 ac

435 3051 529 3121 beato
549 3050 651 3118 Morio
664 3051 804 3135 virginis,
826 3070 883 3119 nee
904 3071 967 3119 non
988 3053 1090 3138 petris
1110 3052 1272 3120 reverendi
1292 3050 1411 3120 domini
1432 3051 1520 3119 Petri
1540 3049 1666 3119 mbads
1678 3049 1727 3117 de
1745 3049 1860 3117 Lnlma
1928 3051 1991 3116 'ns-

349 3236 351 3240 ι
435 3171 499 3239 que
518 3158 690 3221 conventus
710 3153 826 3221 ibidem
844 3153 979 3222 imnum
1000 3154 1271 3238 commorantium,
1292 3160 1326 3223 et
1349 3155 1449 3222 mam
1463 3160 1643 3222 nostrorum
1656 3152 1893 3239 progenitorum
1905 3151 1992 3220 iacta

435 3253 576 3323 salubria
596 3256 648 3340 pio
668 3262 896 3341 prosequentes
919 3255 1045 3338 affectu,
1068 3255 1102 3322 in
1123 3255 1300 3324 hereditate
1319 3256 1431 3324 domus
1449 3255 1573 3341 pretate
1593 3266 1656 3340 que
1676 3254 1839 3340 Paugrodz
1854 3254 1991 3339 vulgari·

333 3393 336 3398 ·
436 3363 488 3427 tor
518 3363 720 3443 omnipator
752 3358 884 3426 liberum
911 3357 1099 3426 conferimus
1124 3359 1347 3426 enemritatem
1375 3357 1478 3426 iorum
1507 3357 1696 3441 celebrandi,
1730 3357 1816 3426 omni
1842 3356 1991 3426 libertate

436 3461 575 3547 pienum.
621 3458 850 3528 confirmemus
871 3466 905 3527 et
926 3479 1112 3531 renovamus
1130 3460 1246 3529 ibidem
1266 3460 1446 3529 libertatem
1475 3461 1553 3529 iuris
1581 3460 1776 3542 Theotonici,
1805 3479 1843 3528 eo
1870 3460 1990 3544 ordine,

435 3579 501 3649 qno
521 3580 629 3631 omnes
649 3562 794 3631 civitaten
815 3582 873 3648 per
892 3562 1071 3631 districtum
1092 3562 1194 3632 nostri
1212 3562 1341 3631 dominii
1364 3563 1542 3648 possidere
1571 3562 1684 3630 danim
1704 3563 1821 3631 eisdem
1850 3567 1991 3646 potentu-

436 3670 502 3735 tem
522 3666 697 3752 plenariam
718 3665 877 3734 indicandi
899 3684 1007 3733 omnes
1028 3685 1140 3734 onusas
1161 3685 1292 3750 magnes
1313 3672 1348 3733 et
1368 3684 1493 3750 parnas,
1522 3670 1635 3749 utpote
1655 3665 1871 3732 mutilationes
1893 3684 1991 3733 mem·

435 3766 575 3850 brorum,
597 3768 787 3849 exustiones,
810 3767 988 3849 homicidia,
1011 3768 1107 3851 furto,
1130 3768 1312 3837 effusionem
1334 3768 1507 3853 sanguinis,
1529 3766 1703 3852 sacrilegia,
1726 3772 1760 3833 et
1779 3767 1859 3834 aies
1880 3779 1991 3835 omnes

436 3887 499 3955 que
518 3870 565 3937 ibi
586 3876 721 3954 possum
741 3887 890 3954 processu
911 3872 1061 3954 temporis
1089 3871 1216 3953 exoriri,
1245 3870 1425 3938 eanimdem
1455 3887 1621 3937 musarum
1647 3868 1770 3937 iruetm
1793 3869 1992 3954 integraliter

436 3971 651 4057 percipiendo:
672 3973 721 4039 ita
741 3977 779 4038 ut
799 3990 891 4039 nemo
912 3978 1093 4040 nostrorum
1113 3973 1253 4041 iudicum
1273 3978 1331 4040 aut
1352 3973 1596 4041 castellanorum
1624 3973 1675 4040 rel
1705 3973 1918 4057 cuiuscunque
1939 3991 1991 4040 ra·

436 4073 526 4142 ciens
546 4073 698 4154 beneficii,
719 4073 760 4140 nd
782 4074 882 4157 ipsum
903 4073 1112 4143 hereditatem
1133 4076 1166 4141 in
1189 4080 1376 4159 perpetuum
1404 4080 1583 4159 respectum
1612 4074 1748 4159 siquem
1766 4075 1882 4142 sulcat
1908 4075 1991 4143 obti-

436 4193 521 4244 m
566 4174 702 4244 Coloms
724 4177 863 4261 predicte
885 4175 1070 4243 hereditatis
1090 4194 1111 4242 a
1134 4176 1267 4260 triginta
1287 4176 1401 4244 modiis
1422 4194 1530 4258 arene,
1553 4195 1633 4261 quos
1655 4176 1746 4244 nobis
1767 4175 1937 4260 aliquando
1951 4196 1991 4244 en

437 4277 592 4362 promisso
612 4278 733 4346 solvere
755 4279 952 4359 tenebantur,
979 4278 1106 4344 omnino
1132 4277 1279 4345 duximus
1300 4278 1516 4346 absolvendos.
1561 4279 1725 4362 Volumus,
1753 4286 1792 4346 ut
1808 4280 1900 4371 ⁴opud
1919 4298 1991 4365 pre·

437 4378 521 4448 fatos
541 4380 592 4448 ius
613 4381 874 4464 Meidebmgense
895 4382 928 4447 in
950 4380 1094 4447 omuibus
1122 4379 1315 4448 observetur.
1360 4381 1408 4448 Ut
1432 4388 1540 4448 antem
1568 4380 1627 4449 bec
1657 4388 1768 4450 nostre
1794 4384 1926 4451 dononio
1948 4384 1991 4450 si·

437 4480 565 4566 mulque
583 4483 781 4551 confirmacio
803 4488 955 4568 perpetuo
977 4482 1166 4549 inviolabilis
1188 4489 1376 4567 perseveret,
1398 4491 1577 4568 presentem
1600 4486 1747 4570 paginnm
1771 4488 1872 4554 nostri
1892 4486 1990 4570 sigilli

437 4584 609 4650 munimine
636 4585 783 4652 duximus
809 4584 1051 4651 eoniinnundom
1082 4586 1280 4668 presentibus
1308 4588 1369 4653 hiis
1402 4587 1550 4654 testibus:
1581 4589 1852 4655 comite-Andreo
1877 4588 1990 4670 iudioe,

437 4685 551 4753 comite
573 4686 706 4752 Zbiludo
735 4688 905 4754 meteluno
931 4687 971 4752 de
994 4685 1100 4767 Nakil,
1127 4689 1241 4754 comite
1269 4688 1445 4771 Boguslovo
1473 4690 1647 4757 castellano
1673 4689 1713 4757 de
1740 4688 1833 4772 Uere,
1864 4690 1992 4757 domino

437 4785 586 4855 Gabriele
606 4790 767 4872 preposito
789 4789 891 4855 suncti
912 4787 1049 4871 Georgii.
1093 4789 1212 4858 Datum
1233 4789 1361 4857 (inane
1382 4808 1465 4857 anno
1495 4791 1621 4858 Domini
1647 4792 1815 4859 millesimo
1843 4793 1992 4860 dueente-

437 4887 517 4956 simo
535 4890 724 4973 octogesimo
746 4891 853 4972 tercio,
877 4891 910 4956 in
931 4892 1068 4956 ernstiuo
1090 4889 1175 4958 beuti
1199 4891 1374 4975 Adnlberti,
1397 4912 1455 4977 por
1475 4912 1588 4961 monus
1609 4893 1751 4962 Thilonis
1773 4894 1889 4961 notarii
1905 4896 1992 4961 curie

437 4996 555 5059 nostre.

540 5194 665 5280 Luna,
686 5201 795 5263 beloto.
840 5196 1223 5280 Fescenninorum.
1267 5199 1375 5282 Noluit,
1400 5204 1510 5269 Nullo.
1555 5200 1648 5285 Usus,
1676 5203 1786 5282 wiese.
