4860 6180
433 311 525 427 aaa
668 316 674 327 '

431 549 550 634 vicarii,
570 553 608 617 ut
628 519 700 619 eece
718 553 819 637 possit
838 554 914 622 dici:
937 525 1000 623 Pro
1019 553 1162 640 putribus
1183 553 1247 621 tuis
1267 553 1336 621 nati
1357 556 1433 620 sunt
1453 556 1513 619 etc
1558 549 1651 618 Unde
1672 512 1827 629 colurnus,
1848 549 1887 614 ut
1900 564 1985 613 com·
2051 509 2053 512 ,
2119 600 2125 621 ,

431 654 536 723 munis
556 659 721 738 reputetur
742 657 858 726 iniuria
878 658 1017 726 ‹ininiurn
1039 658 1257 741 cpiscoporum
1283 662 1316 725 ct
1346 656 1539 741 prelatorum
1569 653 1597 721 si
1622 653 1674 721 cui
1699 651 1822 737 pmlato
1844 650 1893 716 vel
1915 649 1985 715 cius
2108 632 2126 742 l

433 755 561 825 subdito
583 757 734 826 iniustum
762 760 915 829 inicmtur
940 780 1126 846 gravantem
1156 765 1193 826 ut
1217 778 1325 827 omnes
1347 760 1413 825 sint
1439 759 1506 824 cius
1534 761 1730 840 pmtcctorcs
1756 753 1856 821 eidem
1885 750 1989 818 subsi-

434 859 521 927 dium
545 880 603 946 pro
624 880 717 946 posse
738 863 874 932 ferentes
895 871 1118 949 opportunum,
1140 862 1332 930 defendendo
1354 868 1388 928 ct
1408 858 1616 928 sustentando
1637 859 1666 926 si
1687 858 1769 924 forta
1790 855 1918 923 exilium
1939 853 1988 921 val

2122 754 2126 765 Δ

2123 845 2128 874 'r

432 963 522 1032 aliud
542 964 693 1032 iniustum
716 987 884 1048 pmvumen
907 987 928 1034 a
948 984 1135 1050 quocunque
1156 967 1300 1051 paciatur
1321 965 1452 1044 iniuste3
1475 969 1509 1030 et
1528 961 1707 1046 quicunque
1720 959 1761 1027 ab
1775 958 1986 1027 universitate
2124 931 2129 955 ’

436 1065 671 1151 luminosam,
693 1069 762 1152 ipsc
785 1070 853 1156 iure
872 1070 916 1135 sit
935 1088 1106 1153 suspensus
1126 1087 1148 1136 a
1167 1067 1291 1134 divinis

537 1157 628 1237 Licet
658 1170 891 1254 conspiratores
919 1191 976 1256 per
1006 1170 1238 1239 calcedonense
1268 1174 1301 1237 et
1322 1169 1509 1236 Toletanum
1530 1172 1564 1235 et
1590 1166 1817 1234 Aurelianense
1847 1162 1990 1232 Consilia

432 1271 542 1339 multis
564 1272 655 1355 penis
676 1271 878 1339 addiciantur
897 1274 980 1358 (sici,
1011 1274 1132 1341 scilicet
1160 1271 1495 1341 excommunicacionis
1523 1288 1561 1337 ac
1589 1268 1807 1354 deposicionis,
1836 1273 1904 1335 mm
1922 1282 1989 1333 mo·
2125 1274 2132 1354 ‘3
2260 1311 2261 1314 ,

2123 1042 2133 1169 l

2125 1172 2131 1203 ι

2125 1214 2132 1261 ἱ

433 1373 527 1440 nacbi
548 1392 644 1458 quarn
667 1374 772 1442 clerici
794 1396 852 1442 nec
873 1396 936 1445 non
958 1377 1092 1457 etiami,
1112 1376 1270 1444 Fabianus
1293 1375 1383 1460 Papa
1410 1374 1549 1441 iudicum
1578 1371 1767 1440 melodum
1791 1369 1908 1438 iudicio
1935 1386 1990 1437 eos
2126 1358 2133 1436 ἶ

433 1474 566 1542 tradidit
583 1477 757 1560 puniendos
777 1498 815 1546 ac
836 1479 967 1547 infames
989 1499 1057 1547 esse
1075 1480 1191 1546 statuit
1211 1486 1245 1546 et
1266 1480 1351 1545 omni
1373 1496 1429 1562 spe
1450 1476 1663 1544 restitucionis
1678 1474 1823 1558 privavit,
1846 1472 1990 1540 nonnulli

308 1614 312 1622 ·
434 1583 541 1646 minen
562 1579 595 1646 in
615 1598 689 1647 suos
710 1581 850 1666 prelatos
870 1588 928 1649 aut
948 1588 1093 1666 pastores
1116 1580 1282 1649 temermm
1303 1599 1384 1648 ausu
1404 1580 1445 1645 ad
1467 1578 1710 1662 conspirandum
1732 1578 1913 1645 iuramenta
1933 1582 1992 1643 aut
2130 1635 2133 1639 .

434 1681 652 1750 conventicula
678 1702 734 1750 seu
761 1682 886 1752 fraudes
916 1685 1059 1752 clancqu
1086 1684 1189 1752 iacere
1212 1689 1409 1769 presumunt,
1436 1700 1493 1748 sue
1517 1680 1632 1749 salutis
1657 1680 1865 1747 inmemores.
1910 1677 1991 1746 ὒιιιιι
2132 1713 2134 1717 ·

434 1784 597 1868 apostolus
617 1784 716 1852 dicat:
740 1785 874 1854 Obedite
892 1787 1061 1871 prepositis
1078 1788 1203 1868 vestris,
1229 1786 1305 1869 quia
1321 1785 1384 1868 ipsi
1411 1784 1611 1868 pervigilant,
1638 1782 1731 1867 quasi
1753 1783 1911 1850 meionem
1932 1799 1991 1866 pro
2132 1811 2135 1834 ι

435 1885 525 1954 vobis
546 1887 717 1970 mddituri3
736 1894 784 1956 et:
807 1889 986 1973 Dampnum
1005 1895 1055 1955 ast
1074 1889 1148 1956 liliis
1168 1894 1315 1974 parentes
1334 1905 1397 1954 non
1419 1904 1603 1972 agnoscere:
1623 1886 1708 1953 unde
1726 1885 1825 1970 (cum)
1846 1883 1992 1969 nsqnm
2130 1875 2137 1960 f

437 1993 488 2058 tar
508 1988 664 2072 audimus,
684 1996 751 2058 tarn
773 1992 807 2058 in
830 1992 977 2059 claustris
999 2010 1095 2077 quam
1118 1993 1151 2058 in
1172 1990 1430 2059 conventualibus
1451 1989 1592 2059 ecclesiis
1613 1994 1647 2056 et
1667 1988 1702 2055 in
1717 1988 1911 2072 prelatorum
1926 1986 1992 2071 ple·
2132 2026 2137 2077 ξ

436 2111 570 2179 rumque
592 2093 819 2161 conventiculis
839 2094 919 2163 talia
938 2095 1016 2177 lieri,
1039 2095 1121 2161 tales
1143 2094 1212 2179 ipsc
1233 2092 1317 2163 iacto
1339 2112 1448 2161 omnes
1469 2093 1641 2162 anathema
1659 2091 1834 2174 incurrant,
1855 2095 1890 2159 st
1903 2109 1925 2157 a
1938 2089 1992 2157 be-
2135 2160 2138 2173 ,

426 2194 558 2263 'netlciis
576 2195 798 2264 ecclesiasticis
819 2197 946 2281 penitus
967 2198 1035 2263 siut
1055 2196 1160 2263 aliem.

543 2295 697 2366 Similiter
717 2298 807 2365 iuxta
829 2317 982 2367 monum
1003 2316 1169 2367 censuram
1190 2299 1254 2367 iam
1274 2299 1442 2379 diatonum,
1464 2306 1499 2367 et
1511 2299 1650 2367 mammo
1670 2298 1761 2365 iuxta
1775 2295 1894 2364 canu
1906 2295 1993 2381 Pape
2136 2340 2140 2349 -

439 2403 611 2482 statutum,
638 2398 779 2469 inventes
805 2406 839 2468 et
864 2402 1098 2470 consencientes
1124 2401 1242 2470 talibus
1264 2402 1360 2469 simili
1388 2401 1573 2470 subiaceant
1598 2400 1717 2470 ulcioni
1742 2400 1892 2468 canonice
1919 2399 1990 2466 sine

435 2519 493 2586 spe
514 2502 731 2570 restitucionis
752 2510 907 2587 quantum
924 2505 966 2570 ad
986 2503 1146 2586 benefica
1169 2511 1206 2572 ut
1228 2504 1355 2573 veracia
1375 2504 1432 2572 det
1451 2504 1658 2572 intellectum

540 2604 703 2688 Similiter,
722 2604 902 2690 quicunque
923 2607 1076 2675 subdam
1096 2607 1268 2674 mniccrum
1290 2608 1366 2675 viris
1385 2607 1608 2675 ecclesiasticis
1634 2612 1742 2674 astute
1762 2605 1812 2674 vel
1832 2603 1995 2672 maliciose

437 2703 639 2790 meusium,
670 2705 704 2773 in
731 2706 791 2773 boe
820 2709 994 2792 puniantur
1023 2710 1057 2775 in
1082 2726 1146 2793 quo
1171 2708 1374 2794 deliquerunt
1398 2715 1433 2775 et
1460 2710 1561 2795 legem
1590 2710 1674 2776 iuste
1700 2708 1868 2792 memmi
1894 2707 1928 2773 in
1958 2725 1994 2774 se

435 2825 532 2893 quam
551 2809 584 2875 in
603 2808 685 2876 alios
706 2815 856 2877 statuunt
877 2812 1011 2879 iniuste:
1040 2811 1157 2879 solacio
1177 2811 1318 2880 Ecclesia
1340 2812 1616 2881 Sacmmentonrm
1644 2812 1771 2879 omnino
1791 2829 1828 2878 sc
1849 2808 1996 2877 noverint

435 2909 608 2980 destitutos
630 2917 665 2979 et
685 2914 914 2998 communione,
936 2920 1069 2999 excepta
1089 2915 1268 3000 penitemia
1288 2923 1486 2984 momuorum
1507 2923 1542 3015 et
1562 2915 1755 3000 baptismata
1780 2912 1994 2999 pamulorunn

541 3098 669 3185 Comen,
691 3101 833 3169 Kanna
878 3102 1032 3173 Swandra
1052 3101 1142 3188 fluv„
1163 3109 1321 3194 Smpdmr'a
1341 3109 1482 3173 motta

1113 3401 1187 3514 Ni·
1218 3401 1319 3507 446.
1370 3499 1372 3502 ⁴

336 3640 340 3649 ·
400 3545 401 3548 Ὗ
540 3529 734 3679 somno
768 3597 846 3680 aux
880 3596 1031 3682 monn
1065 3603 1199 3679 1272
1234 3597 1321 3684 sm
1354 3605 1430 3702 12,
1464 3600 1507 3683 n
1541 3596 1684 3684 susm
1717 3594 1995 3698 maurum

436 3734 544 3800 ntum
573 3730 672 3802 habet
704 3738 941 3818 mummium,
974 3735 1059 3820 quon
1087 3735 1220 3807 reoemr:
1265 3717 1389 3803 bruas
1436 3719 1706 3804 maiomam
1746 3721 1870 3799 1271
1909 3713 1997 3801 ian.

441 3836 517 3932 15,
542 3833 709 4022 {dictetis
730 3959 802 4022 XX.
829 3960 1071 4040 caarrorpsktcn
1120 3930 1194 4026 Trici
1215 3962 1457 4027 Norurzesriczo.
1502 3960 1546 4038 (Z
1562 3961 1671 4040 lepti).

540 4159 706 4230 Boieslaus
727 4160 787 4230 Dei
808 4162 918 4246 gracia
937 4161 1002 4230 dux
1024 4162 1163 4246 Polcnic,
1184 4164 1338 4232 universis
1361 4163 1484 4231 christi
1512 4162 1659 4232 fidelibus
1689 4179 1820 4247 presens
1846 4161 1999 4246 scriptum

305 4307 309 4314 -
437 4263 626 4350 inspecturis
648 4265 784 4333 salutem
806 4266 841 4332 in
862 4285 900 4332 ec
922 4268 977 4351 qui
999 4274 1050 4333 cst
1070 4268 1210 4334 omnium
1232 4287 1307 4335 vera
1327 4267 1424 4334 salus.
1452 4265 1663 4336 Universitati
1677 4271 1782 4332 vestre
1803 4271 1914 4331 notum
1929 4283 2000 4332 esse

435 4367 592 4450 volumus,
614 4369 700 4452 quod
719 4386 777 4434 nos
799 4367 909 4434 litcms
932 4371 1114 4436 tastamenti
1137 4372 1261 4437 comitis
1276 4369 1484 4454 larrchomiry
1508 4370 1567 4438 sub
1580 4370 1694 4453 sigillis
1713 4368 1916 4450 authenticis,
1933 4386 2000 4434 non

437 4469 583 4552 abolitas,
606 4471 807 4552 cancellatas,
830 4490 888 4538 nec
909 4471 1019 4555 aliqua
1037 4478 1129 4556 parte
1148 4473 1198 4538 sui
1225 4473 1357 4541 viciatas
1386 4473 1521 4541 vidimus
1547 4474 1582 4539 in
1611 4472 1671 4540 bec
1695 4471 1808 4539 verbo:
1839 4476 2000 4552 (Sequitur

435 4577 568 4656 arpano
588 4577 640 4638 vr.
664 4576 743 4649 442)
1766 4579 1772 4592 ·

541 4673 608 4742 Nos
629 4674 728 4759 igitur
748 4675 918 4758 diligenter
939 4677 1174 4745 considerantes
1195 4679 1293 4763 quod:
1317 4678 1377 4759 Qui
1398 4698 1493 4763 parce
1514 4679 1652 4746 seminat
1670 4697 1765 4763 parce
1783 4683 1817 4746 et
1834 4682 1948 4745 metet:
1965 4683 2000 4745 et

436 4778 655 4847 desideranter
677 4778 841 4861 cupientes
862 4779 968 4845 divine
988 4778 1210 4847 retribucionis
1237 4781 1414 4866 manipulos
1436 4789 1555 4848 metere
1581 4801 1653 4848 cum
1682 4781 1828 4847 omnibus
1855 4779 2001 4847 fidelibus

438 4881 615 4950 Ecclesiam
636 4880 840 4963 diligentibus
855 4888 889 4947 ct
907 4881 1007 4948 cidem
1027 4881 1106 4949 bene
1129 4883 1325 4965 iacientibus,
1348 4883 1389 4950 ad
1412 4883 1547 4952 humiles
1568 4902 1678 4968 preces
1699 4889 1733 4951 et
1754 4883 1886 4952 devotas
1907 4901 1998 4950 vene·

438 4983 549 5052 rabilis
570 4984 672 5068 patris
695 4982 853 5049 Wolimiri
877 4983 1151 5052 Wlndislaviensis
1173 4987 1310 5071 episcopi
1333 4994 1366 5052 ct
1389 4984 1524 5053 fratrum
1546 5005 1686 5068 suorum,
1709 4987 1885 5070 predictum
1904 4991 2003 5053 tasta-

290 5172 295 5181 .
436 5090 579 5153 mentum
599 5093 726 5171 gratum
749 5094 782 5153 et
806 5093 909 5152 ustum
934 5086 1086 5154 babemus
1108 5097 1141 5156 ct
1164 5090 1361 5174 presentibus
1381 5090 1612 5157 continuamus.
1657 5091 1695 5157 In
1725 5090 1814 5156 cuiuis
1842 5091 1889 5157 rei
1912 5089 2003 5158 testi·

440 5189 581 5257 monium
602 5209 732 5274 presens
754 5190 907 5272 scriptum
931 5190 1025 5270 sigilli
1049 5193 1151 5259 nostri
1175 5193 1345 5259 niurrinrinc
1365 5192 1496 5259 lecimus
1519 5192 1671 5260 roborari.
1703 5195 1819 5260 Actum
1838 5193 1871 5259 in
1892 5191 2002 5260 Inveni

440 5289 647 5365 Wladislavia
674 5311 757 5359 anno
783 5293 913 5362 Domini
940 5294 1106 5364 utilissimo
1133 5297 1347 5364 ducentesimo
1373 5297 1605 5381 septuagesimo
1635 5296 1773 5364 meando
1800 5295 1902 5381 pridie
1927 5295 2003 5363 Idus
