4860 6180
433 363 509 440 uua
574 308 576 313 ⁴

536 568 583 633 Be
597 569 757 646 praitoria
778 570 996 636 mersionibus
1016 568 1055 630 ab
1076 569 1218 632 ecclesiis.
1246 565 1291 633 Et
1304 565 1380 650 quia
1402 563 1435 632 ia
1458 581 1555 648 agno
1573 561 1716 647 lingerio
1736 567 1771 630 et
1791 560 1864 628 aliis
1886 550 1985 629 terris

433 676 540 740 nostra
561 669 737 754 legationis,
759 672 889 741 ecelesia
911 678 946 738 ot
966 669 1178 737 ecclesiastice
1199 688 1331 754 persone
1350 688 1371 735 a
1390 666 1499 735 multis
1521 671 1556 734 et
1576 666 1609 732 iu
1631 666 1741 733 multis
1762 671 1795 732 et
1814 664 1910 731 variis
1930 683 1983 732 aa·

300 813 303 824 ,
432 794 490 861 per
507 773 658 859 predictis
678 779 712 841 ct
732 775 804 842 aliis
825 773 979 842 similibus
1001 770 1140 839 indebite
1162 778 1195 838 ct
1212 779 1325 840 eontra
1346 772 1501 838 iustitiam
1516 777 1739 855 aggravantur,
1762 770 1795 836 iu
1810 769 1984 853 periculum

432 876 609 947 ammarum
630 875 756 945 illorum
779 878 833 960 qui
855 878 932 943 talia
951 880 1051 960 agunt
1071 880 1106 942 ct
1126 874 1329 942 ecclesiarum
1350 893 1389 941 ae
1402 893 1609 958 personarum
1618 872 1907 957 ‚ecclesiasticarum
1920 891 1985 940 non

432 979 589 1048 modicum
609 978 834 1047 detrimentum
856 986 889 1045 et
910 978 1143 1062 derogationem
1165 977 1376 1045 ecclesiastice
1396 975 1569 1043 libertatis:
1601 995 1660 1042 nos
1680 981 1787 1042 autem
1809 974 1986 1043 auimamm

432 1082 529 1152 saluti
550 1088 584 1151 et
604 1082 805 1150 ecclesiarum
825 1101 863 1150 ac
884 1101 1088 1168 personamm
1111 1080 1392 1150 ecclesiasticarum
1414 1079 1607 1148 immunitati
1629 1097 1726 1163 super
1747 1079 1806 1147 hoc
1822 1078 1986 1164 providere

432 1186 575 1254 volentes
596 1184 773 1252 districtim
793 1184 1004 1269 prohibemus,
1026 1204 1067 1253 ne
1085 1186 1125 1252 de
1147 1190 1251 1252 cetero
1274 1184 1414 1252 ecelesiis
1435 1190 1470 1250 et
1498 1183 1719 1252 ecelesiasticis
1744 1183 1887 1268 personis
1908 1181 1988 1250 talia

433 1286 637 1375 mponantui
657 1293 716 1354 aut
736 1287 902 1371 exigantur
922 1308 978 1357 seu
995 1293 1244 1373 extorqueantur
1264 1286 1306 1355 ab
1327 1288 1383 1368 eis,
1403 1287 1453 1354 rel
1472 1287 1540 1371 ipse
1559 1285 1689 1354 ecclesie
1709 1291 1767 1353 aut
1788 1303 1921 1370 persone
1934 1303 1987 1351 su·
2015 1338 2020 1354 .

432 1409 491 1477 per
512 1388 630 1458 talibus
650 1390 896 1474 prestationibus
922 1391 1158 1476 quomodolibet
1187 1391 1409 1472 molestentur3
1438 1389 1523 1475 quod
1549 1390 1577 1457 si
1603 1396 1715 1457 contra
1742 1388 1987 1473 prohibitionem

432 1492 611 1562 huiuamodi
633 1492 800 1575 qnisquam
821 1493 862 1560 ab
882 1495 1021 1562 eeclesiis
1038 1495 1089 1562 uel
1110 1495 1252 1579 personis
1274 1493 1423 1578 proliccis
1441 1493 1562 1578 aliquid
1584 1493 1747 1561 occasione
1770 1492 1913 1577 predicta
1933 1511 1987 1558 ex·

433 1603 581 1682 torquere
602 1597 830 1681 presumpserit
849 1596 899 1664 rel
920 1597 1053 1681 auterre,
1075 1615 1131 1664 seu
1151 1615 1247 1680 super
1268 1597 1419 1681 predictis
1441 1596 1490 1664 vel
1511 1615 1620 1664 eorum
1640 1597 1747 1681 aliquo
1766 1596 1914 1664 ecclesias
1935 1595 1987 1662 vel

432 1715 583 1787 pmsonas
604 1716 777 1783 aggravare
797 1699 966 1783 predictas,
988 1701 1049 1767 uisi
1070 1698 1154 1766 inira
1175 1699 1316 1766 triduum
1335 1700 1441 1766 omnia
1461 1700 1639 1767 restituerit
1660 1717 1723 1783 que
1748 1698 1790 1765 ab
1808 1697 1987 1765 huiusmodi

432 1802 577 1889 personis
597 1800 762 1869 occasione
782 1801 924 1885 predicta
943 1803 1088 1884 extorsit,
1108 1802 1284 1884 ingressum
1306 1801 1436 1868 ecclesie
1461 1808 1496 1869 et
1516 1802 1750 1887 perceptionem
1769 1800 1989 1870 Sacramenta·

415 1924 505 1994 ,rum
524 1903 587 1972 subi
607 1904 731 1977 noverit
744 1903 942 1988 interdictam
964 1904 1277 1990 quodvinterdiotum,
1290 1903 1516 1973 ·satisiactione
1529 1905 1694 1990 premissa,
1715 1910 1775 1991 per
1787 1904 1988 1993 diocesamm

433 2007 540 2078 valeat
560 2008 711 2077 revocari.

433 2151 436 2156 -
538 2114 585 2178 m
608 2116 733 2178 varam
757 2115 841 2176 cara
867 2115 1016 2191 ossam
1044 2117 1077 2177 ot
1108 2115 1256 2178 sororum
1281 2115 1437 2191 reomao.
1482 2110 1526 2178 Et
1547 2112 1624 2196 qula
1651 2110 1852 2180 monacum
1870 2109 1989 2193 aaut

435 2212 522 2301 qnod
543 2212 685 2282 canonici
706 2212 866 2296 regulares
887 2213 937 2281 rel
955 2213 1100 2281 monachi
1121 2213 1253 2282 diuersis
1274 2212 1416 2281 vestibus
1441 2214 1628 2296 vestiantur,
1654 2233 1753 2299 quum
1775 2233 1814 2283 ea
1835 2214 1896 2282 hoe
1916 2232 1990 2298 pro·

431 2315 540 2385 veniat
558 2314 687 2396 invidia,
709 2333 852 2383 murmur
872 2320 906 2383 et
926 2316 1108 2384 scandalum
1129 2316 1214 2383 inter
1234 2316 1329 2400 ipsos,
1357 2316 1538 2399 statuimus,
1567 2316 1654 2401 quod
1681 2335 1790 2384 omnes
1817 2316 1851 2384 iu
1879 2316 1989 2384 mdem

436 2417 631 2488 monastario
651 2416 702 2484 vel
721 2418 832 2502 regula
853 2419 1005 2486 canoniea
1024 2422 1058 2485 et
1079 2418 1138 2485 sub
1157 2417 1267 2485 eadem
1287 2416 1482 2502 professione
1503 2424 1674 2502 morantes,
1696 2418 1913 2487 indifferenter
1925 2437 1989 2488 auo

433 2526 468 2590 at
487 2519 597 2589 sodon
617 2520 766 2588 vestiario
787 2520 972 2589 induantur:
994 2520 1197 2606 prohibentes
1218 2538 1374 2605 expresse,
1397 2540 1437 2589 ne
1459 2521 1531 2606 quis
1545 2540 1654 2589 eorum
1669 2528 1774 2590 restes
1786 2523 1911 2606 aliquas
1931 2521 1990 2589 ali·

433 2624 524 2694 ouius
544 2623 668 2706 eoloris,
691 2622 752 2690 nisi
773 2624 992 2692 tautummodo
1010 2624 1075 2693 albi
1097 2624 1147 2692 vel
1167 2624 1249 2708 nigri
1271 2643 1328 2692 seu
1348 2625 1454 2710 grisei,
1476 2625 1594 2694 babere
1614 2633 1795 2713 pessumam
1819 2624 1990 2711 inquibus

432 2724 600 2797 brunetam
621 2725 753 2810 nigraes,
774 2731 938 2809 gemtum
959 2731 993 2793 et
1011 2727 1108 2794 abum
1129 2744 1358 2810 quemeumque
1378 2747 1520 2814 pannum
1541 2729 1726 2797 notabiliter
1746 2728 1917 2796 delicatam
1941 2729 1990 2796 in·

433 2828 617 2899 mucimus
638 2823 803 2913 universis.
847 2828 961 2896 Vestes
982 2847 1046 2896 non
1067 2828 1205 2897 babeant
1227 2829 1384 2898 brevitate
1404 2831 1455 2897 uel
1476 2831 1673 2916 longitudine
1691 2829 1894 2898 deformatas.
1930 2830 1991 2911 Qui

433 2951 508 3028 vero
526 2933 561 3000 ia
579 2931 730 3019 predictis
751 2934 951 3014 excesserim,
973 2951 1032 3017 per
1043 2951 1117 3001 suos
1131 2933 1314 3001 diocesanos
1329 2933 1379 3001 vel
1394 2935 1573 3019 superiores
1587 2933 1667 3003 elios
1683 2933 1888 3018 castigentur,
1903 2933 1992 3000 salva

433 3034 636 3104 distinctione
656 3053 695 3102 ac
716 3034 904 3103 discretione
925 3035 1120 3103 diversomm
1140 3034 1304 3118 Ordinum,
1326 3044 1453 3106 servata
1473 3038 1556 3105 inter
1577 3037 1748 3106 monachos
1775 3036 1842 3104 sire
1863 3036 1991 3105 canoni·

433 3157 487 3209 eos
507 3144 542 3208 et
560 3155 736 3208 conversos

548 3244 585 3311 Ut
604 3245 744 3308 morardi
764 3245 830 3308 riae
850 3247 959 3323 cappis
979 3248 1145 3308 ιιαιιιιηιιιι
1170 3262 1231 3309 aaa
1261 3253 1379 3310 exeant
1424 3241 1514 3324 Quia,
1541 3240 1834 3324 sicat-audivimus,
1862 3240 1991 3325 quidam

433 3342 579 3414 monachi
600 3350 635 3412 et
652 3344 794 3413 canonici
815 3343 976 3427 regulares
997 3339 1175 3412 sicut'laici
1196 3350 1230 3412 et
1251 3344 1357 3413 clerici
1378 3346 1537 3413 seculares
1553 3351 1786 3413 consueverunt
1799 3343 1943 3412 inoedere
1957 3345 1991 3411 in

432 3447 610 3516 animarum
631 3464 760 3514 suarum
782 3445 955 3530 periculum
976 3451 1011 3513 et
1031 3447 1215 3515 scandalum
1236 3447 1453 3532 plurimorum,
1475 3448 1676 3533 precipimus,
1706 3452 1745 3514 ut
1774 3446 1916 3515 canonici
1942 3464 1991 3515 re-

336 3581 341 3587 ·
408 3547 558 3636 gulares
579 3548 649 3617 sine
668 3548 901 3634 superpelliceis
923 3548 973 3615 rel
995 3547 1111 3616 tunicis
1140 3549 1241 3631 lineis,
1274 3567 1330 3616 seu
1356 3550 1465 3635 cappis
1495 3550 1620 3633 clausis,
1650 3550 1796 3619 monachi
1820 3568 1895 3617 varo
1923 3550 1993 3618 sine

433 3652 551 3739 cappis,
572 3657 636 3743 aut,
649 3651 780 3719 cucullis
801 3669 858 3718 seu
879 3651 1106 3735 scapularibus,
1129 3650 1221 3719 extra
1238 3652 1347 3720 domos
1369 3671 1444 3720 suas
1464 3652 1504 3720 de
1525 3658 1629 3721 cetero
1658 3671 1723 3721 non
1747 3651 1904 3733 incedant,
1934 3670 1994 3720 nec

314 3757 316 3760 ⁴
433 3755 531 3823 edam
551 3753 638 3821 intm
654 3753 791 3821 domum.
836 3752 966 3821 sivero
988 3760 1100 3822 oontm
1121 3754 1224 3822 faeere
1245 3756 1506 3841 presumpserint,
1534 3754 1841 3824 administrationem
1862 3754 1991 3838 habens,

433 3874 505 3926 eam
524 3855 593 3940 ipso
615 3853 701 3922 iacto
723 3856 861 3936 amittat,
884 3860 919 3922 et
935 3856 1109 3923 monachus
1130 3856 1197 3925 sive
1220 3859 1387 3927 monicus
1410 3858 1565 3944 regularis
1586 3878 1643 3943 per
1670 3858 1828 3940 abbatem,
1855 3859 1993 3943 priorem
2137 3915 2139 3921 .

432 3955 484 4027 rel
504 3955 700 4044 prepositum
722 3957 881 4041 puniatur,
904 3963 938 4024 at
959 3959 987 4025 si
1009 3959 1036 4026 is
1058 3959 1218 4044 negligens
1240 3959 1347 4044 inerit,
1369 3982 1426 4047 per
1448 3963 1629 4047 episcopum
1652 3961 1846 4047 suppleatur.

535 4065 755 4142 Premcriptae
775 4063 908 4126 ciborum
928 4066 1042 4128 modia.
1089 4061 1277 4146 Statuimus,
1300 4070 1338 4131 ut
1358 4082 1380 4132 a
1397 4064 1448 4133 die
1470 4064 1613 4144 Quutuor
1637 4063 1867 4133 coronatorum
1893 4082 1994 4150 usque

434 4161 477 4233 ad
496 4161 579 4230 diem
601 4160 727 4229 Natalis
749 4161 887 4244 Domini,
907 4182 928 4230 a
947 4165 1099 4248 sanguim
1121 4171 1155 4231 et
1176 4164 1322 4233 carnibus
1344 4185 1452 4234 omnes
1479 4165 1625 4234 monachi
1655 4166 1879 4249 cuiuscumque
1900 4166 1994 4234 Ordi·
2138 4176 2143 4232 l

435 4265 496 4349 nis,
518 4271 722 4351 preterquam
737 4262 865 4347 infirmi,
885 4265 1003 4333 debiles
1022 4272 1056 4334 et
1069 4267 1207 4348 delicati,
1230 4287 1302 4335 cum
1321 4269 1436 4353 quibus
1457 4269 1587 4337 abbates
1606 4270 1797 4338 discretione
1815 4270 1923 4354 previa
1937 4289 1993 4355 po·

435 4372 544 4436 aarum
566 4367 761 4451 dispensare,
784 4366 975 4449 abstineant,
997 4369 1142 4437 omnibus
1164 4369 1274 4437 diebus
1295 4374 1434 4456 exceptis
1453 4373 1619 4440 dominicis
1640 4373 1827 4440 ieiunantes.
1871 4372 1995 4440 Poterit

431 4475 539 4539 tamen
560 4469 657 4537 abbas
678 4489 717 4537 eu
738 4487 834 4537 cama
854 4489 925 4537 cum
939 4471 1106 4556 aliquibus,
1128 4474 1347 4557 utaliquando
1363 4475 1410 4541 bis
1426 4474 1600 4556 comedant,
1615 4476 1811 4559 dispensare;
1826 4493 1884 4543 uec
1898 4494 1983 4543 rom·

434 4572 531 4642 edant
553 4577 603 4638 ter
619 4572 654 4638 in
675 4573 736 4654 die,
760 4573 821 4638 uisi
843 4573 943 4656 pueri,
972 4574 1098 4657 infirmi,
1121 4576 1171 4643 vel
1199 4577 1253 4659 qui
1276 4578 1308 4642 in
1331 4577 1496 4645 refectorio
1518 4578 1617 4662 leget;
1640 4596 1698 4645 nec
1719 4577 1887 4645 comedant
1904 4584 1995 4646 extra
2139 4556 2143 4615 i

432 4675 543 4743 domos
565 4692 639 4742 suas
670 4674 703 4740 in
732 4674 890 4758 parochiis
917 4677 994 4758 suis,
1021 4678 1082 4744 uisi
1113 4680 1238 4762 quaudo
1267 4682 1447 4764 procuratio
1470 4681 1511 4750 ab
1532 4680 1690 4764 aliquibus
1712 4680 1845 4748 debetur
1865 4680 1992 4749 eisdem

433 4775 724 4862 ASeptuagesima
753 4795 853 4859 usque
882 4778 923 4844 ad
954 4779 1087 4863 Pascha,
1110 4788 1265 4864 quantum
1296 4781 1336 4849 ad
1359 4800 1447 4850 mum
1476 4784 1617 4851 earnium
1648 4789 1683 4850 et
1711 4801 1801 4849 esum
1822 4783 1994 4867 sanguinis,

432 4878 517 4947 idem
539 4879 727 4963 precipimus
749 4877 883 4945 tirmiter
912 4879 1081 4948 observari.
1129 4881 1305 4950 Canonioos
1333 4892 1439 4952 autem
1469 4887 1639 4969 regulares,
1666 4904 1755 4952 suam
1782 4887 1924 4969 ranulam
1946 4906 1995 4955 re·

432 4980 587 5066 galariter
608 4981 798 5065 precipimus
820 4981 997 5049 observare.
1042 4984 1238 5068 Pracipimus
1260 4987 1365 5067 etiam,
1397 4989 1481 5071 quod
1513 4989 1620 5055 nullus
1651 4989 1820 5056 canonicus
1842 4990 1995 5072 regulam

435 5082 547 5151 diebus
569 5083 659 5150 Lune
674 5091 707 5150 ct
728 5084 877 5150 blercurii
901 5103 1011 5153 carmus
1033 5088 1066 5153 iu
1088 5087 1254 5155 refectorio
1276 5088 1429 5172 mmalat,
1452 5091 1512 5156 uisi
1535 5091 1651 5158 iustum
1667 5091 1789 5159 Novem
1808 5091 1904 5157 luerit
1918 5092 1996 5161 Lec-

435 5185 566 5254 tionum.
611 5185 779 5253 Silentium
798 5193 904 5252 autem
926 5189 960 5254 iu
986 5189 1136 5272 claustro,
1172 5190 1337 5258 refectorio
1365 5198 1399 5259 ct
1424 5192 1610 5260 dormitorio
1641 5194 1775 5260 tirmiter
1805 5194 1995 5277 precipimus

434 5287 593 5357 observari
616 5289 702 5356 horis
721 5288 837 5355 debitis
859 5296 892 5356 et
914 5295 1056 5374 statutis,
1078 5294 1111 5360 in
1135 5294 1204 5361 lom
1227 5294 1280 5362 abi
1302 5293 1344 5362 ad
1365 5296 1469 5362 minus
1494 5303 1558 5364 trus
1580 5297 1724 5366 monachi
1754 5303 1811 5364 aut
1832 5296 1994 5382 regulares
