4860 6180
1279 654 1355 739 Nr.
1387 649 1487 738 518.
1573 587 1574 591 Ν

541 943 546 951 ,
704 853 862 938 menni
889 854 967 938 dur
992 850 1146 935 linioris
1172 849 1324 933 Polunie
1352 853 1488 931 1282
1514 848 1605 932 lion.
1631 852 1724 944 22,
1755 846 1799 929 in
1830 845 1995 948 Poenam
2027 861 2155 930 musmo

604 974 807 1044 donationem
839 968 1024 1042 berelitatis
1050 969 1286 1052 Tmuskotouo,
1310 989 1381 1036 curn
1407 968 1480 1035 aliis
1507 968 1724 1036 adimentibus
1752 987 1773 1034 o
1795 967 1909 1032 comite
1936 964 2155 1033 Archcnboldo

602 1076 744 1165 palatim
762 1077 933 1146 Kalisiensi
954 1072 1103 1145 coenobio
1121 1074 1161 1142 de
1179 1071 1330 1140 Ouidslra
1348 1070 1491 1154 calistae,
1512 1076 1547 1139 et
1567 1071 1687 1139 incolns
1701 1087 1810 1136 eorum
1824 1067 1968 1153 pluribus
1982 1067 2154 1154 privilegiis

600 1185 847 1348 mmmmm
891 1283 1108 1362 rmzpono
1130 1276 1308 1360 masor
1329 1280 1427 1343 usn
1477 1275 1626 1354 moun
1642 1279 1755 1360 prou·
1767 1276 1824 1342 nr.
1843 1275 1874 1338 c.

705 1481 890 1552 innomine
910 1482 1038 1552 Domini
1064 1499 1165 1552 emen.
1209 1481 1412 1549 Anemurio
1439 1479 1525 1550 lacta
1549 1482 1733 1549 mortalium
1763 1481 1860 1550 cicim
1886 1468 2066 1561 ebibuntur,
2092 1498 2155 1564 que

602 1585 737 1656 testibus
758 1592 793 1655 et
812 1586 939 1671 scriptis
957 1593 1155 1672 posterorum
1175 1585 1291 1652 notitie
1312 1602 1376 1652 non
1398 1584 1577 1652 traduntur.
1607 1583 1745 1652 Proinde
1764 1584 1910 1652 noverint
1927 1583 2065 1652 universi
2078 1581 2156 1650 lide-

602 1689 650 1759 les
671 1688 792 1758 Christi
812 1695 973 1774 presentes
995 1695 1029 1757 et
1047 1688 1166 1773 posteri
1187 1687 1270 1755 hanc
1290 1689 1437 1771 paginam
1457 1687 1640 1772 inspecturi,
1663 1687 1748 1773 quod
1766 1705 1825 1755 nos
1846 1687 1979 1754 Premisl
2000 1686 2060 1753 Dei
2081 1704 2155 1768 gra·

600 1791 652 1862 cin
672 1791 737 1860 dux
756 1790 888 1859 linioris
909 1791 1038 1860 Polonie
1057 1790 1195 1857 latemur
1212 1797 1247 1857 et
1266 1796 1490 1876 protestamur,
1512 1789 1650 1858 nobilem
1671 1791 1775 1856 uirum
1796 1788 1941 1858 comitem
1960 1787 2156 1856 Arcbcnbol·

600 1892 677 1962 dum
697 1900 841 1963 nostnrm
855 1894 1031 1978 purtim
1052 1893 1272 1974 Kalsiemem,
1294 1891 1335 1960 ob
1355 1910 1495 1960 amorem
1516 1886 1762 1976 Dei'sancteque
1783 1891 1885 1958 Marie
1899 1891 2031 1975 virginis
2043 1890 2155 1958 matris

600 1996 679 2079 ciris,
700 2013 773 2064 cnm
794 2001 904 2063 nostro
925 2013 1080 2065 consensu
1096 1999 1131 2062 et
1148 1993 1265 2075 lavore,
1287 1993 1395 2061 domui
1416 2012 1454 2061 ac
1474 1994 1640 2063 conventui
1657 1993 1943 2061 sanctimonlsliurn
1964 1993 2153 2060 leminnnrm
2296 2066 2297 2070 ,

600 2098 635 2166 ln
656 2095 814 2166 Ovensko
835 2098 1006 2166 contulisse
1027 2096 1236 2164 hereditatem
1256 2115 1319 2181 que
1338 2096 1514 2181 vulgariter
1533 2096 1738 2165 'lroskotowo
1758 2103 1968 2181 nuncupetur,
1991 2115 2062 2164 cum
2082 2097 2155 2163 aliis

527 2253 529 2256 >
599 2199 784 2269 ediscendis
804 2201 839 2268 in
859 2201 968 2268 eodem
989 2198 1124 2269 confinio
1145 2206 1180 2267 et
1199 2199 1330 2282 ambitu,
1357 2218 1437 2284 quas
1455 2198 1589 2283 pecunie
1606 2204 1641 2266 et
1658 2198 1724 2265 suis
1745 2198 1890 2267 fidelibus
1912 2199 2049 2267 servitiis
2071 2218 2156 2267 oom-
2236 2282 2239 2293 Ι

600 2303 815 2389 peravitque
835 2302 1071 2371 sicvocontnr:
1092 2300 1305 2383 Pustolcnino,
1327 2301 1439 2369 iancze
1459 2306 1494 2368 et
1512 2299 1600 2367 slind
1621 2297 1744 2383 Inncze,
1766 2300 1894 2384 Bnono,
1913 2302 2108 2369 Zniczolowo
2122 2306 2156 2367 et
2236 2296 2262 2361 ⁵,

559 2437 561 2441 ·
602 2402 799 2488 Obrambiue,
821 2402 863 2472 ob
876 2404 1048 2473 remedium
1062 2403 1168 2471 enimc
1181 2421 1238 2470 sue
1251 2409 1286 2470 et
1305 2404 1412 2471 uxoris
1433 2402 1502 2470 eius
1522 2402 1586 2471 iam
1606 2401 1764 2487 defuncte,
1785 2422 1847 2487 que
1867 2404 1984 2472 ibidem
2006 2406 2039 2471 in
2058 2403 2157 2472 eccle·

601 2505 651 2574 nin
668 2511 720 2575 est
739 2505 913 2574 honorilice
933 2507 1101 2589 tumulate,
1122 2512 1158 2574 et
1176 2507 1311 2574 aliorum
1333 2507 1500 2574 charorum
1524 2516 1654 2574 snorum
1674 2506 1893 2575 defunctorum
1915 2499 2155 2591 ceterorumque

599 2605 704 2676 adbuc
731 2607 903 2676 viventium
929 2627 985 2676 sen
1005 2614 1212 2691 murmurum,
1240 2627 1313 2677 cnm
1334 2609 1419 2675 omni
1440 2608 1510 2676 iure
1530 2613 1564 2676 et
1583 2609 1735 2693 utilitate,
1761 2609 1909 2677 videlicet
1930 2609 2029 2691 siluis,
2048 2627 2156 2677 nemu-

554 2710 557 2716 '
601 2710 701 2794 ribus,
721 2711 834 2797 pratis,
853 2712 988 2797 pascuis,
1009 2713 1094 2796 agris
1114 2712 1210 2780 cultis
1231 2718 1265 2779 et
1277 2711 1416 2794 incultis,
1438 2712 1569 2796 stagnis,
1591 2711 1771 2796 piscaturis,
1792 2730 1946 2797 aquarum
1959 2712 2155 2794 decursibus,

601 2811 799 2896 molendinis,
820 2820 855 2882 et
875 2814 947 2882 aliis
967 2814 1112 2882 omnibus
1133 2815 1242 2882 usibus
1260 2815 1316 2900 qni
1336 2832 1421 2882 nnnc
1437 2819 1515 2881 sunt
1534 2815 1568 2882 in
1584 2816 1633 2882 cis
1654 2815 1704 2883 vel
1721 2814 1755 2881 in
1769 2821 1931 2899 posterum
1946 2816 2070 2900 possint
2084 2834 2154 2899 pro·

600 2916 707 2984 venire
727 2916 840 2984 subtus
861 2923 981 2986 terram
998 2919 1049 2986 nel
1066 2937 1162 3002 super
1184 2924 1311 3000 terrem
1333 2937 1405 2985 cum
1427 2917 1571 2986 terminis
1583 2917 1762 3002 muqmnrs
1781 2919 1959 3002 assignetis,
1981 2916 2154 2985 secundum

600 3017 685 3101 qnod
706 3037 761 3087 ens
782 3020 943 3088 consuevit
962 3021 1097 3104 ipsemet
1117 3020 1216 3088 libere
1237 3019 1405 3104 possidere
1449 3019 1595 3088 Libertas
1616 3026 1723 3087 sutem
1745 3025 1780 3087 et
1811 3020 1970 3104 exemptio
1999 3019 2155 3104 prescrip-

599 3125 706 3189 tarum
725 3121 938 3190 hereditatum
958 3122 993 3188 in
1014 3141 1112 3191 unum
1130 3123 1369 3191 coniuncturum
1399 3126 1462 3189 est:
1489 3125 1528 3188 ut
1554 3120 1655 3190 incole
1677 3139 1784 3190 coram
1804 3122 1893 3191 nullo
1914 3121 2088 3190 cmteliano
2109 3122 2154 3188 ci·

601 3226 719 3308 tantur,
740 3241 800 3292 nec
821 3225 912 3292 citati
933 3223 1145 3308 respondeant
1165 3224 1245 3292 alins
1275 3242 1370 3308 quam
1390 3241 1498 3290 coram
1525 3222 1628 3292 indice
1655 3224 1767 3292 domus
1796 3231 1975 3309 prenotate.
2017 3223 2106 3306 Quod
2127 3225 2156 3291 si

559 3339 562 3346 ’
600 3325 700 3394 m
721 3324 890 3395 homicidia
907 3324 1027 3393 fuerint
1048 3326 1134 3394 inter
1153 3327 1274 3394 incolas
1295 3326 1430 3407 eosdem,
1450 3325 1557 3394 nullus
1578 3344 1693 3410 penam
1716 3327 1848 3412 recipiet
1868 3327 1931 3394 nisi
1952 3326 2074 3395 domus.
2119 3326 2156 3396 Si

600 3445 675 3497 vero
696 3427 741 3496 ibi
763 3428 856 3495 homo
876 3428 1000 3495 alienus
1019 3429 1233 3513 cuiuscunque
1251 3429 1372 3496 occisus
1392 3426 1492 3495 fuerit
1511 3427 1553 3495 ab
1573 3428 1685 3496 incolis
1710 3432 1903 3513 memoratis,
1931 3430 2074 3515 predicta
2098 3429 2155 3498 do-

599 3548 670 3598 mus
692 3530 861 3598 solutionis
882 3529 1021 3598 fructum
1043 3531 1241 3616 integraliter
1262 3536 1457 3614 assequetur.
1501 3530 1634 3616 Excepti
1658 3539 1734 3598 sunt
1754 3535 1853 3601 edem
1875 3533 1971 3601 iidem
1989 3534 2091 3622 incole
2112 3533 2153 3601 eb

598 3630 799 3701 ¹udillcncione
817 3650 855 3699 ac
876 3631 1054 3700 lirmatione
1076 3633 1281 3717 custodiaque
1302 3639 1488 3714 cnstrmum,
1511 3633 1641 3717 insuper
1659 3633 1700 3701 ab
1719 3635 1936 3703 exactionibus
1957 3654 2063 3718 narac,
2078 3637 2155 3721 pud·

599 3752 743 3818 norone,
765 3734 945 3819 poncione,
967 3734 1140 3818 chlodnice,
1162 3753 1280 3821 ponor,
1303 3753 1429 3819 nynor,
1452 3741 1618 3818 pomostne
1638 3735 1724 3823 (sic),
1746 3742 1781 3805 et
1799 3738 1840 3805 ab
1861 3739 1932 3806 aliis
1946 3737 2091 3806 omnibus
2105 3757 2156 3806 su-

599 3835 783 3920 lutlonibns,
805 3836 1045 3923 quibuscunque
1058 3838 1219 3906 vocabulis
1240 3837 1451 3905 nominentur.
1481 3835 1529 3905 ut
1542 3844 1649 3906 autem
1668 3838 1726 3907 bec
1747 3841 1816 3907 eius
1834 3841 1963 3909 donatio
1984 3849 2155 3926 nostreque

599 3940 791 4025 protestacio
813 3938 910 4006 robur
927 3946 1078 4024 perpetue
1101 3940 1261 4006 firmitatis
1282 3938 1425 4006 obtinent
1445 3944 1480 4006 et
1499 3940 1683 4008 inconvulsa
1703 3941 1737 4008 in
1756 3949 1945 4028 perpetuum
1963 3951 2153 4029 perseveret,

599 4046 777 4126 presentem
798 4042 947 4132 paginam
970 4039 1093 4126 prelato
1114 4041 1221 4109 domui
1242 4041 1337 4125 sigilli
1359 4042 1461 4107 nustn'
1482 4047 1516 4109 et
1537 4042 1725 4110 venerabilis
1745 4046 1846 4128 patris
1867 4046 1986 4113 domini
2004 4046 2156 4114 Iohannis

600 4142 825 4211 Posnanicnsis
846 4143 995 4228 episcopi,
1023 4163 1165 4212 necnon
1190 4143 1330 4210 eiusdem
1357 4143 1482 4209 comitis
1510 4142 1721 4212 Archenboidi
1749 4147 1891 4214 dedimus
1920 4151 2155 4216 communitam.

599 4247 679 4316 Eius
699 4264 774 4314 vero
794 4245 974 4313 donationis
994 4265 1032 4314 ac
1053 4251 1163 4314 nostre
1184 4244 1425 4330 protestncionis
1448 4243 1493 4311 hii
1519 4252 1596 4312 sunt
1626 4253 1738 4315 testas:
1770 4249 1913 4332 prelatus
1939 4251 2085 4319 dominus
2105 4251 2156 4318 Io·

598 4350 719 4421 banues
741 4349 965 4417 Poznauiensis
987 4349 1163 4434 episcopus,
1183 4367 1287 4416 comes
1308 4346 1508 4413 Tlromislans
1530 4347 1721 4415 castellanus
1747 4350 1980 4435 Poznaniensis,
2010 4352 2155 4420 dominus

598 4453 789 4522 vincencius
808 4450 1014 4519 cancellarius
1036 4450 1269 4531 Poznaniensis,
1288 4466 1393 4516 comes
1412 4446 1621 4532 Sandlvogius
1642 4452 1835 4520 castellanus
1854 4454 1895 4522 de
1908 4455 2082 4539 Meayrecn,
2105 4475 2156 4522 oo·

598 4573 665 4622 mes
686 4554 845 4640 Syrzicius
865 4552 942 4637 (sic)
963 4553 1154 4620 castellanus
1173 4554 1214 4621 dc
1235 4553 1368 4633 Dreccn,
1394 4569 1499 4618 comes
1528 4550 1734 4638 Sandinoglus
1769 4558 2017 4624 subcamerarius
2035 4557 2156 4625 Poena·

598 4657 725 4752 niensis.
769 4655 888 4722 Datum
907 4655 939 4721 in
957 4654 1083 4722 Ponnnn
1104 4674 1188 4723 anno
1212 4654 1318 4739 gracie
1348 4651 1474 4720 Domini
1504 4653 1670 4721 millesimo
1699 4655 1914 4725 ducentesimo
1941 4662 2155 4745 octumgesimo

598 4760 745 4841 secundo,
768 4759 801 4825 in
822 4759 875 4826 die
895 4764 1004 4826 suncte
1026 4757 1142 4826 cecilie
1163 4759 1305 4843 virginis,
1327 4774 1385 4840 per
1404 4771 1517 4822 manus
1537 4755 1679 4824 Thilonis
1699 4760 1817 4828 notarii
1839 4761 1926 4829 curie
1957 4768 2075 4846 nostre,
2103 4763 2156 4830 In·

597 4862 735 4931 dictione
754 4858 887 4928 decima

700 5064 867 5148 Ovensko,
894 5069 1043 5135 unisono.
1072 5066 1288 5147 Troskotono,
1316 5067 1535 5131 imni-otono.
1566 5062 1775 5151 Pustolcrino,
1800 5068 1920 5152 imme,
1937 5068 2065 5152 Bnowo,
2081 5069 2156 5137 Zni·

597 5168 743 5251 aulone,
780 5167 976 5250 Obmmbicc,
1009 5175 1104 5250 orudy
1135 5174 1250 5237 mitte.
1293 5169 1467 5256 Meysen,
1504 5166 1725 5262 Minciryrzccr.
1777 5172 1910 5255 Drunun,
1946 5173 2058 5255 Drzcri,
2090 5173 2156 5238 deii

370 5252 374 5259 ’
520 5284 526 5294 ’
599 5273 786 5338 Brcrdenlco.
