4476 6180
1779 331 1852 410 845

304 530 434 604 nomilia
454 533 614 619 provisum
634 539 695 618 est,
717 552 768 603 ros
788 531 1005 617 sollempniter
1025 538 1132 618 gestas
1152 530 1301 618 sigillatis
1319 528 1462 616 apicibus
1479 533 1629 602 emmam.
1667 532 1736 604 ilos
1756 535 1854 623 igitur

304 637 472 722 Bolyslnns
492 637 553 705 Dci
573 639 682 723 grecia
701 639 765 706 dux
786 636 916 704 Polonio
944 634 1075 703 Maioris
1102 643 1212 704 notum
1233 635 1366 718 numus
1387 633 1542 701 universis
1563 639 1631 703 tam
1656 640 1854 722 presentibus

304 759 400 825 qnam
428 739 545 807 lntnris
573 741 770 826 adquorum
796 739 993 807 audiencium
1022 757 1151 823 presens
1176 740 1329 824 scriptum
1358 734 1526 817 tueretur,
1556 736 1641 819 quod
1666 738 1707 807 ob
1726 740 1855 810 Domini

303 842 405 909 nostri
426 841 522 909 lbesn
544 841 663 910 christi
683 844 878 926 glorioseque
896 841 1026 925 virginis
1051 839 1153 908 llario
1182 841 1294 909 amuis
1314 841 1383 907 eius
1404 837 1615 906 reverenciam
1636 846 1670 907 et
1691 841 1853 913 bonorem:

305 943 419 1029 quibus
439 962 563 1029 semper
583 944 784 1028 obsequiosus
805 963 875 1013 esse
896 944 1039 1029 cupimus
1060 949 1094 1010 et
1114 949 1257 1011 nostram
1277 944 1323 1012 eis
1346 947 1395 1010 tot
1417 945 1518 1009 totam
1536 939 1633 1008 offere
1646 941 1854 1029 devocionem,
1951 943 1954 949 ’

305 1046 459 1132 quamde
480 1048 619 1131 ipsorum
640 1049 753 1115 mereri
782 1049 921 1116 ememus
947 1046 1143 1129 benignitate
1172 1050 1206 1113 et
1233 1047 1355 1130 mucia:
1383 1045 1416 1111 in
1442 1043 1578 1112 amntem
1601 1049 1744 1112 nostram
1764 1048 1857 1115 acin

305 1147 478 1216 ιωοᾱίιιω
499 1149 714 1232 peccaminum
743 1156 924 1218 nostrorum
952 1154 986 1216 et
1013 1147 1249 1232 progenitorum
1272 1152 1466 1229 nostrorum,
1491 1145 1579 1214 lacus
1600 1152 1729 1215 nostrus
1749 1146 1858 1216 Domi·

305 1249 375 1316 nica
397 1256 431 1316 et
452 1249 610 1317 Lucbowo
631 1251 804 1334 vulgariter
824 1256 1022 1335 nuncupatos
1042 1248 1077 1313 in
1098 1248 1246 1315 districtu
1268 1248 1486 1316 Premnntausl
1506 1250 1654 1331 situatas,
1673 1269 1746 1318 cnm
1758 1253 1858 1320 omni·

306 1351 366 1418 bus
386 1353 588 1437 pertinenciis
609 1353 676 1419 suis
696 1352 841 1421 videlicet
861 1353 959 1433 siluis
981 1350 1076 1436 agris,
1099 1350 1211 1435 pratis,
1233 1350 1370 1434 pascuis
1391 1350 1558 1434 paludibus
1572 1351 1741 1421 atrabatis
1762 1361 1857 1439 prout

303 1453 347 1521 ad
368 1453 470 1522 dictos
491 1451 579 1522 laem
598 1456 774 1540 antiquitus
803 1455 1014 1540 pertinebant,
1044 1454 1183 1521 claustro
1209 1458 1318 1520 macte
1346 1452 1448 1520 biarie
1468 1454 1502 1520 in
1528 1453 1655 1522 Lnbcns
1677 1461 1711 1522 et
1731 1455 1856 1525 domino

305 1553 414 1624 abbati
434 1561 469 1622 et
486 1554 638 1624 matribus
659 1556 776 1624 ibidem
794 1557 922 1624 Ordinis
945 1555 1164 1624 cisterciensis
1185 1553 1455 1621 Wratislaviensis
1476 1553 1633 1639 dyocesis,
1661 1557 1701 1626 de
1721 1557 1857 1629 bonnet

306 1676 396 1725 mma
411 1658 575 1725 uoluntate
596 1665 706 1726 nostra
725 1678 784 1727 nec
809 1678 872 1726 non
897 1658 938 1726 cie
959 1677 1112 1727 consensu
1133 1677 1171 1726 ac
1192 1657 1233 1727 de
1253 1664 1379 1726 maturo
1402 1658 1533 1726 consilio
1559 1665 1739 1728 nostrmnm
1764 1662 1855 1731 baro·

305 1778 393 1844 num,
415 1760 484 1828 sine
504 1762 590 1828 omni
611 1762 729 1830 lesione
751 1768 860 1830 nostra
873 1768 1115 1847 nostrorumque
1129 1779 1345 1829 successorum
1359 1760 1512 1842 dedimus,
1526 1760 1709 1832 donavimus
1729 1772 1763 1833 et
1784 1785 1856 1834 oon-

165 1878 169 1886 ·
308 1861 449 1945 tulimus,
470 1862 596 1946 damus,
625 1865 777 1931 donamus
798 1870 832 1931 et
852 1862 1041 1931 senserimus
1062 1863 1271 1948 presentibus,
1294 1862 1393 1930 libere
1411 1868 1445 1931 et
1465 1863 1596 1948 pacilius
1616 1864 1650 1930 in
1670 1873 1857 1952 perpetuum

307 1965 377 2033 inre
396 1965 603 2051 proprietatis
623 1970 785 2050 nmquam
806 1966 889 2034 buna
910 1966 1124 2034 ecclesiastica
1145 1963 1359 2050 mandendos
1391 1965 1543 2033 mendas
1564 1971 1599 2033 st
1615 1967 1650 2033 in
1668 1986 1746 2036 usus
1766 1969 1858 2038 bene

307 2066 441 2153 placitos
462 2066 698 2150 convertendos,
720 2072 815 2151 prout
834 2068 977 2153 predicto
996 2067 1123 2135 dominu
1152 2065 1261 2134 abbati
1282 2067 1411 2152 suisque
1436 2064 1589 2135 iratribus
1617 2067 1733 2153 prelati
1751 2089 1857 2140 mona·

307 2170 398 2238 statii
419 2169 546 2239 Lnbcns
566 2169 724 2239 videbitur
744 2171 855 2238 utilius
876 2171 1033 2256 expedire.
1059 2169 1106 2239 llt
1127 2169 1225 2254 igitur
1238 2173 1350 2237 nostra
1363 2168 1496 2238 donacio
1516 2169 1700 2239 inconvulsa
1712 2191 1858 2258 praseae

309 2277 372 2356 tur,
393 2273 525 2342 mem
546 2273 598 2342 bic
618 2274 826 2358 conscriptam
851 2274 1049 2359 principebus
1074 2272 1175 2341 nostri
1202 2272 1394 2342 memriteta
1422 2272 1570 2340 duximus
1595 2273 1803 2344 roborandam
1824 2284 1858 2346 et

308 2381 418 2444 nostro
438 2377 543 2463 sigillo
568 2377 788 2448 nichilominus
814 2377 1025 2446 manicam
1069 2378 1153 2444 Acta
1173 2382 1249 2443 sunt
1275 2376 1334 2444 bec
1361 2376 1520 2445 Pomanie
1540 2395 1624 2444 anno
1642 2377 1769 2446 Domini
1789 2380 1859 2447 mil·

308 2477 419 2547 lesimo
437 2479 652 2549 ducentesimo
671 2482 864 2566 sexagesimo
885 2481 998 2566 primo,
1018 2478 1216 2563 presentibus
1237 2477 1300 2545 biis
1321 2478 1472 2547 testibus:
1491 2479 1619 2548 domino
1632 2479 1772 2549 Iohanne
1786 2499 1860 2550 can·

309 2581 447 2666 sabama,
469 2584 585 2652 comite
604 2584 817 2669 Pretpolkone
842 2583 984 2669 palatino
1009 2581 1230 2665 Pennaniensi,
1255 2582 1371 2649 comite
1400 2581 1585 2667 fflgupbnlo
1609 2583 1780 2651 castellano
1799 2583 1859 2651 Po·

309 2684 481 2770 martiensi,
503 2687 618 2755 comite
637 2686 776 2755 lnnlrone
804 2686 977 2754 castullmo
1001 2683 1187 2766 Kalisiemi,
1212 2685 1328 2752 comite
1348 2682 1477 2752 Andrus
1496 2670 1601 2753 indice
1622 2686 1725 2768 curie,
1747 2686 1860 2754 comite
1980 2710 1982 2714 ⁴

309 2783 1522 2900 liaustucastellanoelobbunsin,etaliisquampluribuslicleclignis¹

252 3048 256 3056 .
413 2992 842 3078 hmsnominimjmoro
862 2991 1860 3076 mpoot.Lecus1.ucboso,pennoaporomnoetm,

311 3097 874 3288 mmmmm&
902 3100 941 3163 oc
968 3092 1118 3184 nmo.
1159 3094 1300 3181 mem,
1333 3089 1863 3185 commmentatores.

984 3497 1059 3595 Nr,
1090 3492 1191 3586 391.

415 3689 606 3778 orons
633 3694 710 3777 oux
735 3694 882 3779 aaronis
900 3646 1053 3778 noum
1080 3690 1674 3798 1261Jun80,inloman;
1701 3707 1864 3779 omme

314 3811 517 3881 dmaboncm
544 3813 730 3883 hereditatis
752 3814 923 3898 Srocaeuo,
948 3834 969 3881 a
991 3815 1106 3883 comite
1125 3814 1266 3883 Jsrostio
1286 3813 1353 3881 lilio
1375 3813 1533 3900 qnondam
1546 3813 1685 3898 Falanio,
1707 3818 1864 3881 monaste·

315 3914 364 3983 rio
384 3914 526 4002 Parem
547 3921 635 3984 certa
656 3917 833 3986 conditione
853 3917 996 3986 collatae.
1920 3926 1922 3929 ’

419 4017 561 4101 Puram
583 4026 702 4100 osoplon
727 4024 856 4085 Bziurloi
875 4023 917 4085 od
931 4025 1171 4103 przpricazcniu
1188 4023 1326 4108 picczpci
1347 4022 1517 4085 nomem
1536 4020 1662 4107 lampeto,
1690 4016 1780 4084 itinn
1800 4037 1865 4083 oao-

316 4121 373 4186 bno
392 4124 593 4199 wcbowaau5
614 4134 758 4201 (plscnpc
775 4133 872 4199 XVI).
1792 4155 1796 4163 ·

418 4225 557 4292 mos.
580 4228 743 4291 umorem
768 4226 938 4308 nmmos.
963 4230 1103 4307 nopooc
1124 4229 1160 4302 s,
1182 4227 1233 4291 ιι
1248 4261 1293 4276 -
1313 4224 1495 4308 mensore,
1522 4228 1592 4293 ooo.
1614 4228 1732 4307 opem
1755 4226 1863 4289 nmo.

317 4329 422 4394 eoos
445 4329 499 4395 49.

418 4530 457 4600 In
477 4532 603 4601 nomino
622 4538 732 4600 sancte
760 4537 793 4599 et
820 4531 980 4600 individue
1004 4532 1170 4601 Trinitatis
1199 4550 1300 4600 amen.
1344 4533 1479 4619 Propter
1503 4532 1608 4602 varias
1633 4530 1748 4617 quibus
1779 4545 1866 4596 mens

316 4630 456 4702 bumana
475 4633 648 4703 inflecbtur
668 4636 897 4719 occupationes,
928 4654 1036 4702 corum
1066 4654 1172 4703 rorum
1199 4654 1262 4719 qne
1279 4641 1370 4719 gesta
1389 4643 1474 4720 sunl,
1505 4655 1567 4722 qne
1593 4637 1692 4704 caiam
1718 4631 1865 4701 memoria

317 4733 460 4821 indigam
478 4738 584 4822 sepius
605 4756 668 4804 non
686 4737 844 4818 meminit3
874 4737 966 4818 unde,
988 4757 1029 4805 ne
1051 4737 1083 4804 id
1102 4739 1186 4821 qnod
1208 4738 1305 4806 robur
1325 4740 1420 4808 debet
1441 4739 1663 4825 perpetuitatis
1685 4735 1791 4804 sortiri
1812 4753 1864 4802 se·

317 4837 388 4905 nlat
406 4837 441 4905 ln
459 4837 656 4920 oblivionem,
678 4857 804 4906 necesso
825 4844 876 4906 est
895 4839 978 4906 idem
1001 4840 1119 4923 scripto
1139 4846 1197 4907 aut
1216 4841 1426 4925 probabilium
1452 4842 1589 4910 virorum
1613 4838 1793 4908 mnasonis
1814 4856 1865 4904 ro·

319 4936 432 5009 borarl
469 4940 536 5010 Nos
558 4942 657 5025 igitur
677 4941 714 5008 B.
732 4941 791 5009 Dei
812 4944 919 5026 gracia
938 4943 1003 5011 clus
1024 4942 1154 5011 Polonio
1175 4943 1305 5011 Maioris
1326 4952 1437 5013 notum
1459 4963 1528 5012 cese
1546 4944 1690 5011 volumus
1711 4939 1866 5007 univorsis

319 5047 385 5110 tam
402 5042 601 5128 presentibus
621 5061 716 5138 quum
742 5043 857 5112 futuris
882 5052 1060 5130 presentem
1086 5045 1233 5129 paginam
1261 5046 1510 5131 isnpicientibus,
1540 5044 1624 5128 qnod
1652 5060 1755 5111 comos
1781 5041 1867 5110 Inru-

316 5144 400 5211 stins
426 5144 510 5213 libus
536 5144 694 5230 quondam
723 5147 863 5230 Falernis,
891 5155 1032 5233 tempore
1060 5149 1125 5215 vito
1154 5166 1210 5215 suo
1235 5148 1365 5233 propria
1386 5167 1424 5216 ac
1446 5147 1528 5215 bona
1548 5146 1712 5213 vuluntate
1732 5162 1791 5213 stra
1810 5163 1867 5213 sue

319 5246 424 5316 anime
444 5255 478 5315 et
499 5253 696 5333 posterorum
717 5267 844 5318 suunun
868 5250 900 5316 in
922 5257 1108 5336 perpotumm
1129 5252 1307 5336 providens,
1337 5250 1404 5318 lieo
1434 5256 1469 5317 et
1494 5247 1587 5316 beate
1615 5248 1718 5316 Murio
1745 5248 1779 5315 in
1803 5247 1868 5316 Go-
1919 5304 1922 5309 .

1680 5368 1717 5428 41
