4860 6180
495 389 570 466 512

493 589 704 672 sacerdotum
732 589 953 676 (lymaeorum,
981 587 1261 673 sabrlyaconoram,
1295 593 1369 673 post
1398 585 1605 680 constitutum
1633 583 1726 654 beata
1754 581 1905 653 memorie
1933 581 2043 668 prode-
2123 662 2127 670 ¹

493 693 627 762 cessoris
649 693 750 760 nostri
772 694 875 762 sancti
897 693 1013 761 Leonis
1035 691 1119 775 Papo
1140 697 1173 759 ct
1191 690 1315 758 Nicolui
1337 691 1490 774 episcopi:
1509 688 1557 756 De
1578 689 1729 755 castitate
1748 687 1947 755 clericorum:
1970 704 2045 752 con·

370 784 374 791 ’
495 794 642 864 cablaam
673 795 779 880 palam
804 797 931 864 duxerit
957 794 1008 861 vel
1035 793 1162 860 ductam
1195 812 1259 861 non
1288 792 1461 875 reliquerit,
1498 810 1537 859 er
1556 795 1649 876 porte
1670 789 1896 873 omnipotentis
1928 787 1990 854 Dei
2012 793 2046 854 ct

493 899 685 966 auctomtate
703 900 917 984 apostolorum
938 897 1115 983 principum
1136 895 1222 963 Petri
1237 901 1271 963 et
1287 895 1379 961 Pauli
1393 895 1582 978 precipimus
1596 899 1631 961 et
1644 895 1772 961 omnino
1790 891 2044 972 contradicimus,

494 1003 534 1067 ut
553 998 683 1068 ulam
705 1019 767 1067 aon
790 1007 906 1083 cantat,
928 1018 985 1068 nec
1006 997 1221 1082 Euangelium
1242 997 1328 1080 legat
1342 1014 1400 1063 nec
1414 995 1592 1080 Epistolam
1605 995 1647 1064 ad
1661 996 1803 1078 Missam,
1827 1013 1928 1078 neque
1943 994 2043 1061 eciam

494 1102 528 1170 ln
549 1101 744 1188 presbyterio
763 1121 835 1170 cam
856 1102 917 1170 hiis
938 1103 979 1171 ad
1000 1102 1108 1169 divina
1129 1100 1233 1169 officia
1254 1101 1309 1185 qui
1330 1098 1452 1185 prefate
1478 1099 1700 1168 constitucioni
1722 1097 1904 1165 obelientes
1925 1095 2046 1165 fuerint

494 1209 632 1288 mmeat,
651 1223 754 1289 acqua
774 1210 898 1290 partem
919 1205 960 1273 ab
982 1204 1112 1274 ecclesia
1135 1202 1297 1287 suscipiat

598 1323 690 1407 item,
712 1342 783 1391 cam
804 1323 923 1409 publici
943 1323 1156 1394 concubinarii
1176 1321 1435 1390 excommunicati
1457 1321 1523 1389 sint
1544 1320 1614 1405 ipsc
1631 1318 1717 1388 lacto
1730 1338 1787 1404 per
1801 1318 2047 1388 constitucione

495 1423 692 1494 namabilis
718 1425 821 1509 patris
852 1426 971 1494 domini
993 1425 1132 1511 Philippi
1160 1424 1302 1491 Firmani
1328 1424 1476 1509 episcopi,
1509 1421 1667 1507 quondam
1696 1422 1731 1488 in
1751 1421 1897 1505 partibus
1917 1421 2047 1489 Polonie

495 1526 668 1615 apostolice
693 1525 784 1595 Sedis
806 1527 912 1612 legati,
943 1547 981 1597 ac
1002 1548 1059 1614 per
1080 1544 1274 1612 consequens
1303 1525 1492 1610 irregulares
1513 1525 1589 1609 quia
1616 1523 1732 1592 divinis
1752 1522 1866 1592 ciliciis
1888 1541 1922 1591 se
1943 1523 2047 1591 immi·

496 1636 635 1714 scenam,
653 1647 712 1698 nec
733 1647 797 1697 non
818 1629 873 1696 alii
894 1649 989 1714 quam
1010 1630 1117 1716 plures
1138 1630 1184 1697 eis
1205 1627 1472 1710 communicando,
1494 1646 1552 1712 per
1572 1627 1713 1695 eiusdem
1733 1626 1872 1712 Philippi
1893 1627 2048 1694 constitu·

497 1733 604 1802 cioaes
624 1732 773 1817 laqueum
794 1733 923 1800 maior‘s
951 1732 1285 1802 excommunicacionis
1303 1728 1483 1813 iacunant'3
1510 1748 1587 1798 cam
1603 1731 1703 1799 eciam
1722 1749 1781 1815 per
1801 1729 2047 1797 constituciones
2135 1813 2136 1816 Ἴ

497 1833 694 1903 samnius
714 1834 816 1918 patris
837 1833 1003 1919 Gnidoais,
1032 1835 1189 1920 quondam
1210 1834 1307 1918 legati
1327 1833 1467 1917 Poloaie,
1489 1833 1569 1901 tales
1590 1834 1657 1901 sais
1677 1832 1795 1917 privati
1807 1830 2048 1900 sintbeaesrciis

389 1958 391 1963 ’
460 1952 463 1957 ·
495 1936 566 2023 ipso
585 1933 671 2006 lacto
692 1940 727 2004 et
746 1936 792 2003 sic
815 1937 968 2023 sacrilegii
990 1938 1108 2005 crimen
1130 1937 1303 2019 incurrant,
1325 1943 1359 2005 ct
1378 1934 1600 2021 archidyaconi
1620 1935 1766 2021 suspensi
1785 1935 1852 2002 sint
1872 1934 1914 2003 ab
1934 1933 2048 2003 officiis

495 2039 566 2126 ipsc
583 2037 652 2106 iure
673 2039 702 2106 si
722 2037 781 2106 hec
803 2039 966 2124 negligunt
985 2039 1161 2121 emendare,
1192 2058 1263 2107 cam
1284 2057 1342 2124 per
1363 2039 1422 2107 hec
1442 2037 1589 2124 nequens
1614 2046 1649 2108 et
1676 2057 1772 2125 grave
1794 2038 1966 2106 maltorum
1988 2039 2048 2105 im·

496 2141 616 2211 mlneat
636 2142 810 2228 periculum
834 2144 1026 2225 animarum,
1049 2161 1107 2211 nos
1128 2143 1190 2210 hiis
1212 2142 1422 2211 irrevocaadis
1445 2143 1558 2227 positis
1579 2141 1689 2210 taliter
1709 2141 1857 2209 duximus
1878 2141 2046 2226 providen-

496 2243 590 2319 dum:
613 2251 651 2312 ut
671 2263 743 2314 cum
763 2244 986 2329 archidyaconi
999 2263 1095 2330 super
1108 2243 1300 2330 corrigendis
1314 2245 1427 2314 talima
1442 2244 1620 2333 mosaicas
1634 2243 1828 2328 negligentes
1843 2243 1902 2310 risi
1916 2241 2046 2325 meant,

496 2345 664 2434 dyocesani
685 2366 782 2416 anam
809 2347 860 2415 vel
880 2347 959 2414 dass
981 2367 1132 2433 personas
1158 2348 1279 2415 iuratas
1301 2347 1473 2431 fidedignas
1501 2367 1559 2431 per
1583 2347 1725 2432 singulus
1746 2347 1894 2414 ecclesias
1916 2364 2048 2414 suarum

496 2447 666 2535 dyocesam
690 2455 811 2518 secrete
832 2450 1063 2535 transmittant,
1090 2456 1124 2520 et
1145 2450 1334 2520 concubinas
1364 2449 1543 2517 huiusmodi
1571 2469 1628 2535 per
1648 2450 1752 2518 dictos
1776 2449 1908 2517 nuncios
1928 2446 2048 2516 iaciant

499 2551 664 2637 captivari,
699 2553 797 2620 eciam
820 2552 974 2635 invocata,
1007 2551 1098 2620 sind
1119 2553 1180 2621 hoc
1211 2571 1290 2638 opus
1309 2559 1404 2635 esset,
1438 2552 1565 2621 brachio
1590 2552 1725 2621 emulari
1756 2565 1962 2637 pacmaomm
1992 2556 2050 2619 aut

498 2653 596 2721 etiam
621 2653 818 2720 vilhaorum
864 2653 966 2740 Capta
983 2660 1100 2738 autem,
1130 2673 1201 2722 cum
1220 2673 1279 2723 sua
1298 2656 1388 2740 prole
1412 2655 1521 2723 taliter
1540 2655 1706 2740 coquimus,
1735 2672 1794 2740 pro
1815 2653 1950 2722 arbitrio
1970 2654 2048 2738 dyo·

496 2754 603 2823 emam
626 2755 811 2840 redigantur
837 2757 871 2823 in
892 2762 1078 2842 perpetuam
1103 2757 1298 2841 servitutem,
1325 2764 1384 2827 aut
1404 2759 1431 2826 si
1453 2758 1637 2843 dyocesaais
1664 2758 1767 2825 rmum
1788 2756 1893 2839 fuerit
1921 2760 2050 2841 recepta

303 2923 306 2929 .
496 2855 695 2928 fideiussoris
708 2859 856 2928 concione
869 2879 927 2945 pro
941 2860 1097 2944 qmlitata
1110 2861 1228 2944 delicti,
1249 2860 1401 2946 fastigata
1415 2860 1632 2942 dimittanaar;
1654 2866 1688 2927 ct
1702 2860 1924 2928 nichilominus
1937 2855 2050 2928 'contra

411 2979 413 2982 ’
497 2979 648 3047 pmscnas
669 2980 727 3046 per
748 2980 913 3031 censuram
934 2963 1179 3032 ecclesiasticam
1197 2964 1396 3050 procedatur,
1418 2970 1453 3032 et
1469 2963 1553 3032 bona
1572 2981 1631 3048 pro
1652 2962 1771 3031 taliam
1797 2967 1990 3048 comparata,
2012 2961 2045 3028 ia

373 3146 377 3152 ¹
498 3081 576 3133 usus
597 3063 737 3133 eiusdem
758 3064 889 3133 ecclesie
906 3072 1138 3134 consentanca.

603 3201 685 3268 item
707 3203 890 3285 statuimus,
911 3209 949 3270 ut
970 3203 1173 3271 ecclesiarum
1194 3205 1407 3288 possessiones
1427 3204 1621 3272 mannua
1643 3204 1795 3289 personis,
1817 3221 1965 3289 comper
1986 3203 2046 3270 hoc

496 3303 532 3372 ia
550 3309 654 3373 totam
674 3305 808 3371 alienari
828 3306 962 3387 soleant,
984 3305 1165 3374 nullatenus
1186 3306 1411 3388 concedentem
1434 3307 1462 3376 ei
1482 3326 1545 3391 que
1565 3308 1630 3376 um
1651 3325 1797 3375 manasse
1811 3311 1896 3390 sant,
1919 3325 1977 3391 per
1992 3324 2047 3374 eos

497 3406 540 3473 ad
562 3424 642 3490 quos
663 3408 824 3491 pertinent
849 3407 932 3474 inira
951 3409 1027 3474 anai
1047 3407 1199 3476 circulum
1217 3409 1538 3493 ῐιιιιίιιιιιιτιιιιιοιι4
1554 3410 1589 3477 si.
1603 3409 1810 3494 neglexerint,
1831 3402 1972 3493 ipsorum
1994 3429 2049 3477 ae·

364 3528 366 3532 “
496 3501 649 3594 gdgeatia
669 3511 792 3596 punita,
814 3529 873 3595 per
889 3510 1051 3595 episcopos
1072 3511 1258 3595 suppleatur
1278 3509 1415 3579 illoruia.
1461 3500 1692 3579 Ecclesiasticis
1714 3512 1857 3595 personis
1879 3517 1996 3595 amen,
2015 3519 2050 3580 et

501 3611 601 3680 mium
621 3611 721 3696 laicis,
748 3613 866 3680 eisdem
889 3618 996 3681 mmen
1020 3613 1229 3681 servientibus
1256 3614 1406 3698 ecclesia
1433 3614 1500 3701 (ab)
1520 3615 1666 3700 utrisque
1686 3614 1880 3681 litteratoria
1901 3615 2051 3683 caucioae

498 3713 793 3799 praetimccacedi
818 3720 970 3800 poterant
986 3716 1027 3784 de
1044 3734 1172 3784 suoram
1199 3716 1444 3803 dyocesaaorum
1467 3718 1676 3802 asseranica,
1700 3716 1786 3802 quod
1807 3716 1989 3786 numanus
2008 3717 2051 3786 ad

498 3832 574 3885 suos
592 3821 758 3886 transeant
778 3836 984 3886 successores

600 3935 750 4006 Preterea
774 3939 920 4007 volumus
947 3947 981 4006 et
1002 3938 1192 4022 ordinaram,
1222 3941 1367 4009 utnulla
1394 3960 1607 4027 personasse
1628 3942 1805 4026 collegium,
1835 3943 2049 4027 cuiuscunque

359 4095 361 4101 .
499 4039 544 4106 sit
562 4037 728 4123 dignitatis
747 4047 805 4108 aut
827 4047 941 4124 statas,
963 4047 1058 4125 prout
1078 4043 1157 4109 iuris
1175 4048 1235 4127 est,
1254 4044 1435 4128 irrequisito
1456 4043 1631 4129 dyocesano
1652 4044 1799 4112 ecclesias
1821 4044 1871 4112 rel
1892 4052 2051 4111 monaste-

501 4143 551 4210 ria
569 4142 702 4211 fundare
729 4151 907 4229 presumat3
943 4146 1046 4228 siqui
1072 4164 1146 4213 vero
1178 4149 1443 4229 contravenerint,
1476 4147 1611 4231 populus
1640 4145 1682 4213 ab
1714 4147 1855 4231 ipsorum
1881 4148 1996 4214 divinis
2017 4154 2052 4214 et

349 4309 353 4317 .
499 4244 626 4314 demum
656 4267 677 4315 a
697 4250 916 4315 communione
943 4250 1087 4331 protinus
1113 4259 1269 4332 arceatur,
1296 4270 1366 4318 cum
1388 4269 1447 4334 per
1468 4251 1528 4319 hoc
1548 4250 1739 4317 dissolvatur
1769 4271 1882 4318 nervus
1903 4251 2051 4319 ecclosia-

499 4348 579 4416 stice
599 4349 773 4435 discipline.
818 4351 853 4416 Si
875 4351 929 4434 qui
951 4369 1024 4416 vero
1046 4357 1156 4419 contra
1175 4353 1242 4434 hoc,
1262 4354 1424 4438 privilegia
1445 4353 1583 4423 dixerint
1596 4372 1631 4420 se
1645 4352 1772 4436 habere,
1795 4353 1885 4421 nobis
1899 4373 1938 4422 ea
1950 4372 2052 4438 usque

500 4450 542 4518 ad
562 4452 685 4520 instans
707 4452 829 4521 Pascha
848 4452 983 4520 debeant
1003 4461 1195 4537 presentare.

603 4587 648 4656 at
667 4590 815 4673 quoniam
844 4590 998 4672 preterita
1022 4591 1162 4674 pericula
1190 4612 1248 4660 nos
1270 4595 1354 4663 circa
1379 4592 1488 4662 futura
1514 4593 1634 4662 facium
1656 4595 1822 4677 cautiores,
1854 4595 1999 4663 volumus
2016 4602 2051 4663 et

499 4689 690 4774 ordinamus,
713 4699 751 4759 at
771 4693 799 4758 si
819 4692 925 4774 alique
946 4712 1078 4775 persone
1092 4695 1141 4760 vel
1156 4697 1287 4781 collegia
1308 4704 1451 4764 anostra
1465 4716 1499 4765 sc
1512 4698 1674 4783 provincia
1687 4699 1914 4782 separaverint,
1936 4699 2051 4766 scisma

499 4793 730 4877 quodammodo
752 4793 904 4875 iaciendo,
928 4812 999 4861 cam
1021 4797 1084 4863 ium
1104 4797 1232 4881 quirlnm
1254 4819 1311 4884 por
1332 4797 1450 4866 iactum
1472 4799 1651 4866 huiusmodi
1672 4821 1693 4867 a
1714 4802 1763 4867 sui
1785 4801 1953 4886 dyocesani
1975 4801 2049 4869 obe

498 4895 622 4962 diencia
653 4898 855 4963 recesserint:
888 4896 1081 4980 pontificalia
1113 4901 1159 4966 cis
1185 4901 1361 4968 ministeria
1393 4910 1427 4969 ot
1448 4903 1662 4972 ecclesiastica
1691 4903 1851 4986 beneficia,
1885 4903 2048 4989 sepulture

407 5033 411 5038 ·
497 4997 644 5065 videlicet
675 5005 708 5066 et
729 4999 907 5080 elemosine,
942 5001 1066 5083 pronitus
1088 5003 1300 5087 «itinerantem
1332 5005 1414 5070 etsi
1436 5007 1585 5072 canonice
1618 5006 1731 5072 moniti
1762 5008 1804 5073 acl
1823 5008 1970 5074 ursionem
1992 5007 2042 5074 vel

498 5099 713 5168 obedienciam
737 5121 799 5169 non
822 5102 982 5185 redierint,
1006 5110 1122 5171 extunc
1144 5108 1278 5190 populus
1299 5105 1340 5173 ab
1362 5109 1501 5191 ipsorum
1523 5109 1740 5176 communione
1760 5108 1938 5178 districtius
1959 5128 2048 5177 arce·

498 5209 582 5285 atur,
605 5204 733 5287 insuper
754 5205 935 5289 apamenis
955 5206 1175 5275 aeclesiasticis
1197 5210 1237 5275 ul
1261 5210 1401 5293 hospicia
1423 5211 1604 5277 nallatenus
1619 5212 1817 5296 colligantur.
1863 5213 1933 5280 lloc
1948 5213 2051 5297 ipsum
2216 5226 2224 5289 l

499 5307 626 5380 artemi
648 5304 789 5373 colamus
811 5306 851 5372 ad
874 5327 939 5390 cos,
958 5310 1012 5393 qui
1037 5311 1098 5377 iam
1121 5312 1236 5380 scisma
1256 5321 1289 5379 et
1308 5312 1554 5418 inobulicaciam
1576 5314 1755 5384 huiusmodi
1777 5317 2010 5384 commiserunt
2214 5314 2230 5688 i
