4860 6180
1909 355 1983 438 387

432 560 557 650 dyocesi
577 560 732 648 ampliare
755 566 789 630 et
811 581 933 630 sacram
955 560 1138 647 religionem
1161 581 1225 630 non
1246 563 1348 632 solum
1370 562 1513 650 plantare
1535 569 1584 632 set
1605 563 1707 631 modis
1720 562 1866 632 omnibus
1881 562 1986 631 lovers

426 670 465 736 et
493 684 676 751 propagare,
707 665 966 749 considerataque
995 665 1159 732 elevetione
1191 664 1325 734 fratrum
1352 667 1479 735 Orrlinis
1510 667 1747 751 cysterciensis,
1774 667 1830 752 qui
1857 667 1891 734 in
1917 666 1985 735 loeo

432 768 523 852 quasi
544 767 670 836 deserte
691 772 725 834 ot
743 767 846 834 sterili
867 768 951 835 eirea
972 766 1107 833 confinio
1128 769 1229 834 nostri
1248 769 1448 854 episcopatus
1477 768 1667 837 monasterio
1696 767 1827 835 fuurloto
1855 770 1887 836 in
1909 788 1987 856 pou·

434 870 710 954 permiserimus,
733 870 861 936 tlomum
883 870 1003 953 origem
1020 873 1054 936 at
1075 868 1236 937 abbatiam
1258 851 1365 939 cruore
1387 872 1515 940 Christo
1537 871 1661 939 tarento
1676 870 1854 952 intendunt,
1877 872 1918 939 orl
1932 890 1986 939 su·

432 973 656 1039 stentationem
686 972 801 1039 ibidem
824 974 891 1039 Deo
917 972 1122 1041 servieneium
1151 978 1185 1039 et
1213 992 1293 1056 quoa
1320 994 1377 1059 pro
1407 981 1548 1060 tempore
1576 975 1642 1041 iilic
1669 973 1787 1041 servire
1810 975 1987 1059 contigerit

433 1092 491 1158 pro
509 1073 703 1142 sublevanda
723 1074 863 1160 ipsomm
884 1076 992 1159 inopia
1013 1082 1047 1142 et
1067 1080 1104 1141 ut
1125 1076 1296 1159 participes
1314 1078 1413 1145 sirnus
1435 1081 1613 1146 orationum
1632 1083 1666 1144 et
1680 1076 1815 1144 oliorum
1832 1075 1986 1146 bonorum

433 1195 495 1262 que
516 1179 549 1244 in
563 1176 672 1244 eodem
688 1177 769 1244 fiunt
783 1177 833 1244 vel
848 1178 880 1244 in
895 1182 1056 1262 posterum
1070 1177 1148 1244 tient
1163 1179 1364 1260 monasterio,
1379 1179 1533 1248 decimam
1547 1182 1587 1248 de
1599 1180 1674 1246 villa
1685 1196 1794 1246 eorum
1807 1177 1988 1261 Zambrseo,

433 1280 467 1348 in
488 1281 578 1348 cuius
600 1280 762 1348 territorio
783 1281 941 1365 prefatum
959 1280 1185 1347 monasterium
1207 1287 1257 1348 ast
1285 1283 1502 1366 constitutum,
1531 1283 1684 1349 donamus
1710 1287 1806 1366 prout
1831 1297 1916 1347 nunc
1938 1284 1989 1346 est
2059 1279 2060 1282 ’
2134 1363 2139 1378 Ι

433 1389 468 1452 et
488 1383 583 1450 sicuti
604 1384 723 1467 poterit
748 1384 845 1450 etium
872 1403 929 1468 per
951 1385 1089 1467 ipsorum
1111 1385 1160 1450 vel
1182 1401 1262 1466 quos
1285 1383 1330 1449 ibi
1352 1384 1524 1452 locaverint
1546 1385 1733 1452 industriam
1754 1382 1862 1468 augeri
1884 1383 1919 1448 in
1939 1381 1989 1448 fu·

433 1490 551 1554 turunu
595 1485 776 1552 illicientes
802 1487 898 1553 etiarn
922 1485 1008 1552 (licto
1034 1486 1226 1553 monasterio
1248 1490 1282 1552 et
1304 1484 1456 1553 fratribus
1477 1489 1511 1554 irr
1539 1508 1576 1555 eo
1605 1487 1790 1572 elegentibus
1823 1485 1988 1567 decimam,

434 1587 484 1656 vel
508 1587 593 1672 quod
621 1588 747 1655 nornine
768 1587 888 1654 decime
916 1588 1017 1670 accipi
1038 1587 1220 1671 contigerit,
1248 1587 1282 1653 in
1304 1589 1535 1674 quinquaginta
1560 1591 1687 1685 mansis,
1714 1607 1794 1674 quos
1812 1587 1929 1655 fratres
1949 1587 1990 1655 (le

434 1689 594 1758 Dobmluc
616 1690 744 1757 Ordinis
764 1689 975 1774 prenominati
998 1689 1104 1781 locant
1135 1690 1185 1756 vel
1206 1689 1355 1758 iocabunt
1376 1692 1410 1758 in
1432 1711 1558 1760 nemore
1579 1693 1663 1776 quod
1684 1692 1799 1761 Socoia
1819 1690 1990 1759 dombrova

436 1792 608 1878 vulgariter
624 1798 834 1876 nuncupatur.
880 1791 925 1858 Et
951 1791 1009 1859 hec
1025 1811 1087 1875 que
1108 1792 1302 1877 prediximus
1322 1794 1433 1861 taliter
1452 1794 1530 1879 ipsis
1551 1795 1697 1863 duximus
1717 1793 1872 1878 almanus,
1891 1800 1930 1860 ut
1949 1789 1991 1860 ad

437 1914 495 1963 nos
509 1895 577 1962 sine
591 1896 732 1979 qualibet
752 1894 1002 1962 contradictione
1028 1899 1228 1962 revertantur
1248 1894 1277 1961 si
1297 1894 1389 1976 forte,
1412 1897 1496 1981 quod
1513 1915 1578 1965 uon
1596 1903 1752 1983 optamus,
1775 1896 1809 1962 in
1829 1895 1898 1963 loco
1919 1912 2012 1979 pres
2041 1918 2044 1923 ·

435 1998 596 2067 nominato
628 1998 825 2066 Conventum
855 2005 889 2065 et
922 1997 1083 2065 abbaciam
1109 2017 1174 2065 non
1203 1999 1389 2080 creaverim,
1418 2000 1485 2066 siva
1512 2006 1653 2067 creatum
1682 2000 1789 2082 aliquo
1818 1996 1991 2065 intonante

435 2100 603 2186 eontigerit
630 2101 787 2186 dissipari.
832 2101 880 2169 Ut
911 2107 1018 2168 autern
1048 2102 1106 2168 bec
1126 2108 1237 2168 nostra
1264 2101 1392 2169 domtio
1417 2101 1606 2170 inviolabilia
1627 2108 1779 2188 perpetuo
1798 2099 1902 2168 velem
1920 2117 1992 2184 per·

435 2221 572 2286 manera
594 2211 771 2288 presentem
793 2204 934 2271 litteram
952 2203 1012 2270 sub
1031 2205 1149 2271 nostris
1178 2203 1290 2287 sigillis
1321 2221 1395 2287 sepe
1415 2203 1509 2271 (lictis
1529 2204 1681 2272 tratribus
1709 2203 1743 2271 in
1774 2203 1991 2270 testimonium

436 2307 575 2375 omnium
604 2307 858 2391 supradictorum
885 2306 1032 2373 (luximus
1061 2306 1290 2374 conterendam.
1331 2309 1448 2374 Actum
1469 2308 1503 2374 in
1526 2308 1661 2375 ecclesia
1681 2305 1888 2373 Poznaniensi
1909 2323 1993 2372 auno

436 2408 563 2477 Domini
588 2409 748 2476 mcclx
774 2428 869 2492 norro,
904 2409 951 2476 Vl
975 2409 1083 2477 Nonas
1108 2409 1191 2490 Iulii,
1217 2409 1416 2494 presentibus
1449 2409 1584 2477 (leminis
1616 2416 1650 2476 et
1682 2408 1833 2476 fratribus
1860 2408 1993 2475 nostris:

437 2511 758 2597 numepreposrm
780 2488 920 2580 nime
933 2513 1062 2595 roano,
1084 2512 1199 2580 nono
1214 2513 1389 2595 nomaso,
1411 2513 1563 2597 magere
1577 2513 1677 2580 retro
1691 2512 1921 2592 mursano,
1943 2510 1994 2578 n»

437 2615 541 2684 banne
562 2622 701 2697 cantore,
723 2615 867 2682 Bascorre
895 2616 1035 2699 custode,
1063 2609 1099 2681 et'
1120 2615 1192 2682 aliis
1220 2633 1315 2699 quam
1337 2615 1480 2700 plurimis
1506 2615 1664 2682 canonius
1683 2615 1824 2682 eusdem
1844 2612 1993 2699 Capituli

540 2853 721 2939 Zambrsco,
745 2859 876 2923 meo.
919 2854 1088 2938 Dobroluc
1112 2859 1281 2938 moysee.
1327 2854 1440 2923 Socela
1465 2853 1644 2939 dambrora,
1671 2860 1823 2921 amoueo
1844 2856 1911 2920 rizr't
1931 2860 1997 2921 zare·-

437 2961 491 3022 lrta
510 2959 723 3036 mieiaoomotci
743 2981 770 3022 w
792 2963 909 3062 metrop
935 2979 974 3026 m.
991 2962 1136 3024 Bledzem
1210 2988 1223 2995 ·

1111 3308 1185 3397 Ne.
1217 3305 1320 3398 440.

525 3493 787 3588 'Boletzlttvub
813 3504 890 3587 (lux
915 3503 1065 3588 Polonie
1093 3510 1230 3589 1269
1258 3529 1287 3591 8.
1315 3508 1359 3607 t„
1385 3507 1429 3590 in
1454 3507 1583 3611 Kali83
1598 3523 1741 3593 coneedit
1754 3526 1945 3594 monasterio
1959 3525 2000 3612 da

440 3623 521 3745 ¹¹32
542 3631 581 3693 ut
602 3625 763 3745 civitam
785 3624 896 3711 Ledeia
918 3625 987 3694 iure
1006 3627 1201 3697 lbeutonico
1223 3629 1329 3696 locare
1349 3628 1460 3712 possit
1491 3646 1624 3712 eamque
1648 3627 1850 3713 amplissimis
1873 3628 1999 3713 privile-

446 3747 507 3812 811⁸
529 3734 691 3911 mffiem
710 3835 829 3912 orpora.
880 3833 984 3913 Garbe
1002 3853 1099 3898 samer
1118 3804 1549 3916 monstruosissumam,
1571 3831 1726 3913 zktbrepo
1736 3831 1862 3920 picczpc
1882 3836 2000 3902 msera

552 3936 719 4000 sonorem
741 3937 813 4001 XX.
841 3937 1080 4016 ozorrorpseicn
1124 3940 1305 4018 Biplomoto,
1335 3940 1395 4004 Vei.
1420 3941 1447 4015 I,
1472 3941 1523 4002 Nr.
1547 3939 1597 4001 11.

555 4157 593 4224 ln
615 4156 742 4225 nomine
763 4156 891 4225 Domini
913 4177 1015 4226 amen.
1060 4157 1110 4226 Ne
1132 4166 1236 4228 mater
1256 4161 1430 4245 iurgiorum
1449 4160 1607 4244 cupiditas
1628 4158 1720 4242 longe
1734 4156 1862 4242 lateque
1876 4159 1942 4225 suis
1956 4159 2005 4226 tu·

445 4260 562 4328 nieulis
583 4259 727 4328 dilatatis
754 4281 811 4346 per
837 4264 1002 4329 materiam
1030 4262 1184 4331 discordia
1211 4266 1338 4347 negocia
1365 4265 1426 4330 rite
1454 4269 1546 4348 gesta
1574 4261 1735 4328 interimat
1759 4260 1808 4326 vei
1830 4260 2004 4346 perturbet,

444 4364 576 4448 expetit
597 4371 635 4431 ut
656 4372 788 4432 conatus
807 4366 907 4450 ipsius
929 4385 988 4450 per
1016 4367 1193 4432 litterarum
1227 4369 1347 4451 apicem
1376 4368 1599 4450 reprimantur,
1629 4370 1662 4429 et
1687 4362 1829 4428 debiturn
1858 4363 2005 4431 ellectum

381 4526 395 4543 ,
446 4467 603 4534 sorciatur
625 4466 759 4533 iusticia.
807 4467 990 4534 Innotcscat
1010 4469 1108 4551 igitur
1129 4470 1284 4536 universis
1306 4476 1339 4536 et
1361 4470 1493 4553 siugulis
1514 4465 1712 4552 presentibus
1726 4470 1760 4532 et
1774 4463 1899 4547 tuturis,
1921 4466 2006 4550 quod

446 4587 504 4635 nos
525 4568 727 4636 Bolcszlavus
748 4568 857 4635 (livino
877 4572 984 4652 grecia
1005 4570 1068 4636 «lux
1088 4572 1227 4654 Polemo,
1251 4573 1411 4655 cupientes
1433 4571 1552 4637 nostris
1568 4567 1760 4652 temporibus
1775 4568 1894 4634 cultum
1909 4568 2007 4634 elluini

449 4670 586 4738 nominis
612 4690 675 4739 non
703 4672 836 4738 diminui
857 4673 912 4738 sed
933 4675 1040 4755 augeri
1070 4693 1107 4741 ec
1134 4695 1172 4741 ca
1192 4695 1252 4759 que
1273 4676 1313 4742 ael
1335 4676 1507 4742 utilitatem
1526 4680 1560 4741 et
1582 4671 1776 4738 commodum
1798 4676 1943 4754 spectent
1961 4671 2007 4738 vi·

450 4792 558 4841 rorunr
583 4774 875 4857 ecclesiasticorum,
903 4778 1036 4843 maximo
1057 4778 1285 4860 religiosorum,
1307 4782 1403 4862 prout
1429 4796 1596 4861 possumus
1621 4772 1783 4842 confovere
1812 4780 1850 4840 ut
1879 4773 2007 4841 liberius

449 4876 578 4944 vuleunt
599 4877 733 4944 Domino
765 4879 922 4960 famulari,
950 4880 1158 4945 concessimus
1189 4880 1367 4946 lurrelecioni
1400 4881 1652 4964 prerloecssorurrr
1682 4883 1871 4957 nostrorum,
1900 4877 2007 4943 ‹lornui

448 4978 596 5048 vilelicet
615 4980 654 5047 ele
677 4980 786 5047 Iernla
808 4982 935 5047 Orrlinis
958 4982 1187 5066 cysterciensis
1209 5002 1246 5050 ac
1267 4983 1419 5050 iratribus
1434 4983 1551 5050 ibidem
1565 4981 1632 5047 lreo
1648 4978 1883 5060 famulantibus,
1905 4978 1938 5044 in
1954 4978 2009 5046 hc·

446 5081 585 5150 realitate
607 5085 746 5169 ipsorum
769 5103 830 5167 quo
853 5084 966 5150 Cosani
987 5090 1187 5167 nuncupatur
1209 5086 1369 5153 civitatem
1387 5086 1509 5152 locandi
1534 5103 1605 5150 eum
1627 5083 1829 5149 'i'lroutonicis
1851 5102 1906 5148 seu
1928 5082 2005 5150 libe-

447 5184 490 5284 ria
511 5184 641 5252 Polorris
664 5205 721 5252 nec
743 5206 804 5252 rrorr
827 5192 861 5253 et
883 5188 1066 5253 castenariis
1086 5194 1119 5253 et
1140 5187 1320 5255 hominibus
1342 5207 1413 5255 curn
1429 5189 1553 5272 prelata
1567 5186 1743 5253 irerelitrrte
1758 5185 1893 5267 collutis,
1914 5185 2008 5270 pleno

446 5286 514 5354 ¹uru
540 5286 815 5355 Tireutorricnnrm.
863 5289 929 5354 Nos
960 5310 1033 5355 vens
1063 5291 1296 5374 progenitorum
1324 5298 1505 5357 rrostmrum
1535 5290 1734 5356 rleroeionem
1762 5308 1856 5373 quum
1883 5309 2008 5374 semper

1800 5410 1852 5466 40*
