4860 6180
1732 325 1740 343 ,
1850 241 1926 318 aaa

376 454 448 522 moy
473 434 618 522 sponte,
646 413 847 526 piatonem
879 438 958 509 utos:
991 437 1325 527 montetenso
1351 439 1390 510 ue
1419 441 1519 525 nna
1546 442 1664 511 norea
1689 442 1861 512 mesano
1886 441 1927 510 se

377 538 495 623 lenda,
518 540 646 609 Andreu
666 543 838 611 metelluno
859 543 900 611 de
922 542 1036 624 Nulrel,
1059 544 1177 612 Bozcta
1204 545 1376 614 castellano
1397 546 1436 612 dc
1457 543 1555 628 Galo,
1587 546 1741 615 Bervoldo
1767 547 1927 633 pincerna,

376 642 542 728 Bogumdo
561 642 703 729 dapifero
724 647 911 729 Gnecncusi,
934 652 969 713 et
988 647 1060 714 aliis
1079 667 1173 732 quam
1194 648 1336 734 pluribus
1358 647 1419 715 lide
1439 648 1553 731 dignis.

480 861 599 948 lauda,
623 867 695 951 ded
740 866 855 952 Nakel,
877 872 987 936 Nullo.
1031 867 1129 953 Gedc,
1157 873 1254 936 eretz,

1047 1183 1121 1269 Nr.
1152 1179 1253 1269 483.

481 1373 604 1458 domm
629 1374 840 1482 Woycapob
873 1378 917 1462 do
950 1377 1079 1462 Stenae
1111 1383 1240 1462 1278
1274 1376 1370 1482 Sept
1399 1382 1612 1484 20,s.1.;
1644 1402 1852 1481 protestatur,
1890 1418 1928 1466 so
1999 1430 2007 1444 ·

378 1494 563 1666 am
584 1493 766 1580 Laurentio,
788 1497 908 1567 Jacobs
928 1506 963 1568 et
983 1500 1114 1569 Nicolao
1131 1500 1211 1568 duos
1230 1518 1358 1568 mansos
1379 1499 1518 1568 feudales
1539 1503 1573 1569 in
1594 1501 1670 1568 villa
1690 1501 1838 1568 Scsauiec
1853 1519 1927 1570 con·

481 1705 623 1784 Booodn.
670 1706 843 1773 edendo.
889 1709 1032 1784 Medic,
1054 1709 1118 1775 stt.
1136 1711 1235 1788 privil.
1257 1709 1312 1773 nr.
1333 1707 1385 1773 48.

358 1912 360 1916 ’
480 1921 519 1992 ln
549 1924 676 1993 nomine
706 1931 815 1994 sancte
847 1932 882 1995 et
907 1927 1066 1997 individue
1093 1928 1259 1996 ‘liiuitatis
1288 1947 1390 1997 amen.
1436 1925 1516 1995 cum
1545 1927 1653 2010 poclm
1681 1927 1726 1994 sit
1753 1926 1929 1996 dinnitatis

353 2042 473 2110 ⁴(pureum
493 2025 702 2095 humanitatis
723 2027 848 2112 singula
869 2037 1023 2115 perpetuo
1043 2031 1192 2100 memorie
1213 2032 1440 2112 commendare,
1461 2029 1532 2096 ideo
1548 2029 1627 2096 utile
1640 2028 1929 2112 animadvertimus,
2043 2031 2047 2039 ’

377 2132 450 2196 acta
471 2146 676 2213 personarum
698 2130 861 2198 literarum
883 2134 1033 2200 memorie
1052 2133 1278 2202 commendare
1323 2133 1443 2201 Notum
1464 2132 1563 2216 igitur
1592 2131 1660 2199 lieri
1687 2131 1832 2199 volumus
1863 2138 1930 2199 nm

378 2228 576 2315 presentibus
595 2249 691 2315 quam
713 2229 829 2299 futuris
851 2242 1031 2316 presentem
1052 2236 1200 2320 peginam
1221 2235 1432 2316 oemennbos,
1454 2233 1539 2318 qued
1560 2251 1618 2300 nes
1632 2251 1736 2301 comes
1750 2232 1931 2318 Woycayelv

378 2332 418 2400 de
446 2331 559 2401 Stenae
584 2333 774 2401 obaudimus
803 2334 984 2419 prsdilectis
1009 2338 1107 2405 servis
1136 2341 1255 2407 nostris
1283 2339 1467 2420 Loumucio,
1494 2337 1610 2405 Iacobo
1637 2345 1672 2405 et
1698 2336 1830 2406 Nicolco
1851 2337 1931 2405 duos

378 2453 506 2504 mansos
525 2433 676 2519 feudales,
698 2436 776 2522 ipsis
794 2441 828 2503 e't
847 2439 984 2522 posteris
1005 2457 1123 2523 eorum,
1153 2442 1186 2509 in
1207 2442 1283 2509 villa
1310 2460 1372 2527 que
1399 2441 1496 2508 Stena
1521 2439 1695 2524 vulgariter
1719 2445 1929 2525 nuncupatur.

379 2537 439 2620 Ita,
458 2539 558 2608 ocbm
577 2538 638 2606 sub
669 2539 727 2607 tali
754 2540 920 2608 libertate:
953 2541 981 2608 si
1010 2541 1091 2610 iorto
1116 2545 1150 2610 in
1175 2551 1338 2629 posterum
1363 2544 1409 2611 eis
1434 2543 1591 2630 placuerit
1617 2543 1775 2628 predictos
1796 2542 1931 2612 vendere

379 2659 516 2724 mansos,
534 2641 653 2709 nullius
674 2642 878 2727 improbitate
896 2643 1001 2710 valeat
1017 2661 1125 2713 eorum
1146 2647 1265 2731 emptio
1285 2647 1440 2732 impediri.
1475 2645 1526 2714 Ne
1547 2664 1621 2730 ergo
1643 2663 1778 2730 pernes
1800 2663 1858 2714 seu
1873 2665 1932 2730 per

379 2751 504 2812 nostros
524 2744 665 2827 baronias,
683 2744 733 2812 vel
756 2745 853 2814 eciam
875 2765 1069 2815 successores
1090 2750 1179 2832 alios,
1206 2749 1384 2818 huiusmodi
1410 2749 1542 2818 oollecio
1570 2748 1677 2817 valeat
1704 2750 1845 2817 revocari
1872 2749 1930 2816 oli-

380 2854 535 2932 quatenns
555 2866 613 2915 scu
634 2848 763 2929 emensi,
789 2847 867 2933 ipsis
893 2850 926 2915 iu
952 2849 1135 2935 suffragium
1158 2852 1360 2919 evidentioris
1385 2851 1560 2918 testimmi
1588 2857 1765 2934 presentem
1787 2850 1929 2918 litteram

378 2951 596 3044 nostriflalgilli
615 2952 788 3019 munimine
806 2952 954 3019 duximus
975 2952 1193 3036 roborandam,
1216 2974 1287 3023 cum
1308 2954 1495 3037 subscriptis
1516 2953 1672 3020 testibus:
1696 2952 1833 3021 ilenrico
1858 2971 1929 3036 pre·

378 3053 462 3122 iacto
485 3053 628 3138 predicte
654 3053 739 3135 ville,
770 3053 939 3138 Peregrino
968 3054 1157 3137 tabernario,
1189 3055 1324 3125 Gerlaco
1348 3055 1414 3124 filio
1443 3053 1585 3141 proiecti,
1618 3054 1756 3122 ilenrico
1778 3053 1819 3122 de
1843 3052 1931 3121 Villa

379 3155 512 3224 elberti.
556 3156 649 3224 Anno
671 3155 797 3225 Domini
819 3157 986 3224 millesimo
1007 3157 1222 3225 ducentesimo
1242 3159 1472 3243 septuagesimo
1491 3163 1614 3239 octavo,
1645 3157 1679 3225 in
1699 3157 1807 3241 vigilia
1827 3147 1931 3224 saneti
1996 3178 2000 3188 ·

379 3256 516 3327 Mattlrci
535 3258 673 3343 apostoli
693 3266 727 3327 et
748 3259 940 3344 evangeliste
961 3266 1035 3327 acta
1056 3266 1131 3327 sunt
1145 3260 1211 3328 bea

483 3479 605 3564 Stenas,
627 3504 646 3548 z
666 3485 832 3548 ntmeclm
849 3487 979 3547 remim
1002 3486 1158 3549 Semniec.
1202 3480 1288 3549 Villa
1308 3479 1443 3564 Alberti,
1471 3481 1695 3559 Wojeiecbotve.

1053 3796 1126 3882 Nr.
1158 3790 1259 3881 484.

482 3993 641 4078 Promisi
667 3993 745 4077 dax
768 3991 920 4075 Polonie
948 3995 1081 4074 1278
1107 3991 1188 4076 ileo.
1216 3996 1290 4089 10,
1315 3990 1358 4072 in
1384 3987 1823 4091 cintutePosasniena13
1855 4024 1929 4074 oon·

380 4114 487 4182 firmat
507 4115 708 4182 donationem
727 4114 835 4181 curius
857 4132 929 4180 eum
950 4113 1101 4180 aediliciis
1118 4132 1156 4179 ac
1177 4110 1272 4179 rebus
1292 4110 1471 4191 mobilibus,
1490 4109 1607 4176 iactam
1633 4107 1674 4174 ab
1701 4107 1844 4175 Iohanne
1865 4127 1930 4175 me-

379 4217 450 4286 dica
471 4218 577 4285 domui
597 4215 731 4283 fratrum
753 4215 1010 4282 Praedicaterum
1032 4217 1064 4281 in
1086 4214 1223 4293 Poznub,
1245 4213 1400 4296 simulque
1415 4212 1541 4294 statuit,
1562 4216 1600 4278 ut
1620 4210 1752 4278 cuilibet
1765 4210 1805 4278 dc
1820 4209 1930 4278 eedem

381 4320 511 4387 civitate
528 4320 623 4386 lioent
644 4325 839 4385 testamento
858 4317 941 4383 bona
959 4335 1017 4383 suu
1038 4316 1145 4383 domui
1167 4316 1346 4400 praedictae
1367 4316 1538 4398 assignare.

485 4428 624 4502 Pernam.
645 4427 764 4501 emptos.
809 4423 937 4484 Dzbtrki
958 4424 999 4483 od
1017 4425 1251 4499 przymieszenia
1264 4417 1377 4496 stormy
1394 4420 1537 4502 pieczpci.

484 4525 620 4592 Ponant.
666 4529 770 4589 Prieil.
793 4528 937 4587 ecclesiae
955 4526 1092 4600 sretnen
1113 4526 1371 4586 Praedicatorwn.

483 4745 667 4813 innomine
688 4743 814 4811 Donnird
835 4761 937 4809 amen.
983 4739 1063 4808 Cum
1084 4743 1231 4825 cuiquam
1253 4740 1391 4808 bdelium
1413 4739 1508 4807 licem
1537 4737 1578 4807 de
1607 4736 1697 4805 bouis
1723 4737 1871 4821 suisque
1892 4737 1930 4805 li·

381 4846 454 4916 bere
474 4848 614 4933 possidet
635 4847 769 4914 continue
791 4850 1025 4925 testamentum,
1047 4863 1104 4910 nos
1127 4843 1258 4909 Promisi
1281 4842 1339 4908 Dei
1366 4844 1471 4926 gratio
1488 4842 1553 4909 dux
1581 4840 1710 4909 Polonie
1739 4846 1850 4907 notum
1877 4857 1931 4905 vo·

381 4949 484 5019 inmuni
505 4970 574 5018 esse
599 4950 753 5017 universis
782 4955 960 5032 presentem
985 4949 1129 5030 paginam
1158 4947 1356 5029 inspecturis,
1384 4945 1467 5027 quod
1494 4945 1622 5011 dominu
1646 4943 1787 5010 Iohanne
1809 4942 1931 5010 melica

382 5053 566 5122 decivitate
589 5052 801 5133 posnaniensi,
822 5069 950 5134 sempron
971 5051 1108 5116 resistens
1130 5049 1262 5116 rationis
1284 5053 1318 5113 et
1336 5048 1449 5129 iurttperi
1472 5065 1593 5127 senatun
1614 5064 1671 5128 pro
1691 5046 1798 5113 anime
1819 5051 1930 5110 suaet

382 5172 438 5238 pro
459 5157 596 5223 remolito
615 5173 744 5222 suorum
761 5156 974 5238 precaminum
996 5155 1115 5219 curialis
1137 5171 1225 5217 sertum
1247 5169 1319 5216 cunr
1345 5149 1475 5215 ‹vlilieiis
1498 5147 1643 5215 omnibns
1671 5164 1709 5213 ac
1737 5145 1832 5214 rebus
1858 5145 1930 5212 aliis
