<?xml version="1.0" encoding="UTF-8"?>
<!DOCTYPE html PUBLIC "-//W3C//DTD XHTML 1.0 Transitional//EN"
    "http://www.w3.org/TR/xhtml1/DTD/xhtml1-transitional.dtd">
<html xmlns="http://www.w3.org/1999/xhtml" xml:lang="en" lang="en">
 <head>
  <title>
</title>
<meta http-equiv="Content-Type" content="text/html;charset=utf-8" />
  <meta name='ocr-system' content='tesseract 3.04.00' />
  <meta name='ocr-capabilities' content='ocr_page ocr_carea ocr_par ocr_line ocrx_word'/>
</head>
<body>
  <div class='ocr_page' id='page_1' title='image "./codexdiplomatic03zakrgoog_0195.png"; bbox 0 0 4860 6180; ppageno 0'>
   <div class='ocr_carea' id='block_1_1' title="bbox 2056 245 2129 330">
    <p class='ocr_par' dir='ltr' id='par_1_1' title="bbox 2056 245 2129 330">
     <span class='ocr_line' id='line_1_1' title="bbox 2056 245 2129 330; baseline 0.11 -10"><span class='ocrx_word' id='word_1_1' title='bbox 2056 245 2129 330; x_wconf 81' lang='lat' dir='ltr'><strong>ult</strong></span> 
     </span>
    </p>
   </div>
   <div class='ocr_carea' id='block_1_2' title="bbox 504 395 2130 535">
    <p class='ocr_par' dir='ltr' id='par_1_2' title="bbox 504 395 2130 535">
     <span class='ocr_line' id='line_1_2' title="bbox 504 395 2130 535; baseline -0.003 -19"><span class='ocrx_word' id='word_1_2' title='bbox 504 395 507 401; x_wconf 47' lang='lat'>›</span> <span class='ocrx_word' id='word_1_3' title='bbox 583 468 622 516; x_wconf 73' lang='lat' dir='ltr'><strong>nu</strong></span> <span class='ocrx_word' id='word_1_4' title='bbox 645 442 838 535; x_wconf 56' lang='lat' dir='ltr'><strong>dapifero</strong></span> <span class='ocrx_word' id='word_1_5' title='bbox 858 451 970 513; x_wconf 76' lang='lat' dir='ltr'><strong>millu</strong></span> <span class='ocrx_word' id='word_1_6' title='bbox 989 445 1286 528; x_wconf 55' lang='lat' dir='ltr'><strong>doruvernenses</strong></span> <span class='ocrx_word' id='word_1_7' title='bbox 1305 453 1401 512; x_wconf 80' lang='lat' dir='ltr'><strong>oondn</strong></span> <span class='ocrx_word' id='word_1_8' title='bbox 1423 452 1487 513; x_wconf 82' lang='lat' dir='ltr'><strong>uod</strong></span> <span class='ocrx_word' id='word_1_9' title='bbox 1504 467 1551 513; x_wconf 73' lang='grc' dir='ltr'><strong>η.</strong></span> <span class='ocrx_word' id='word_1_10' title='bbox 1580 449 1688 511; x_wconf 83' lang='lat' dir='ltr'><strong>Warto</strong></span> <span class='ocrx_word' id='word_1_11' title='bbox 1708 467 1736 509; x_wconf 78' lang='lat' dir='ltr'><strong>ro</strong></span> <span class='ocrx_word' id='word_1_12' title='bbox 1753 449 1875 528; x_wconf 76' lang='lat' dir='ltr'><strong>poblite</strong></span> <span class='ocrx_word' id='word_1_13' title='bbox 1895 469 1933 515; x_wconf 82' lang='lat' dir='ltr'><strong>m.</strong></span> <span class='ocrx_word' id='word_1_14' title='bbox 1955 445 2130 528; x_wconf 66' lang='lat' dir='ltr'><strong>moreti,</strong></span> 
     </span>
    </p>
   </div>
   <div class='ocr_carea' id='block_1_3' title="bbox 584 547 2130 824">
    <p class='ocr_par' dir='ltr' id='par_1_3' title="bbox 584 547 2130 824">
     <span class='ocr_line' id='line_1_3' title="bbox 584 547 2130 639; baseline -0.001 -21"><span class='ocrx_word' id='word_1_15' title='bbox 584 551 651 618; x_wconf 76' lang='lat' dir='ltr'><strong>dall</strong></span> <span class='ocrx_word' id='word_1_16' title='bbox 667 554 768 638; x_wconf 68' lang='lat' dir='ltr'><strong>objpto</strong></span> <span class='ocrx_word' id='word_1_17' title='bbox 787 573 815 615; x_wconf 79' lang='lat' dir='ltr'><strong>nr</strong></span> <span class='ocrx_word' id='word_1_18' title='bbox 843 554 974 634; x_wconf 76' lang='lat' dir='ltr'><strong>oleudrp</strong></span> <span class='ocrx_word' id='word_1_19' title='bbox 995 549 1197 639; x_wconf 71' lang='lat' dir='ltr'><strong>Ilqbromlcte.</strong></span> <span class='ocrx_word' id='word_1_20' title='bbox 1231 549 1398 634; x_wconf 80' lang='lat' dir='ltr'><strong>Poloviuia,</strong></span> <span class='ocrx_word' id='word_1_21' title='bbox 1426 554 1566 617; x_wconf 77' lang='lat' dir='ltr'><strong>Puluioe.</strong></span> <span class='ocrx_word' id='word_1_22' title='bbox 1599 547 1774 633; x_wconf 80' lang='lat' dir='ltr'><strong>Cunaruke,</strong></span> <span class='ocrx_word' id='word_1_23' title='bbox 1802 554 1976 616; x_wconf 72' lang='lat' dir='ltr'><strong>reuersae.</strong></span> <span class='ocrx_word' id='word_1_24' title='bbox 2010 548 2130 630; x_wconf 74' lang='lat' dir='ltr'><strong>Gonia.</strong></span> 
     </span>
     <span class='ocr_line' id='line_1_4' title="bbox 584 639 2130 756; baseline -0.001 -35"><span class='ocrx_word' id='word_1_25' title='bbox 584 639 651 721; x_wconf 76' lang='lat' dir='ltr'><strong>dall</strong></span> <span class='ocrx_word' id='word_1_26' title='bbox 676 653 766 720; x_wconf 80' lang='lat' dir='ltr'><strong>ddru</strong></span> <span class='ocrx_word' id='word_1_27' title='bbox 803 652 973 738; x_wconf 64' lang='lat' dir='ltr'><strong>Soboumm</strong></span> <span class='ocrx_word' id='word_1_28' title='bbox 1002 653 1069 719; x_wconf 74' lang='lat' dir='ltr'><strong>deit</strong></span> <span class='ocrx_word' id='word_1_29' title='bbox 1097 656 1180 718; x_wconf 72' lang='lat' dir='ltr'><strong>mole</strong></span> <span class='ocrx_word' id='word_1_30' title='bbox 1211 655 1331 720; x_wconf 69' lang='lat' dir='ltr'><strong>sance</strong></span> <span class='ocrx_word' id='word_1_31' title='bbox 1356 657 1406 721; x_wconf 77' lang='lat' dir='ltr'><strong>deb</strong></span> <span class='ocrx_word' id='word_1_32' title='bbox 1428 658 1592 736; x_wconf 73' lang='lat' dir='ltr'><strong>Sopomioe.</strong></span> <span class='ocrx_word' id='word_1_33' title='bbox 1630 651 1776 738; x_wconf 85' lang='lat' dir='ltr'><strong>Sworioe,</strong></span> <span class='ocrx_word' id='word_1_34' title='bbox 1805 657 1972 736; x_wconf 75' lang='lat' dir='ltr'><strong>Suorzpoe.</strong></span> <span class='ocrx_word' id='word_1_35' title='bbox 2009 651 2130 756; x_wconf 71' lang='lat' dir='ltr'><strong>Hodoi,</strong></span> 
     </span>
     <span class='ocr_line' id='line_1_5' title="bbox 586 759 1562 824; baseline -0.011 0"><span class='ocrx_word' id='word_1_36' title='bbox 586 759 719 824; x_wconf 70' lang='lat' dir='ltr'><strong>Modrza</strong></span> <span class='ocrx_word' id='word_1_37' title='bbox 1529 765 1562 814; x_wconf 80' lang='lat'><strong>.·</strong></span> 
     </span>
    </p>
   </div>
   <div class='ocr_carea' id='block_1_4' title="bbox 1254 965 1461 1056">
    <p class='ocr_par' dir='ltr' id='par_1_4' title="bbox 1254 965 1461 1056">
     <span class='ocr_line' id='line_1_6' title="bbox 1254 965 1461 1056; baseline 0.014 -3"><span class='ocrx_word' id='word_1_38' title='bbox 1254 966 1329 1054; x_wconf 84' lang='lat' dir='ltr'><strong>Nn.</strong></span> <span class='ocrx_word' id='word_1_39' title='bbox 1361 965 1461 1056; x_wconf 83' lang='lat'><strong>352.</strong></span> 
     </span>
    </p>
   </div>
   <div class='ocr_carea' id='block_1_5' title="bbox 583 1162 2161 1576">
    <p class='ocr_par' dir='ltr' id='par_1_5' title="bbox 583 1162 2131 1472">
     <span class='ocr_line' id='line_1_7' title="bbox 687 1162 2130 1270; baseline -0.001 -23"><span class='ocrx_word' id='word_1_40' title='bbox 687 1162 847 1247; x_wconf 85' lang='lat' dir='ltr'><strong>Promlsl</strong></span> <span class='ocrx_word' id='word_1_41' title='bbox 873 1163 950 1246; x_wconf 84' lang='lat' dir='ltr'><strong>dux</strong></span> <span class='ocrx_word' id='word_1_42' title='bbox 976 1163 1124 1247; x_wconf 88' lang='lat' dir='ltr'><strong>Polouio</strong></span> <span class='ocrx_word' id='word_1_43' title='bbox 1151 1168 1284 1245; x_wconf 75' lang='lat'>1257</span> <span class='ocrx_word' id='word_1_44' title='bbox 1310 1185 1338 1246; x_wconf 89' lang='lat' dir='ltr'><strong>s.</strong></span> <span class='ocrx_word' id='word_1_45' title='bbox 1366 1167 1410 1265; x_wconf 86' lang='lat' dir='ltr'><strong>d,</strong></span> <span class='ocrx_word' id='word_1_46' title='bbox 1436 1166 1479 1250; x_wconf 91' lang='lat' dir='ltr'><strong>in</strong></span> <span class='ocrx_word' id='word_1_47' title='bbox 1504 1168 1670 1270; x_wconf 71' lang='lat' dir='ltr'><strong>romam</strong></span> <span class='ocrx_word' id='word_1_48' title='bbox 1692 1183 1856 1253; x_wconf 68' lang='lat' dir='ltr'><strong>enorme</strong></span> <span class='ocrx_word' id='word_1_49' title='bbox 1873 1179 2063 1248; x_wconf 73' lang='lat' dir='ltr'><strong>monasterio</strong></span> <span class='ocrx_word' id='word_1_50' title='bbox 2077 1178 2130 1247; x_wconf 76' lang='lat' dir='ltr'><strong>Fr.</strong></span> 
     </span>
     <span class='ocr_line' id='line_1_8' title="bbox 583 1282 2131 1373; baseline -0.004 -20"><span class='ocrx_word' id='word_1_51' title='bbox 583 1283 838 1353; x_wconf 81' lang='lat' dir='ltr'><strong>Praedioutorum</strong></span> <span class='ocrx_word' id='word_1_52' title='bbox 859 1284 892 1349; x_wconf 90' lang='lat' dir='ltr'><strong>in</strong></span> <span class='ocrx_word' id='word_1_53' title='bbox 916 1284 1044 1352; x_wconf 85' lang='lat' dir='ltr'><strong>Poznari</strong></span> <span class='ocrx_word' id='word_1_54' title='bbox 1072 1284 1301 1368; x_wconf 85' lang='lat' dir='ltr'><strong>possessionem</strong></span> <span class='ocrx_word' id='word_1_55' title='bbox 1333 1285 1502 1354; x_wconf 82' lang='lat' dir='ltr'><strong>molendini</strong></span> <span class='ocrx_word' id='word_1_56' title='bbox 1530 1308 1626 1373; x_wconf 87' lang='lat' dir='ltr'><strong>super</strong></span> <span class='ocrx_word' id='word_1_57' title='bbox 1653 1288 1768 1355; x_wconf 87' lang='lat' dir='ltr'><strong>flumen</strong></span> <span class='ocrx_word' id='word_1_58' title='bbox 1795 1283 1925 1353; x_wconf 82' lang='lat' dir='ltr'><strong>Rudnilu</strong></span> <span class='ocrx_word' id='word_1_59' title='bbox 1950 1282 2015 1365; x_wconf 88' lang='lat' dir='ltr'><strong>siti,</strong></span> <span class='ocrx_word' id='word_1_60' title='bbox 2047 1282 2131 1367; x_wconf 89' lang='lat' dir='ltr'><strong>quod</strong></span> 
     </span>
     <span class='ocr_line' id='line_1_9' title="bbox 583 1387 1646 1472; baseline 0.003 -15"><span class='ocrx_word' id='word_1_61' title='bbox 583 1387 683 1457; x_wconf 80' lang='lat' dir='ltr'><strong>buter</strong></span> <span class='ocrx_word' id='word_1_62' title='bbox 702 1405 779 1456; x_wconf 89' lang='lat' dir='ltr'><strong>suus</strong></span> <span class='ocrx_word' id='word_1_63' title='bbox 800 1387 965 1456; x_wconf 87' lang='lat' dir='ltr'><strong>Boleslaus</strong></span> <span class='ocrx_word' id='word_1_64' title='bbox 985 1388 1051 1455; x_wconf 84' lang='lat' dir='ltr'><strong>dux</strong></span> <span class='ocrx_word' id='word_1_65' title='bbox 1072 1388 1262 1455; x_wconf 79' lang='lat' dir='ltr'><strong>monasterio</strong></span> <span class='ocrx_word' id='word_1_66' title='bbox 1284 1388 1445 1472; x_wconf 87' lang='lat' dir='ltr'><strong>praedicto</strong></span> <span class='ocrx_word' id='word_1_67' title='bbox 1465 1390 1646 1460; x_wconf 84' lang='lat' dir='ltr'><strong>donaverat</strong></span> 
     </span>
    </p>

    <p class='ocr_par' dir='ltr' id='par_1_6' title="bbox 686 1478 2161 1576">
     <span class='ocr_line' id='line_1_10' title="bbox 686 1478 2161 1576; baseline -0.002 -18"><span class='ocrx_word' id='word_1_68' title='bbox 686 1490 824 1559; x_wconf 71' lang='lat' dir='ltr'><strong>masaa.</strong></span> <span class='ocrx_word' id='word_1_69' title='bbox 848 1478 975 1573; x_wconf 59' lang='lat' dir='ltr'><strong>&#39;libarint</strong></span> <span class='ocrx_word' id='word_1_70' title='bbox 1007 1495 1115 1558; x_wconf 79' lang='lat' dir='ltr'><strong>Stoote</strong></span> <span class='ocrx_word' id='word_1_71' title='bbox 1135 1496 1254 1559; x_wconf 55' lang='lat' dir='ltr'><strong>bebio.</strong></span> <span class='ocrx_word' id='word_1_72' title='bbox 1273 1493 1363 1557; x_wconf 80' lang='lat' dir='ltr'><strong>Liber</strong></span> <span class='ocrx_word' id='word_1_73' title='bbox 1379 1497 1518 1576; x_wconf 64' lang='lat' dir='ltr'><strong>prienen.</strong></span> <span class='ocrx_word' id='word_1_74' title='bbox 1541 1498 1685 1562; x_wconf 72' lang='lat' dir='ltr'><strong>cocleae</strong></span> <span class='ocrx_word' id='word_1_75' title='bbox 1703 1497 1756 1561; x_wconf 72' lang='lat' dir='ltr'><strong>db.</strong></span> <span class='ocrx_word' id='word_1_76' title='bbox 1779 1491 1989 1560; x_wconf 71' lang='lat' dir='ltr'><strong>Praedicator.</strong></span> <span class='ocrx_word' id='word_1_77' title='bbox 2011 1493 2131 1556; x_wconf 69' lang='lat' dir='ltr'><strong>Poeto-</strong></span> <span class='ocrx_word' id='word_1_78' title='bbox 2156 1546 2161 1555; x_wconf 94' lang='lat'>.</span> 
     </span>
    </p>
   </div>
   <div class='ocr_carea' id='block_1_6' title="bbox 584 1596 2132 1870">
    <p class='ocr_par' dir='ltr' id='par_1_7' title="bbox 584 1596 2132 1870">
     <span class='ocr_line' id='line_1_11' title="bbox 584 1596 1032 1677; baseline 0.004 -16"><span class='ocrx_word' id='word_1_79' title='bbox 584 1597 680 1663; x_wconf 64' lang='lat' dir='ltr'><strong>mm.</strong></span> <span class='ocrx_word' id='word_1_80' title='bbox 701 1596 886 1671; x_wconf 66' lang='lat' dir='ltr'><strong>umora,</strong></span> <span class='ocrx_word' id='word_1_81' title='bbox 906 1614 979 1677; x_wconf 72' lang='lat' dir='ltr'><strong>pop.</strong></span> <span class='ocrx_word' id='word_1_82' title='bbox 1001 1597 1032 1663; x_wconf 88' lang='lat'><strong>1.</strong></span> 
     </span>
     <span class='ocr_line' id='line_1_12' title="bbox 685 1779 2132 1870; baseline 0.003 -20"><span class='ocrx_word' id='word_1_83' title='bbox 685 1779 725 1850; x_wconf 92' lang='lat' dir='ltr'><strong>Iu</strong></span> <span class='ocrx_word' id='word_1_84' title='bbox 742 1781 869 1851; x_wconf 87' lang='lat' dir='ltr'><strong>nomine</strong></span> <span class='ocrx_word' id='word_1_85' title='bbox 886 1781 1012 1849; x_wconf 88' lang='lat' dir='ltr'><strong>Domini</strong></span> <span class='ocrx_word' id='word_1_86' title='bbox 1034 1782 1137 1850; x_wconf 84' lang='lat' dir='ltr'><strong>nostri</strong></span> <span class='ocrx_word' id='word_1_87' title='bbox 1157 1800 1259 1850; x_wconf 86' lang='lat' dir='ltr'><strong>amen.</strong></span> <span class='ocrx_word' id='word_1_88' title='bbox 1289 1784 1373 1851; x_wconf 80' lang='lat' dir='ltr'><strong>Aeta</strong></span> <span class='ocrx_word' id='word_1_89' title='bbox 1389 1784 1565 1870; x_wconf 77' lang='lat' dir='ltr'><strong>principum</strong></span> <span class='ocrx_word' id='word_1_90' title='bbox 1579 1789 1614 1853; x_wconf 92' lang='lat' dir='ltr'><strong>et</strong></span> <span class='ocrx_word' id='word_1_91' title='bbox 1627 1783 1752 1853; x_wconf 83' lang='lat' dir='ltr'><strong>iusticie</strong></span> <span class='ocrx_word' id='word_1_92' title='bbox 1769 1783 1930 1852; x_wconf 76' lang='lat' dir='ltr'><strong>tramitem</strong></span> <span class='ocrx_word' id='word_1_93' title='bbox 1950 1786 1985 1851; x_wconf 89' lang='lat' dir='ltr'><strong>et</strong></span> <span class='ocrx_word' id='word_1_94' title='bbox 2003 1783 2132 1870; x_wconf 84' lang='lat' dir='ltr'><strong>pietatis</strong></span> 
     </span>
    </p>
   </div>
   <div class='ocr_carea' id='block_1_7' title="bbox 470 1884 2131 1970">
    <p class='ocr_par' dir='ltr' id='par_1_8' title="bbox 470 1884 2131 1970">
     <span class='ocr_line' id='line_1_13' title="bbox 470 1884 2131 1970; baseline -0.001 -16"><span class='ocrx_word' id='word_1_95' title='bbox 470 1895 474 1902; x_wconf 84' lang='grc'><strong>’</strong></span> <span class='ocrx_word' id='word_1_96' title='bbox 582 1885 616 1954; x_wconf 87' lang='lat' dir='ltr'><strong>iu</strong></span> <span class='ocrx_word' id='word_1_97' title='bbox 637 1902 672 1953; x_wconf 86' lang='lat' dir='ltr'><strong>se</strong></span> <span class='ocrx_word' id='word_1_98' title='bbox 692 1884 809 1954; x_wconf 89' lang='lat' dir='ltr'><strong>debent</strong></span> <span class='ocrx_word' id='word_1_99' title='bbox 828 1884 980 1952; x_wconf 90' lang='lat' dir='ltr'><strong>intuitum</strong></span> <span class='ocrx_word' id='word_1_100' title='bbox 1002 1885 1173 1967; x_wconf 82' lang='lat' dir='ltr'><strong>continere,</strong></span> <span class='ocrx_word' id='word_1_101' title='bbox 1197 1890 1235 1951; x_wconf 90' lang='lat' dir='ltr'><strong>ut</strong></span> <span class='ocrx_word' id='word_1_102' title='bbox 1255 1903 1313 1969; x_wconf 85' lang='lat' dir='ltr'><strong>per</strong></span> <span class='ocrx_word' id='word_1_103' title='bbox 1333 1885 1488 1953; x_wconf 87' lang='lat' dir='ltr'><strong>iustitium</strong></span> <span class='ocrx_word' id='word_1_104' title='bbox 1508 1887 1634 1970; x_wconf 75' lang='lat' dir='ltr'><strong>equitas</strong></span> <span class='ocrx_word' id='word_1_105' title='bbox 1655 1892 1857 1955; x_wconf 82' lang='lat' dir='ltr'><strong>oonservetur</strong></span> <span class='ocrx_word' id='word_1_106' title='bbox 1877 1885 1919 1953; x_wconf 88' lang='lat' dir='ltr'><strong>ud</strong></span> <span class='ocrx_word' id='word_1_107' title='bbox 1939 1903 2057 1968; x_wconf 67' lang='lat' dir='ltr'><strong>omnm,</strong></span> <span class='ocrx_word' id='word_1_108' title='bbox 2074 1904 2131 1970; x_wconf 91' lang='lat' dir='ltr'><strong>per</strong></span> 
     </span>
    </p>
   </div>
   <div class='ocr_carea' id='block_1_8' title="bbox 582 1987 2133 2074">
    <p class='ocr_par' dir='ltr' id='par_1_9' title="bbox 582 1987 2133 2074">
     <span class='ocr_line' id='line_1_14' title="bbox 582 1987 2133 2074; baseline 0 -19"><span class='ocrx_word' id='word_1_109' title='bbox 582 1987 736 2074; x_wconf 85' lang='lat' dir='ltr'><strong>pietatem</strong></span> <span class='ocrx_word' id='word_1_110' title='bbox 760 2007 836 2057; x_wconf 83' lang='lat' dir='ltr'><strong>vero</strong></span> <span class='ocrx_word' id='word_1_111' title='bbox 864 1988 979 2055; x_wconf 90' lang='lat' dir='ltr'><strong>oeleste</strong></span> <span class='ocrx_word' id='word_1_112' title='bbox 1004 1988 1160 2073; x_wconf 82' lang='lat' dir='ltr'><strong>premium</strong></span> <span class='ocrx_word' id='word_1_113' title='bbox 1186 1988 1378 2072; x_wconf 76' lang='lat' dir='ltr'><strong>requiratur.</strong></span> <span class='ocrx_word' id='word_1_114' title='bbox 1422 1989 1506 2058; x_wconf 84' lang='lat' dir='ltr'><strong>Hine</strong></span> <span class='ocrx_word' id='word_1_115' title='bbox 1526 1995 1578 2058; x_wconf 87' lang='lat' dir='ltr'><strong>est</strong></span> <span class='ocrx_word' id='word_1_116' title='bbox 1602 1991 1687 2074; x_wconf 86' lang='lat' dir='ltr'><strong>qnod</strong></span> <span class='ocrx_word' id='word_1_117' title='bbox 1707 2008 1765 2057; x_wconf 88' lang='lat' dir='ltr'><strong>nos</strong></span> <span class='ocrx_word' id='word_1_118' title='bbox 1790 1988 1926 2057; x_wconf 78' lang='lat' dir='ltr'><strong>Premiul</strong></span> <span class='ocrx_word' id='word_1_119' title='bbox 1946 1987 2006 2055; x_wconf 88' lang='lat' dir='ltr'><strong>Dei</strong></span> <span class='ocrx_word' id='word_1_120' title='bbox 2025 1988 2133 2073; x_wconf 77' lang='lat' dir='ltr'><strong>gracia</strong></span> 
     </span>
    </p>
   </div>
   <div class='ocr_carea' id='block_1_9' title="bbox 447 2089 2132 2175">
    <p class='ocr_par' dir='ltr' id='par_1_10' title="bbox 447 2089 2132 2175">
     <span class='ocr_line' id='line_1_15' title="bbox 447 2089 2132 2175; baseline -0.001 -15"><span class='ocrx_word' id='word_1_121' title='bbox 447 2133 450 2138; x_wconf 95' lang='lat'>-</span> <span class='ocrx_word' id='word_1_122' title='bbox 581 2091 647 2160; x_wconf 85' lang='lat' dir='ltr'><strong>dux</strong></span> <span class='ocrx_word' id='word_1_123' title='bbox 666 2090 807 2173; x_wconf 84' lang='lat' dir='ltr'><strong>Polonie‚</strong></span> <span class='ocrx_word' id='word_1_124' title='bbox 828 2096 995 2175; x_wconf 75' lang='lat' dir='ltr'><strong>postquam</strong></span> <span class='ocrx_word' id='word_1_125' title='bbox 1013 2090 1169 2158; x_wconf 80' lang='lat' dir='ltr'><strong>veraciter</strong></span> <span class='ocrx_word' id='word_1_126' title='bbox 1190 2091 1387 2175; x_wconf 86' lang='lat' dir='ltr'><strong>peroepimus</strong></span> <span class='ocrx_word' id='word_1_127' title='bbox 1401 2091 1486 2175; x_wconf 88' lang='lat' dir='ltr'><strong>quod</strong></span> <span class='ocrx_word' id='word_1_128' title='bbox 1498 2091 1597 2159; x_wconf 84' lang='lat' dir='ltr'><strong>irater</strong></span> <span class='ocrx_word' id='word_1_129' title='bbox 1610 2098 1719 2160; x_wconf 85' lang='lat' dir='ltr'><strong>noster</strong></span> <span class='ocrx_word' id='word_1_130' title='bbox 1731 2091 1865 2159; x_wconf 83' lang='lat' dir='ltr'><strong>illustris</strong></span> <span class='ocrx_word' id='word_1_131' title='bbox 1886 2089 1952 2157; x_wconf 88' lang='lat' dir='ltr'><strong>dux</strong></span> <span class='ocrx_word' id='word_1_132' title='bbox 1968 2089 2132 2158; x_wconf 84' lang='lat' dir='ltr'><strong>Boleslaus</strong></span> 
     </span>
    </p>
   </div>
   <div class='ocr_carea' id='block_1_10' title="bbox 506 2190 2145 4738">
    <p class='ocr_par' dir='ltr' id='par_1_11' title="bbox 506 2190 2145 4738">
     <span class='ocr_line' id='line_1_16' title="bbox 582 2190 2132 2279; baseline -0.001 -16"><span class='ocrx_word' id='word_1_133' title='bbox 582 2193 796 2263; x_wconf 76' lang='lat' dir='ltr'><strong>molendinum</strong></span> <span class='ocrx_word' id='word_1_134' title='bbox 816 2193 901 2279; x_wconf 89' lang='lat' dir='ltr'><strong>quod</strong></span> <span class='ocrx_word' id='word_1_135' title='bbox 921 2195 1019 2261; x_wconf 88' lang='lat' dir='ltr'><strong>situm</strong></span> <span class='ocrx_word' id='word_1_136' title='bbox 1040 2199 1090 2261; x_wconf 88' lang='lat' dir='ltr'><strong>est</strong></span> <span class='ocrx_word' id='word_1_137' title='bbox 1107 2211 1203 2278; x_wconf 88' lang='lat' dir='ltr'><strong>super</strong></span> <span class='ocrx_word' id='word_1_138' title='bbox 1228 2191 1345 2261; x_wconf 86' lang='lat' dir='ltr'><strong>flumen</strong></span> <span class='ocrx_word' id='word_1_139' title='bbox 1372 2195 1428 2278; x_wconf 87' lang='lat' dir='ltr'><strong>qui</strong></span> <span class='ocrx_word' id='word_1_140' title='bbox 1450 2195 1580 2262; x_wconf 79' lang='lat' dir='ltr'><strong>Rudnik</strong></span> <span class='ocrx_word' id='word_1_141' title='bbox 1605 2195 1722 2262; x_wconf 88' lang='lat' dir='ltr'><strong>dieitur</strong></span> <span class='ocrx_word' id='word_1_142' title='bbox 1749 2211 1847 2279; x_wconf 85' lang='lat' dir='ltr'><strong>prope</strong></span> <span class='ocrx_word' id='word_1_143' title='bbox 1867 2192 2008 2275; x_wconf 78' lang='lat' dir='ltr'><strong>Poenae,</strong></span> <span class='ocrx_word' id='word_1_144' title='bbox 2031 2190 2132 2262; x_wconf 75' lang='lat' dir='ltr'><strong>boue</strong></span> 
     </span>
     <span class='ocr_line' id='line_1_17' title="bbox 582 2294 2131 2381; baseline -0.003 -15"><span class='ocrx_word' id='word_1_145' title='bbox 582 2301 692 2366; x_wconf 76' lang='lat' dir='ltr'><strong>uoeuo</strong></span> <span class='ocrx_word' id='word_1_146' title='bbox 712 2296 859 2365; x_wconf 78' lang='lat' dir='ltr'><strong>Boleslao</strong></span> <span class='ocrx_word' id='word_1_147' title='bbox 880 2301 999 2364; x_wconf 88' lang='lat' dir='ltr'><strong>terrum</strong></span> <span class='ocrx_word' id='word_1_148' title='bbox 1020 2314 1083 2381; x_wconf 90' lang='lat' dir='ltr'><strong>que</strong></span> <span class='ocrx_word' id='word_1_149' title='bbox 1104 2301 1155 2363; x_wconf 91' lang='lat' dir='ltr'><strong>est</strong></span> <span class='ocrx_word' id='word_1_150' title='bbox 1175 2314 1215 2362; x_wconf 85' lang='lat' dir='ltr'><strong>ex</strong></span> <span class='ocrx_word' id='word_1_151' title='bbox 1234 2295 1292 2362; x_wconf 90' lang='lat' dir='ltr'><strong>illa</strong></span> <span class='ocrx_word' id='word_1_152' title='bbox 1319 2300 1412 2380; x_wconf 84' lang='lat' dir='ltr'><strong>purte</strong></span> <span class='ocrx_word' id='word_1_153' title='bbox 1436 2296 1549 2365; x_wconf 84' lang='lat' dir='ltr'><strong>Warte</strong></span> <span class='ocrx_word' id='word_1_154' title='bbox 1573 2298 1638 2365; x_wconf 86' lang='lat' dir='ltr'><strong>sita</strong></span> <span class='ocrx_word' id='word_1_155' title='bbox 1658 2301 1735 2365; x_wconf 87' lang='lat' dir='ltr'><strong>tuno</strong></span> <span class='ocrx_word' id='word_1_156' title='bbox 1754 2301 1896 2376; x_wconf 83' lang='lat' dir='ltr'><strong>tenente,</strong></span> <span class='ocrx_word' id='word_1_157' title='bbox 1920 2294 2131 2381; x_wconf 65' lang='lat' dir='ltr'><strong>maturantes</strong></span> 
     </span>
     <span class='ocr_line' id='line_1_18' title="bbox 582 2397 2131 2484; baseline -0.001 -17"><span class='ocrx_word' id='word_1_158' title='bbox 582 2399 690 2483; x_wconf 74' lang='lat' dir='ltr'><strong>etlam</strong></span> <span class='ocrx_word' id='word_1_159' title='bbox 712 2399 797 2484; x_wconf 80' lang='lat' dir='ltr'><strong>quod</strong></span> <span class='ocrx_word' id='word_1_160' title='bbox 818 2397 913 2479; x_wconf 86' lang='lat' dir='ltr'><strong>iidem</strong></span> <span class='ocrx_word' id='word_1_161' title='bbox 933 2397 1049 2466; x_wconf 85' lang='lat' dir='ltr'><strong>fratres</strong></span> <span class='ocrx_word' id='word_1_162' title='bbox 1067 2397 1196 2466; x_wconf 80' lang='lat' dir='ltr'><strong>Ordinis</strong></span> <span class='ocrx_word' id='word_1_163' title='bbox 1218 2397 1456 2467; x_wconf 77' lang='lat' dir='ltr'><strong>Pr0dioatorum</strong></span> <span class='ocrx_word' id='word_1_164' title='bbox 1483 2400 1695 2468; x_wconf 80' lang='lat' dir='ltr'><strong>molendinum</strong></span> <span class='ocrx_word' id='word_1_165' title='bbox 1715 2398 1795 2466; x_wconf 90' lang='lat' dir='ltr'><strong>illud</strong></span> <span class='ocrx_word' id='word_1_166' title='bbox 1818 2397 1980 2466; x_wconf 87' lang='lat' dir='ltr'><strong>dedissent</strong></span> <span class='ocrx_word' id='word_1_167' title='bbox 2008 2398 2131 2466; x_wconf 78' lang='lat' dir='ltr'><strong>cuidam</strong></span> 
     </span>
     <span class='ocr_line' id='line_1_19' title="bbox 583 2499 2132 2586; baseline -0.002 -14"><span class='ocrx_word' id='word_1_168' title='bbox 583 2501 644 2572; x_wconf 83' lang='lat' dir='ltr'><strong>tivi</strong></span> <span class='ocrx_word' id='word_1_169' title='bbox 664 2501 705 2571; x_wconf 93' lang='lat' dir='ltr'><strong>de</strong></span> <span class='ocrx_word' id='word_1_170' title='bbox 724 2501 853 2569; x_wconf 85' lang='lat' dir='ltr'><strong>Pozuan</strong></span> <span class='ocrx_word' id='word_1_171' title='bbox 873 2500 1000 2569; x_wconf 88' lang='lat' dir='ltr'><strong>nomine</strong></span> <span class='ocrx_word' id='word_1_172' title='bbox 1021 2499 1181 2582; x_wconf 69' lang='lat' dir='ltr'><strong>Commo,</strong></span> <span class='ocrx_word' id='word_1_173' title='bbox 1203 2505 1271 2567; x_wconf 85' lang='lat' dir='ltr'><strong>tam</strong></span> <span class='ocrx_word' id='word_1_174' title='bbox 1292 2499 1334 2569; x_wconf 86' lang='lat' dir='ltr'><strong>ab</strong></span> <span class='ocrx_word' id='word_1_175' title='bbox 1354 2501 1424 2586; x_wconf 89' lang='lat' dir='ltr'><strong>ipso</strong></span> <span class='ocrx_word' id='word_1_176' title='bbox 1444 2519 1539 2586; x_wconf 86' lang='lat' dir='ltr'><strong>quam</strong></span> <span class='ocrx_word' id='word_1_177' title='bbox 1560 2499 1602 2568; x_wconf 90' lang='lat' dir='ltr'><strong>ub</strong></span> <span class='ocrx_word' id='word_1_178' title='bbox 1620 2501 1688 2570; x_wconf 89' lang='lat' dir='ltr'><strong>eius</strong></span> <span class='ocrx_word' id='word_1_179' title='bbox 1707 2502 1895 2586; x_wconf 68' lang='lat' dir='ltr'><strong>posteritate</strong></span> <span class='ocrx_word' id='word_1_180' title='bbox 1920 2501 1990 2570; x_wconf 83' lang='lat' dir='ltr'><strong>iure</strong></span> <span class='ocrx_word' id='word_1_181' title='bbox 2009 2499 2132 2569; x_wconf 82' lang='lat' dir='ltr'><strong>beredi-</strong></span> 
     </span>
     <span class='ocr_line' id='line_1_20' title="bbox 582 2601 2131 2689; baseline -0.002 -15"><span class='ocrx_word' id='word_1_182' title='bbox 582 2603 665 2674; x_wconf 79' lang='lat' dir='ltr'><strong>turlo</strong></span> <span class='ocrx_word' id='word_1_183' title='bbox 686 2608 784 2689; x_wconf 82' lang='lat' dir='ltr'><strong>atque</strong></span> <span class='ocrx_word' id='word_1_184' title='bbox 804 2608 957 2688; x_wconf 90' lang='lat' dir='ltr'><strong>perpetuo</strong></span> <span class='ocrx_word' id='word_1_185' title='bbox 977 2601 1215 2687; x_wconf 85' lang='lat' dir='ltr'><strong>possidendum,</strong></span> <span class='ocrx_word' id='word_1_186' title='bbox 1244 2607 1279 2670; x_wconf 89' lang='lat' dir='ltr'><strong>et</strong></span> <span class='ocrx_word' id='word_1_187' title='bbox 1303 2601 1365 2670; x_wconf 89' lang='lat' dir='ltr'><strong>boo</strong></span> <span class='ocrx_word' id='word_1_188' title='bbox 1389 2602 1429 2671; x_wconf 91' lang='lat' dir='ltr'><strong>de</strong></span> <span class='ocrx_word' id='word_1_189' title='bbox 1454 2621 1607 2672; x_wconf 89' lang='lat' dir='ltr'><strong>oonseusu</strong></span> <span class='ocrx_word' id='word_1_190' title='bbox 1628 2603 1722 2670; x_wconf 86' lang='lat' dir='ltr'><strong>simul</strong></span> <span class='ocrx_word' id='word_1_191' title='bbox 1751 2610 1786 2671; x_wconf 90' lang='lat' dir='ltr'><strong>et</strong></span> <span class='ocrx_word' id='word_1_192' title='bbox 1814 2603 2005 2672; x_wconf 72' lang='lat' dir='ltr'><strong>moenum</strong></span> <span class='ocrx_word' id='word_1_193' title='bbox 2022 2601 2131 2671; x_wconf 78' lang='lat' dir='ltr'><strong>lustris</strong></span> 
     </span>
     <span class='ocr_line' id='line_1_21' title="bbox 582 2704 2131 2789; baseline -0.002 -14"><span class='ocrx_word' id='word_1_194' title='bbox 582 2706 701 2775; x_wconf 72' lang='lat' dir='ltr'><strong>bosut:</strong></span> <span class='ocrx_word' id='word_1_195' title='bbox 736 2724 809 2774; x_wconf 87' lang='lat' dir='ltr'><strong>oum</strong></span> <span class='ocrx_word' id='word_1_196' title='bbox 828 2705 938 2773; x_wconf 85' lang='lat' dir='ltr'><strong>eudem</strong></span> <span class='ocrx_word' id='word_1_197' title='bbox 955 2723 1032 2789; x_wconf 89' lang='lat' dir='ltr'><strong>purs</strong></span> <span class='ocrx_word' id='word_1_198' title='bbox 1052 2710 1148 2787; x_wconf 84' lang='lat' dir='ltr'><strong>terre,</strong></span> <span class='ocrx_word' id='word_1_199' title='bbox 1169 2705 1322 2773; x_wconf 85' lang='lat' dir='ltr'><strong>divisione</strong></span> <span class='ocrx_word' id='word_1_200' title='bbox 1350 2705 1435 2773; x_wconf 88' lang='lat' dir='ltr'><strong>iuter</strong></span> <span class='ocrx_word' id='word_1_201' title='bbox 1453 2723 1512 2772; x_wconf 89' lang='lat' dir='ltr'><strong>nos</strong></span> <span class='ocrx_word' id='word_1_202' title='bbox 1532 2705 1572 2773; x_wconf 94' lang='lat' dir='ltr'><strong>de</strong></span> <span class='ocrx_word' id='word_1_203' title='bbox 1593 2707 1662 2774; x_wconf 87' lang='lat' dir='ltr'><strong>iure</strong></span> <span class='ocrx_word' id='word_1_204' title='bbox 1682 2704 1776 2788; x_wconf 74' lang='lat' dir='ltr'><strong>bots,</strong></span> <span class='ocrx_word' id='word_1_205' title='bbox 1797 2706 1846 2774; x_wconf 76' lang='lat' dir='ltr'><strong>ad</strong></span> <span class='ocrx_word' id='word_1_206' title='bbox 1868 2710 2012 2775; x_wconf 76' lang='lat' dir='ltr'><strong>nostum</strong></span> <span class='ocrx_word' id='word_1_207' title='bbox 2031 2705 2131 2773; x_wconf 90' lang='lat' dir='ltr'><strong>domi·</strong></span> 
     </span>
     <span class='ocr_line' id='line_1_22' title="bbox 581 2805 2131 2893; baseline -0.001 -16"><span class='ocrx_word' id='word_1_208' title='bbox 581 2809 669 2877; x_wconf 87' lang='lat' dir='ltr'><strong>nium</strong></span> <span class='ocrx_word' id='word_1_209' title='bbox 690 2807 877 2890; x_wconf 76' lang='lat' dir='ltr'><strong>devenisset,</strong></span> <span class='ocrx_word' id='word_1_210' title='bbox 898 2806 1100 2874; x_wconf 89' lang='lat' dir='ltr'><strong>donationem</strong></span> <span class='ocrx_word' id='word_1_211' title='bbox 1121 2807 1223 2890; x_wconf 87' lang='lat' dir='ltr'><strong>ipsum</strong></span> <span class='ocrx_word' id='word_1_212' title='bbox 1244 2812 1321 2875; x_wconf 90' lang='lat' dir='ltr'><strong>tuno</strong></span> <span class='ocrx_word' id='word_1_213' title='bbox 1341 2805 1460 2875; x_wconf 69' lang='lat' dir='ltr'><strong>iseum</strong></span> <span class='ocrx_word' id='word_1_214' title='bbox 1480 2826 1538 2891; x_wconf 85' lang='lat' dir='ltr'><strong>per</strong></span> <span class='ocrx_word' id='word_1_215' title='bbox 1557 2807 1690 2876; x_wconf 77' lang='lat' dir='ltr'><strong>bairam</strong></span> <span class='ocrx_word' id='word_1_216' title='bbox 1707 2813 1851 2876; x_wconf 83' lang='lat' dir='ltr'><strong>nostrum</strong></span> <span class='ocrx_word' id='word_1_217' title='bbox 1871 2806 2022 2876; x_wconf 75' lang='lat' dir='ltr'><strong>buuibus</strong></span> <span class='ocrx_word' id='word_1_218' title='bbox 2041 2825 2131 2893; x_wconf 89' lang='lat' dir='ltr'><strong>sepe·</strong></span> 
     </span>
     <span class='ocr_line' id='line_1_23' title="bbox 581 2909 2130 2996; baseline 0 -18"><span class='ocrx_word' id='word_1_219' title='bbox 581 2910 677 2980; x_wconf 84' lang='lat' dir='ltr'><strong>dietis</strong></span> <span class='ocrx_word' id='word_1_220' title='bbox 694 2917 729 2979; x_wconf 90' lang='lat' dir='ltr'><strong>et</strong></span> <span class='ocrx_word' id='word_1_221' title='bbox 747 2929 806 2996; x_wconf 85' lang='lat' dir='ltr'><strong>per</strong></span> <span class='ocrx_word' id='word_1_222' title='bbox 824 2909 940 2978; x_wconf 85' lang='lat' dir='ltr'><strong>fratres</strong></span> <span class='ocrx_word' id='word_1_223' title='bbox 966 2910 1028 2978; x_wconf 82' lang='lat' dir='ltr'><strong>civi</strong></span> <span class='ocrx_word' id='word_1_224' title='bbox 1048 2910 1112 2977; x_wconf 83' lang='lat' dir='ltr'><strong>iam</strong></span> <span class='ocrx_word' id='word_1_225' title='bbox 1137 2909 1223 2976; x_wconf 88' lang='lat' dir='ltr'><strong>dioto</strong></span> <span class='ocrx_word' id='word_1_226' title='bbox 1257 2909 1414 2978; x_wconf 86' lang='lat' dir='ltr'><strong>noluimus</strong></span> <span class='ocrx_word' id='word_1_227' title='bbox 1438 2909 1571 2992; x_wconf 81' lang='lat' dir='ltr'><strong>uiolare,</strong></span> <span class='ocrx_word' id='word_1_228' title='bbox 1599 2910 1677 2995; x_wconf 81' lang='lat' dir='ltr'><strong>quin</strong></span> <span class='ocrx_word' id='word_1_229' title='bbox 1703 2910 1821 2996; x_wconf 86' lang='lat' dir='ltr'><strong>potius</strong></span> <span class='ocrx_word' id='word_1_230' title='bbox 1836 2915 1940 2977; x_wconf 87' lang='lat' dir='ltr'><strong>ratam</strong></span> <span class='ocrx_word' id='word_1_231' title='bbox 1968 2909 2130 2995; x_wconf 65' lang='lat' dir='ltr'><strong>habenta,</strong></span> 
     </span>
     <span class='ocr_line' id='line_1_24' title="bbox 581 3011 2131 3098; baseline -0.001 -15"><span class='ocrx_word' id='word_1_232' title='bbox 581 3013 666 3083; x_wconf 88' lang='lat' dir='ltr'><strong>idern</strong></span> <span class='ocrx_word' id='word_1_233' title='bbox 686 3012 898 3083; x_wconf 78' lang='lat' dir='ltr'><strong>molendinum</strong></span> <span class='ocrx_word' id='word_1_234' title='bbox 919 3011 1072 3081; x_wconf 69' lang='lat' dir='ltr'><strong>manibus</strong></span> <span class='ocrx_word' id='word_1_235' title='bbox 1092 3011 1211 3079; x_wconf 87' lang='lat' dir='ltr'><strong>eisdem</strong></span> <span class='ocrx_word' id='word_1_236' title='bbox 1229 3011 1372 3080; x_wconf 88' lang='lat' dir='ltr'><strong>dedimus</strong></span> <span class='ocrx_word' id='word_1_237' title='bbox 1389 3013 1524 3093; x_wconf 84' lang='lat' dir='ltr'><strong>iterato;</strong></span> <span class='ocrx_word' id='word_1_238' title='bbox 1543 3011 1684 3081; x_wconf 80' lang='lat' dir='ltr'><strong>uolentes</strong></span> <span class='ocrx_word' id='word_1_239' title='bbox 1705 3017 1741 3080; x_wconf 91' lang='lat' dir='ltr'><strong>et</strong></span> <span class='ocrx_word' id='word_1_240' title='bbox 1759 3011 1820 3080; x_wconf 88' lang='lat' dir='ltr'><strong>hoo</strong></span> <span class='ocrx_word' id='word_1_241' title='bbox 1839 3031 1897 3096; x_wconf 86' lang='lat' dir='ltr'><strong>per</strong></span> <span class='ocrx_word' id='word_1_242' title='bbox 1910 3012 2057 3098; x_wconf 66' lang='lat' dir='ltr'><strong>moinum</strong></span> <span class='ocrx_word' id='word_1_243' title='bbox 2073 3030 2131 3082; x_wconf 91' lang='lat' dir='ltr'><strong>uo-</strong></span> 
     </span>
     <span class='ocr_line' id='line_1_25' title="bbox 581 3113 2131 3201; baseline -0.002 -16"><span class='ocrx_word' id='word_1_244' title='bbox 581 3120 682 3185; x_wconf 86' lang='lat' dir='ltr'><strong>strum</strong></span> <span class='ocrx_word' id='word_1_245' title='bbox 701 3116 813 3201; x_wconf 83' lang='lat' dir='ltr'><strong>soriptl</strong></span> <span class='ocrx_word' id='word_1_246' title='bbox 830 3115 986 3201; x_wconf 88' lang='lat' dir='ltr'><strong>presentis</strong></span> <span class='ocrx_word' id='word_1_247' title='bbox 1011 3113 1157 3183; x_wconf 88' lang='lat' dir='ltr'><strong>omuibus</strong></span> <span class='ocrx_word' id='word_1_248' title='bbox 1177 3120 1244 3182; x_wconf 84' lang='lat' dir='ltr'><strong>tam</strong></span> <span class='ocrx_word' id='word_1_249' title='bbox 1264 3113 1463 3200; x_wconf 87' lang='lat' dir='ltr'><strong>presentibus</strong></span> <span class='ocrx_word' id='word_1_250' title='bbox 1484 3132 1579 3198; x_wconf 86' lang='lat' dir='ltr'><strong>quam</strong></span> <span class='ocrx_word' id='word_1_251' title='bbox 1599 3114 1716 3182; x_wconf 84' lang='lat' dir='ltr'><strong>futuris</strong></span> <span class='ocrx_word' id='word_1_252' title='bbox 1734 3113 1905 3198; x_wconf 65' lang='lat' dir='ltr'><strong>decim,</strong></span> <span class='ocrx_word' id='word_1_253' title='bbox 1931 3113 2017 3200; x_wconf 89' lang='lat' dir='ltr'><strong>quod</strong></span> <span class='ocrx_word' id='word_1_254' title='bbox 2028 3113 2131 3199; x_wconf 82' lang='lat' dir='ltr'><strong>-iidepr</strong></span> 
     </span>
     <span class='ocr_line' id='line_1_26' title="bbox 582 3216 2132 3304; baseline -0.001 -17"><span class='ocrx_word' id='word_1_255' title='bbox 582 3216 707 3302; x_wconf 65' lang='lat' dir='ltr'><strong>botru,</strong></span> <span class='ocrx_word' id='word_1_256' title='bbox 739 3217 930 3287; x_wconf 76' lang='lat' dir='ltr'><strong>auomrlute</strong></span> <span class='ocrx_word' id='word_1_257' title='bbox 962 3216 1143 3286; x_wconf 87' lang='lat' dir='ltr'><strong>donationis</strong></span> <span class='ocrx_word' id='word_1_258' title='bbox 1167 3223 1285 3299; x_wconf 89' lang='lat' dir='ltr'><strong>nostre,</strong></span> <span class='ocrx_word' id='word_1_259' title='bbox 1308 3218 1368 3284; x_wconf 75' lang='lat' dir='ltr'><strong>-ius</strong></span> <span class='ocrx_word' id='word_1_260' title='bbox 1393 3223 1427 3285; x_wconf 91' lang='lat' dir='ltr'><strong>et</strong></span> <span class='ocrx_word' id='word_1_261' title='bbox 1452 3222 1642 3302; x_wconf 84' lang='lat' dir='ltr'><strong>potestatem</strong></span> <span class='ocrx_word' id='word_1_262' title='bbox 1670 3216 1808 3286; x_wconf 83' lang='lat' dir='ltr'><strong>habeant</strong></span> <span class='ocrx_word' id='word_1_263' title='bbox 1832 3217 1928 3285; x_wconf 88' lang='lat' dir='ltr'><strong>dandi</strong></span> <span class='ocrx_word' id='word_1_264' title='bbox 1957 3219 2132 3304; x_wconf 61' lang='lat' dir='ltr'><strong>meumque</strong></span> 
     </span>
     <span class='ocr_line' id='line_1_27' title="bbox 506 3318 2132 3404; baseline -0.002 -14"><span class='ocrx_word' id='word_1_265' title='bbox 506 3365 508 3370; x_wconf 93' lang='lat'>-</span> <span class='ocrx_word' id='word_1_266' title='bbox 581 3320 738 3390; x_wconf 80' lang='lat' dir='ltr'><strong>noluerint</strong></span> <span class='ocrx_word' id='word_1_267' title='bbox 757 3320 877 3388; x_wconf 85' lang='lat' dir='ltr'><strong>dietum</strong></span> <span class='ocrx_word' id='word_1_268' title='bbox 902 3319 1117 3387; x_wconf 90' lang='lat' dir='ltr'><strong>molendinum</strong></span> <span class='ocrx_word' id='word_1_269' title='bbox 1143 3320 1212 3387; x_wconf 90' lang='lat' dir='ltr'><strong>iure</strong></span> <span class='ocrx_word' id='word_1_270' title='bbox 1237 3319 1429 3388; x_wconf 79' lang='lat' dir='ltr'><strong>hereditario</strong></span> <span class='ocrx_word' id='word_1_271' title='bbox 1455 3319 1549 3387; x_wconf 90' lang='lat' dir='ltr'><strong>simul</strong></span> <span class='ocrx_word' id='word_1_272' title='bbox 1578 3325 1612 3387; x_wconf 90' lang='lat' dir='ltr'><strong>et</strong></span> <span class='ocrx_word' id='word_1_273' title='bbox 1632 3324 1786 3404; x_wconf 86' lang='lat' dir='ltr'><strong>perpetuo</strong></span> <span class='ocrx_word' id='word_1_274' title='bbox 1805 3319 2036 3403; x_wconf 87' lang='lat' dir='ltr'><strong>possidendum</strong></span> <span class='ocrx_word' id='word_1_275' title='bbox 2080 3318 2132 3387; x_wconf 83' lang='lat' dir='ltr'><strong>lla</strong></span> 
     </span>
     <span class='ocr_line' id='line_1_28' title="bbox 583 3421 2130 3510; baseline -0.001 -18"><span class='ocrx_word' id='word_1_276' title='bbox 583 3424 668 3510; x_wconf 89' lang='lat' dir='ltr'><strong>quod</strong></span> <span class='ocrx_word' id='word_1_277' title='bbox 688 3423 744 3492; x_wconf 90' lang='lat' dir='ltr'><strong>ille</strong></span> <span class='ocrx_word' id='word_1_278' title='bbox 761 3423 813 3491; x_wconf 89' lang='lat' dir='ltr'><strong>oui</strong></span> <span class='ocrx_word' id='word_1_279' title='bbox 833 3423 1032 3509; x_wconf 79' lang='lat' dir='ltr'><strong>porrexerim</strong></span> <span class='ocrx_word' id='word_1_280' title='bbox 1053 3429 1087 3491; x_wconf 89' lang='lat' dir='ltr'><strong>et</strong></span> <span class='ocrx_word' id='word_1_281' title='bbox 1107 3423 1253 3491; x_wconf 82' lang='lat' dir='ltr'><strong>dederint</strong></span> <span class='ocrx_word' id='word_1_282' title='bbox 1268 3423 1386 3508; x_wconf 88' lang='lat' dir='ltr'><strong>ipsum,</strong></span> <span class='ocrx_word' id='word_1_283' title='bbox 1415 3424 1460 3490; x_wconf 91' lang='lat' dir='ltr'><strong>sit</strong></span> <span class='ocrx_word' id='word_1_284' title='bbox 1479 3422 1560 3490; x_wconf 91' lang='lat' dir='ltr'><strong>liber</strong></span> <span class='ocrx_word' id='word_1_285' title='bbox 1579 3421 1622 3489; x_wconf 86' lang='lat' dir='ltr'><strong>ub</strong></span> <span class='ocrx_word' id='word_1_286' title='bbox 1642 3421 1728 3489; x_wconf 91' lang='lat' dir='ltr'><strong>omui</strong></span> <span class='ocrx_word' id='word_1_287' title='bbox 1749 3422 1906 3490; x_wconf 88' lang='lat' dir='ltr'><strong>solutione</strong></span> <span class='ocrx_word' id='word_1_288' title='bbox 1926 3441 1989 3508; x_wconf 81' lang='lat' dir='ltr'><strong>que</strong></span> <span class='ocrx_word' id='word_1_289' title='bbox 2010 3422 2052 3490; x_wconf 88' lang='lat' dir='ltr'><strong>ud</strong></span> <span class='ocrx_word' id='word_1_290' title='bbox 2072 3441 2130 3490; x_wconf 89' lang='lat' dir='ltr'><strong>nos</strong></span> 
     </span>
     <span class='ocr_line' id='line_1_29' title="bbox 580 3522 2133 3613; baseline -0.002 -18"><span class='ocrx_word' id='word_1_291' title='bbox 580 3532 706 3613; x_wconf 72' lang='lat' dir='ltr'><strong>speetat</strong></span> <span class='ocrx_word' id='word_1_292' title='bbox 724 3527 776 3595; x_wconf 80' lang='lat' dir='ltr'><strong>vel</strong></span> <span class='ocrx_word' id='word_1_293' title='bbox 796 3525 898 3612; x_wconf 83' lang='lat' dir='ltr'><strong>possit</strong></span> <span class='ocrx_word' id='word_1_294' title='bbox 918 3525 992 3593; x_wconf 89' lang='lat' dir='ltr'><strong>inde</strong></span> <span class='ocrx_word' id='word_1_295' title='bbox 1022 3531 1176 3610; x_wconf 85' lang='lat' dir='ltr'><strong>spectare</strong></span> <span class='ocrx_word' id='word_1_296' title='bbox 1219 3525 1288 3595; x_wconf 87' lang='lat' dir='ltr'><strong>Neo</strong></span> <span class='ocrx_word' id='word_1_297' title='bbox 1319 3525 1410 3593; x_wconf 88' lang='lat' dir='ltr'><strong>nobis</strong></span> <span class='ocrx_word' id='word_1_298' title='bbox 1436 3524 1553 3592; x_wconf 90' lang='lat' dir='ltr'><strong>molere</strong></span> <span class='ocrx_word' id='word_1_299' title='bbox 1579 3529 1728 3592; x_wconf 86' lang='lat' dir='ltr'><strong>teneatur</strong></span> <span class='ocrx_word' id='word_1_300' title='bbox 1754 3522 1876 3610; x_wconf 80' lang='lat' dir='ltr'><strong>aliquid</strong></span> <span class='ocrx_word' id='word_1_301' title='bbox 1899 3523 1961 3592; x_wconf 88' lang='lat' dir='ltr'><strong>nisi</strong></span> <span class='ocrx_word' id='word_1_302' title='bbox 1984 3524 2024 3594; x_wconf 85' lang='lat' dir='ltr'><strong>da</strong></span> <span class='ocrx_word' id='word_1_303' title='bbox 2050 3524 2133 3593; x_wconf 90' lang='lat' dir='ltr'><strong>bona</strong></span> 
     </span>
     <span class='ocr_line' id='line_1_30' title="bbox 581 3618 2132 3712; baseline 0 -16"><span class='ocrx_word' id='word_1_304' title='bbox 581 3628 761 3710; x_wconf 80' lang='lat' dir='ltr'><strong>uoluntate,</strong></span> <span class='ocrx_word' id='word_1_305' title='bbox 786 3626 946 3709; x_wconf 77' lang='lat' dir='ltr'><strong>sedsoiis</strong></span> <span class='ocrx_word' id='word_1_306' title='bbox 966 3625 1121 3695; x_wconf 81' lang='lat' dir='ltr'><strong>fratribus</strong></span> <span class='ocrx_word' id='word_1_307' title='bbox 1141 3627 1310 3712; x_wconf 87' lang='lat' dir='ltr'><strong>sepediotis</strong></span> <span class='ocrx_word' id='word_1_308' title='bbox 1330 3627 1449 3695; x_wconf 88' lang='lat' dir='ltr'><strong>molere</strong></span> <span class='ocrx_word' id='word_1_309' title='bbox 1476 3627 1520 3694; x_wconf 88' lang='lat' dir='ltr'><strong>sit</strong></span> <span class='ocrx_word' id='word_1_310' title='bbox 1543 3624 1718 3710; x_wconf 76' lang='lat' dir='ltr'><strong>obligatus,</strong></span> <span class='ocrx_word' id='word_1_311' title='bbox 1744 3618 1853 3693; x_wconf 83' lang='lat' dir='ltr'><strong>taliter&#39;</strong></span> <span class='ocrx_word' id='word_1_312' title='bbox 1873 3626 1956 3694; x_wconf 86' lang='lat' dir='ltr'><strong>siout</strong></span> <span class='ocrx_word' id='word_1_313' title='bbox 1975 3626 2010 3694; x_wconf 89' lang='lat' dir='ltr'><strong>in</strong></span> <span class='ocrx_word' id='word_1_314' title='bbox 2030 3625 2132 3696; x_wconf 87' lang='lat' dir='ltr'><strong>nostrl</strong></span> 
     </span>
     <span class='ocr_line' id='line_1_31' title="bbox 581 3726 2132 3815; baseline -0.001 -16"><span class='ocrx_word' id='word_1_315' title='bbox 581 3728 692 3799; x_wconf 81' lang='lat' dir='ltr'><strong>lretrls</strong></span> <span class='ocrx_word' id='word_1_316' title='bbox 712 3728 850 3797; x_wconf 78' lang='lat' dir='ltr'><strong>Boloslai</strong></span> <span class='ocrx_word' id='word_1_317' title='bbox 869 3729 1033 3815; x_wconf 76' lang='lat' dir='ltr'><strong>priuilegio</strong></span> <span class='ocrx_word' id='word_1_318' title='bbox 1054 3729 1140 3813; x_wconf 86' lang='lat' dir='ltr'><strong>quod</strong></span> <span class='ocrx_word' id='word_1_319' title='bbox 1154 3747 1251 3814; x_wconf 87' lang='lat' dir='ltr'><strong>super</strong></span> <span class='ocrx_word' id='word_1_320' title='bbox 1264 3729 1325 3797; x_wconf 88' lang='lat' dir='ltr'><strong>boo</strong></span> <span class='ocrx_word' id='word_1_321' title='bbox 1346 3729 1481 3797; x_wconf 77' lang='lat' dir='ltr'><strong>nonum</strong></span> <span class='ocrx_word' id='word_1_322' title='bbox 1502 3728 1691 3796; x_wconf 82' lang='lat' dir='ltr'><strong>nominetur.</strong></span> <span class='ocrx_word' id='word_1_323' title='bbox 1725 3726 1879 3795; x_wconf 87' lang='lat' dir='ltr'><strong>Volumus</strong></span> <span class='ocrx_word' id='word_1_324' title='bbox 1899 3728 2005 3813; x_wconf 82' lang='lat' dir='ltr'><strong>etiam,</strong></span> <span class='ocrx_word' id='word_1_325' title='bbox 2027 3734 2065 3797; x_wconf 89' lang='lat' dir='ltr'><strong>ut</strong></span> <span class='ocrx_word' id='word_1_326' title='bbox 2078 3729 2132 3798; x_wconf 91' lang='lat' dir='ltr'><strong>ille</strong></span> 
     </span>
     <span class='ocr_line' id='line_1_32' title="bbox 581 3828 2132 3925; baseline 0.001 -25"><span class='ocrx_word' id='word_1_327' title='bbox 581 3833 637 3918; x_wconf 81' lang='lat' dir='ltr'><strong>qui</strong></span> <span class='ocrx_word' id='word_1_328' title='bbox 655 3831 831 3918; x_wconf 70' lang='lat' dir='ltr'><strong>pooeedent</strong></span> <span class='ocrx_word' id='word_1_329' title='bbox 849 3850 870 3898; x_wconf 86' lang='lat' dir='ltr'><strong>u</strong></span> <span class='ocrx_word' id='word_1_330' title='bbox 890 3829 1043 3899; x_wconf 74' lang='lat' dir='ltr'><strong>nauibus</strong></span> <span class='ocrx_word' id='word_1_331' title='bbox 1063 3831 1286 3914; x_wconf 69' lang='lat' dir='ltr'><strong>molendinum,</strong></span> <span class='ocrx_word' id='word_1_332' title='bbox 1308 3848 1373 3899; x_wconf 89' lang='lat' dir='ltr'><strong>uon</strong></span> <span class='ocrx_word' id='word_1_333' title='bbox 1393 3829 1510 3898; x_wconf 82' lang='lat' dir='ltr'><strong>vendut</strong></span> <span class='ocrx_word' id='word_1_334' title='bbox 1530 3829 1626 3897; x_wconf 83' lang='lat' dir='ltr'><strong>alicui</strong></span> <span class='ocrx_word' id='word_1_335' title='bbox 1646 3847 1749 3913; x_wconf 83' lang='lat' dir='ltr'><strong>neque</strong></span> <span class='ocrx_word' id='word_1_336' title='bbox 1768 3828 1835 3925; x_wconf 67' lang='lat' dir='ltr'><strong>det,</strong></span> <span class='ocrx_word' id='word_1_337' title='bbox 1859 3830 1921 3897; x_wconf 90' lang='lat' dir='ltr'><strong>nisi</strong></span> <span class='ocrx_word' id='word_1_338' title='bbox 1941 3830 1982 3899; x_wconf 93' lang='lat' dir='ltr'><strong>de</strong></span> <span class='ocrx_word' id='word_1_339' title='bbox 2002 3831 2132 3900; x_wconf 87' lang='lat' dir='ltr'><strong>oonsilio</strong></span> 
     </span>
     <span class='ocr_line' id='line_1_33' title="bbox 582 3931 2132 4017; baseline 0 -14"><span class='ocrx_word' id='word_1_340' title='bbox 582 3933 717 4003; x_wconf 69' lang='lat' dir='ltr'><strong>bubum</strong></span> <span class='ocrx_word' id='word_1_341' title='bbox 738 3932 909 4002; x_wconf 89' lang='lat' dir='ltr'><strong>eorundem</strong></span> <span class='ocrx_word' id='word_1_342' title='bbox 926 3933 1047 4017; x_wconf 87' lang='lat' dir='ltr'><strong>puriter</strong></span> <span class='ocrx_word' id='word_1_343' title='bbox 1068 3939 1102 4001; x_wconf 89' lang='lat' dir='ltr'><strong>et</strong></span> <span class='ocrx_word' id='word_1_344' title='bbox 1123 3951 1285 4002; x_wconf 85' lang='lat' dir='ltr'><strong>oonsensu.</strong></span> <span class='ocrx_word' id='word_1_345' title='bbox 1328 3933 1413 4001; x_wconf 80' lang='lat' dir='ltr'><strong>Acta</strong></span> <span class='ocrx_word' id='word_1_346' title='bbox 1432 3938 1508 4000; x_wconf 90' lang='lat' dir='ltr'><strong>suut</strong></span> <span class='ocrx_word' id='word_1_347' title='bbox 1533 3931 1592 4001; x_wconf 86' lang='lat' dir='ltr'><strong>beo</strong></span> <span class='ocrx_word' id='word_1_348' title='bbox 1620 3949 1705 4000; x_wconf 90' lang='lat' dir='ltr'><strong>anuo</strong></span> <span class='ocrx_word' id='word_1_349' title='bbox 1730 3931 1857 3999; x_wconf 86' lang='lat' dir='ltr'><strong>Domini</strong></span> <span class='ocrx_word' id='word_1_350' title='bbox 1878 3932 2081 4002; x_wconf 75' lang='lat' dir='ltr'><strong>ldcclNll</strong></span> <span class='ocrx_word' id='word_1_351' title='bbox 2099 3935 2132 4003; x_wconf 90' lang='lat' dir='ltr'><strong>iu</strong></span> 
     </span>
     <span class='ocr_line' id='line_1_34' title="bbox 581 4033 2133 4121; baseline 0.003 -18"><span class='ocrx_word' id='word_1_352' title='bbox 581 4036 709 4104; x_wconf 77' lang='lat' dir='ltr'><strong>Pomp</strong></span> <span class='ocrx_word' id='word_1_353' title='bbox 727 4054 786 4121; x_wconf 87' lang='lat' dir='ltr'><strong>per</strong></span> <span class='ocrx_word' id='word_1_354' title='bbox 805 4034 977 4103; x_wconf 86' lang='lat' dir='ltr'><strong>ilenrioum</strong></span> <span class='ocrx_word' id='word_1_355' title='bbox 998 4035 1157 4119; x_wconf 86' lang='lat' dir='ltr'><strong>quondam</strong></span> <span class='ocrx_word' id='word_1_356' title='bbox 1178 4041 1416 4121; x_wconf 79' lang='lat' dir='ltr'><strong>procuratorem</strong></span> <span class='ocrx_word' id='word_1_357' title='bbox 1444 4039 1587 4102; x_wconf 89' lang='lat' dir='ltr'><strong>nostrum</strong></span> <span class='ocrx_word' id='word_1_358' title='bbox 1605 4033 1705 4102; x_wconf 83' lang='lat' dir='ltr'><strong>civem</strong></span> <span class='ocrx_word' id='word_1_359' title='bbox 1726 4033 1767 4101; x_wconf 90' lang='lat' dir='ltr'><strong>de</strong></span> <span class='ocrx_word' id='word_1_360' title='bbox 1787 4034 1934 4119; x_wconf 73' lang='lat' dir='ltr'><strong>(lomna,</strong></span> <span class='ocrx_word' id='word_1_361' title='bbox 1953 4036 2013 4105; x_wconf 91' lang='lat' dir='ltr'><strong>sub</strong></span> <span class='ocrx_word' id='word_1_362' title='bbox 2032 4036 2133 4107; x_wconf 74' lang='lat' dir='ltr'><strong>trube</strong></span> 
     </span>
     <span class='ocr_line' id='line_1_35' title="bbox 581 4134 2131 4224; baseline 0 -15"><span class='ocrx_word' id='word_1_363' title='bbox 581 4137 677 4209; x_wconf 87' lang='lat' dir='ltr'><strong>Petro</strong></span> <span class='ocrx_word' id='word_1_364' title='bbox 702 4143 779 4207; x_wconf 89' lang='lat' dir='ltr'><strong>tuno</strong></span> <span class='ocrx_word' id='word_1_365' title='bbox 804 4138 909 4224; x_wconf 85' lang='lat' dir='ltr'><strong>priore</strong></span> <span class='ocrx_word' id='word_1_366' title='bbox 933 4138 1047 4206; x_wconf 88' lang='lat' dir='ltr'><strong>domus</strong></span> <span class='ocrx_word' id='word_1_367' title='bbox 1069 4138 1307 4222; x_wconf 64' lang='lat' dir='ltr'><strong>Poznaniensin</strong></span> <span class='ocrx_word' id='word_1_368' title='bbox 1336 4137 1450 4206; x_wconf 87' lang='lat' dir='ltr'><strong>Ieoobo</strong></span> <span class='ocrx_word' id='word_1_369' title='bbox 1476 4135 1650 4221; x_wconf 85' lang='lat' dir='ltr'><strong>subpriore,</strong></span> <span class='ocrx_word' id='word_1_370' title='bbox 1677 4134 1778 4202; x_wconf 77' lang='lat' dir='ltr'><strong>vitali</strong></span> <span class='ocrx_word' id='word_1_371' title='bbox 1805 4135 1939 4221; x_wconf 79' lang='lat' dir='ltr'><strong>leuiore,</strong></span> <span class='ocrx_word' id='word_1_372' title='bbox 1966 4138 2131 4223; x_wconf 82' lang='lat' dir='ltr'><strong>Ruiuoldo‚</strong></span> 
     </span>
     <span class='ocr_line' id='line_1_36' title="bbox 580 4237 2131 4325; baseline 0 -14"><span class='ocrx_word' id='word_1_373' title='bbox 580 4240 681 4311; x_wconf 75' lang='lat' dir='ltr'><strong>mue</strong></span> <span class='ocrx_word' id='word_1_374' title='bbox 701 4239 835 4324; x_wconf 81' lang='lat' dir='ltr'><strong>Sedlim,</strong></span> <span class='ocrx_word' id='word_1_375' title='bbox 856 4240 954 4310; x_wconf 83' lang='lat' dir='ltr'><strong>tratre</strong></span> <span class='ocrx_word' id='word_1_376' title='bbox 975 4239 1124 4324; x_wconf 83' lang='lat' dir='ltr'><strong>ilenrico,</strong></span> <span class='ocrx_word' id='word_1_377' title='bbox 1144 4240 1245 4309; x_wconf 85' lang='lat' dir='ltr'><strong>bntre</strong></span> <span class='ocrx_word' id='word_1_378' title='bbox 1266 4241 1354 4309; x_wconf 87' lang='lat' dir='ltr'><strong>Luou</strong></span> <span class='ocrx_word' id='word_1_379' title='bbox 1370 4247 1405 4308; x_wconf 91' lang='lat' dir='ltr'><strong>et</strong></span> <span class='ocrx_word' id='word_1_380' title='bbox 1425 4240 1497 4308; x_wconf 88' lang='lat' dir='ltr'><strong>aliis</strong></span> <span class='ocrx_word' id='word_1_381' title='bbox 1516 4238 1670 4308; x_wconf 83' lang='lat' dir='ltr'><strong>iratribus</strong></span> <span class='ocrx_word' id='word_1_382' title='bbox 1683 4238 1724 4306; x_wconf 90' lang='lat' dir='ltr'><strong>de</strong></span> <span class='ocrx_word' id='word_1_383' title='bbox 1738 4237 1914 4324; x_wconf 72' lang='lat' dir='ltr'><strong>conuentu,</strong></span> <span class='ocrx_word' id='word_1_384' title='bbox 1933 4240 2131 4325; x_wconf 88' lang='lat' dir='ltr'><strong>presentibus</strong></span> 
     </span>
     <span class='ocr_line' id='line_1_37' title="bbox 581 4339 2145 4429; baseline -0.004 -15"><span class='ocrx_word' id='word_1_385' title='bbox 581 4343 679 4414; x_wconf 78' lang='lat' dir='ltr'><strong>uum</strong></span> <span class='ocrx_word' id='word_1_386' title='bbox 701 4343 778 4411; x_wconf 82' lang='lat' dir='ltr'><strong>viris</strong></span> <span class='ocrx_word' id='word_1_387' title='bbox 799 4342 889 4411; x_wconf 89' lang='lat' dir='ltr'><strong>bonis</strong></span> <span class='ocrx_word' id='word_1_388' title='bbox 910 4342 1055 4429; x_wconf 86' lang='lat' dir='ltr'><strong>pluribus</strong></span> <span class='ocrx_word' id='word_1_389' title='bbox 1083 4349 1118 4412; x_wconf 89' lang='lat' dir='ltr'><strong>et</strong></span> <span class='ocrx_word' id='word_1_390' title='bbox 1144 4343 1296 4411; x_wconf 84' lang='lat' dir='ltr'><strong>honestis</strong></span> <span class='ocrx_word' id='word_1_391' title='bbox 1340 4342 1391 4410; x_wconf 85' lang='lat' dir='ltr'><strong>Ne</strong></span> <span class='ocrx_word' id='word_1_392' title='bbox 1411 4347 1518 4410; x_wconf 89' lang='lat' dir='ltr'><strong>autem</strong></span> <span class='ocrx_word' id='word_1_393' title='bbox 1538 4341 1611 4427; x_wconf 86' lang='lat' dir='ltr'><strong>quis</strong></span> <span class='ocrx_word' id='word_1_394' title='bbox 1635 4339 1670 4408; x_wconf 86' lang='lat' dir='ltr'><strong>iu</strong></span> <span class='ocrx_word' id='word_1_395' title='bbox 1702 4345 1865 4425; x_wconf 83' lang='lat' dir='ltr'><strong>posterum</strong></span> <span class='ocrx_word' id='word_1_396' title='bbox 1891 4343 2004 4411; x_wconf 81' lang='lat' dir='ltr'><strong>vitiare</strong></span> <span class='ocrx_word' id='word_1_397' title='bbox 2032 4345 2145 4429; x_wconf 68' lang='lat' dir='ltr'><strong>possit⁴</strong></span> 
     </span>
     <span class='ocr_line' id='line_1_38' title="bbox 583 4441 2133 4530; baseline -0.001 -13"><span class='ocrx_word' id='word_1_398' title='bbox 583 4452 641 4517; x_wconf 78' lang='lat' dir='ltr'><strong>sut</strong></span> <span class='ocrx_word' id='word_1_399' title='bbox 668 4444 790 4514; x_wconf 77' lang='lat' dir='ltr'><strong>doure</strong></span> <span class='ocrx_word' id='word_1_400' title='bbox 815 4445 920 4514; x_wconf 86' lang='lat' dir='ltr'><strong>uuieut</strong></span> <span class='ocrx_word' id='word_1_401' title='bbox 944 4444 1076 4514; x_wconf 86' lang='lat' dir='ltr'><strong>eundem</strong></span> <span class='ocrx_word' id='word_1_402' title='bbox 1104 4445 1306 4514; x_wconf 86' lang='lat' dir='ltr'><strong>donationem</strong></span> <span class='ocrx_word' id='word_1_403' title='bbox 1326 4444 1415 4530; x_wconf 87' lang='lat' dir='ltr'><strong>prins</strong></span> <span class='ocrx_word' id='word_1_404' title='bbox 1440 4442 1557 4512; x_wconf 82' lang='lat' dir='ltr'><strong>foetam</strong></span> <span class='ocrx_word' id='word_1_405' title='bbox 1584 4462 1605 4510; x_wconf 89' lang='lat' dir='ltr'><strong>a</strong></span> <span class='ocrx_word' id='word_1_406' title='bbox 1632 4441 1732 4512; x_wconf 82' lang='lat' dir='ltr'><strong>fratre</strong></span> <span class='ocrx_word' id='word_1_407' title='bbox 1760 4449 1884 4529; x_wconf 86' lang='lat' dir='ltr'><strong>nostro,</strong></span> <span class='ocrx_word' id='word_1_408' title='bbox 1914 4464 1998 4515; x_wconf 90' lang='lat' dir='ltr'><strong>nuno</strong></span> <span class='ocrx_word' id='word_1_409' title='bbox 2025 4451 2133 4516; x_wconf 77' lang='lat' dir='ltr'><strong>eutem</strong></span> 
     </span>
     <span class='ocr_line' id='line_1_39' title="bbox 582 4543 2132 4626; baseline 0.002 -10"><span class='ocrx_word' id='word_1_410' title='bbox 582 4544 715 4616; x_wconf 84' lang='lat' dir='ltr'><strong>anobis</strong></span> <span class='ocrx_word' id='word_1_411' title='bbox 735 4547 852 4615; x_wconf 83' lang='lat' dir='ltr'><strong>iterato</strong></span> <span class='ocrx_word' id='word_1_412' title='bbox 876 4547 985 4615; x_wconf 85' lang='lat' dir='ltr'><strong>datam</strong></span> <span class='ocrx_word' id='word_1_413' title='bbox 1014 4546 1056 4614; x_wconf 96' lang='lat' dir='ltr'><strong>ob</strong></span> <span class='ocrx_word' id='word_1_414' title='bbox 1078 4566 1216 4615; x_wconf 90' lang='lat' dir='ltr'><strong>amorem</strong></span> <span class='ocrx_word' id='word_1_415' title='bbox 1238 4548 1297 4614; x_wconf 87' lang='lat' dir='ltr'><strong>Dei</strong></span> <span class='ocrx_word' id='word_1_416' title='bbox 1319 4552 1353 4614; x_wconf 88' lang='lat' dir='ltr'><strong>et</strong></span> <span class='ocrx_word' id='word_1_417' title='bbox 1373 4544 1458 4613; x_wconf 89' lang='lat' dir='ltr'><strong>beuti</strong></span> <span class='ocrx_word' id='word_1_418' title='bbox 1478 4544 1646 4626; x_wconf 77' lang='lat' dir='ltr'><strong>Dominici,</strong></span> <span class='ocrx_word' id='word_1_419' title='bbox 1668 4544 1710 4612; x_wconf 95' lang='lat' dir='ltr'><strong>ob</strong></span> <span class='ocrx_word' id='word_1_420' title='bbox 1730 4543 1868 4615; x_wconf 78' lang='lat' dir='ltr'><strong>turoneum</strong></span> <span class='ocrx_word' id='word_1_421' title='bbox 1887 4548 1985 4617; x_wconf 89' lang='lat' dir='ltr'><strong>etiam</strong></span> <span class='ocrx_word' id='word_1_422' title='bbox 2006 4548 2132 4618; x_wconf 85' lang='lat' dir='ltr'><strong>Ordinis</strong></span> 
     </span>
     <span class='ocr_line' id='line_1_40' title="bbox 581 4646 1766 4738; baseline -0.003 -18"><span class='ocrx_word' id='word_1_423' title='bbox 581 4667 676 4738; x_wconf 83' lang='lat' dir='ltr'><strong>quem</strong></span> <span class='ocrx_word' id='word_1_424' title='bbox 696 4647 866 4735; x_wconf 75' lang='lat' dir='ltr'><strong>diligimus,</strong></span> <span class='ocrx_word' id='word_1_425' title='bbox 887 4649 989 4736; x_wconf 88' lang='lat' dir='ltr'><strong>ipsum</strong></span> <span class='ocrx_word' id='word_1_426' title='bbox 1010 4649 1106 4735; x_wconf 74' lang='lat' dir='ltr'><strong>sigilli</strong></span> <span class='ocrx_word' id='word_1_427' title='bbox 1127 4650 1231 4718; x_wconf 90' lang='lat' dir='ltr'><strong>nostri</strong></span> <span class='ocrx_word' id='word_1_428' title='bbox 1250 4648 1364 4718; x_wconf 89' lang='lat' dir='ltr'><strong>robore</strong></span> <span class='ocrx_word' id='word_1_429' title='bbox 1384 4648 1541 4717; x_wconf 84' lang='lat' dir='ltr'><strong>voluimus</strong></span> <span class='ocrx_word' id='word_1_430' title='bbox 1561 4646 1766 4732; x_wconf 39' lang='lat' dir='ltr'><strong>communire,</strong></span> 
     </span>
    </p>
   </div>
   <div class='ocr_carea' id='block_1_11' title="bbox 582 4853 2134 5039">
    <p class='ocr_par' dir='ltr' id='par_1_12' title="bbox 582 4853 2134 5039">
     <span class='ocr_line' id='line_1_41' title="bbox 686 4853 2134 4945; baseline 0.006 -29"><span class='ocrx_word' id='word_1_431' title='bbox 686 4853 1557 4942; x_wconf 59' lang='lat' dir='ltr'><strong>nombrommpemarrnmpodojpepdon.</strong></span> <span class='ocrx_word' id='word_1_432' title='bbox 1592 4853 2134 4945; x_wconf 58' lang='lat' dir='ltr'><strong>hermammonem</strong></span> 
     </span>
     <span class='ocr_line' id='line_1_42' title="bbox 582 4959 1082 5039; baseline 0 -15"><span class='ocrx_word' id='word_1_433' title='bbox 582 4959 1082 5039; x_wconf 64' lang='lat' dir='ltr'><strong>mutaeoodoeudpltodntoo.</strong></span> 
     </span>
    </p>
   </div>
   <div class='ocr_carea' id='block_1_12' title="bbox 0 0 2434 6180">
    <p class='ocr_par' dir='ltr' id='par_1_13' title="bbox 0 0 2434 6180">
     <span class='ocr_line' id='line_1_43' title="bbox 0 0 2434 6180; baseline 0 0"><span class='ocrx_word' id='word_1_434' title='bbox 0 0 2434 6180; x_wconf 95' lang='lat' dir='ltr'><strong> </strong></span> 
     </span>
    </p>
   </div>
  </div>
 </body>
</html>
