4860 6180
1897 165 1969 239 311

431 348 494 443 rint
513 356 620 429 omnia
639 356 724 426 bona
745 360 779 426 ct
799 373 907 427 omnes
927 356 1085 427 utilitates
1106 358 1245 443 ipsorum
1267 361 1419 446 perhenni
1440 366 1547 449 quieta
1566 365 1700 434 feliciter
1721 365 1854 434 firmata.
1881 364 1999 434 ueni-r

432 489 499 561 qus,
521 483 563 534 ne
583 464 726 533 homines
746 477 854 533 eorum
876 463 930 548 qui
952 462 986 528 in
1007 461 1237 529 hereditatibus
1259 464 1324 531 inm
1349 465 1426 535 dicti
1454 469 1636 537 mnnmtmii
1664 474 1858 552 manserunt,
1884 469 1978 538 urbes

430 578 485 648 sut
504 567 649 639 civitates
669 566 816 637 edificare
844 572 878 635 et
902 585 1051 651 reparare
1079 572 1239 650 cogantur,
1267 567 1330 634 nisi
1361 570 1402 637 ob
1427 571 1638 640 delensiouem
1659 571 1793 641 nuans
1813 573 1915 641 nostri
1936 572 1978 642 ab

430 673 619 755 tementibus
648 672 783 739 inimicis
811 675 881 739 tota
908 675 997 737 terra
1025 670 1201 737 comuniter
1228 669 1326 736 luerit
1357 681 1536 743 convocata
1581 675 1700 756 Quibus
1731 675 1828 742 etium
1856 677 1977 762 umam

432 777 627 856 mnnodimus
648 776 819 857 licentiam,
840 778 878 841 ut
900 794 971 842 cum
992 773 1060 842 suis
1078 773 1289 841 mercimoniis
1311 775 1416 843 omnia
1431 775 1725 863 foralrcquentent,
1746 796 1810 843 uon
1831 779 1978 851 obstante

431 881 554 957 omnino
576 879 709 946 alicuius
729 876 926 944 coutumncin
940 876 1082 944 nocendi.
1105 875 1161 943 Set
1181 884 1226 942 ne·
1243 876 1381 945 iudicum
1402 881 1570 965 quisquam
1589 883 1634 950 eis
1649 880 1824 949 molestiam
1838 882 1978 967 aliquam

431 985 545 1060 adeat
565 981 681 1049 inferre
707 981 740 1047 in
769 980 856 1047 nullo
883 980 1010 1046 omnino
1038 978 1154 1045 iudicio
1175 979 1369 1062 ernegum,
1395 983 1472 1063 quin
1493 985 1593 1052 eninm
1617 1004 1676 1052 nec
1696 1002 1750 1053 eos
1769 984 1887 1052 audeat
1907 988 1978 1071 quis

431 1105 600 1181 provocare
621 1089 696 1154 anta
717 1083 880 1169 quodlibet
897 1088 1036 1151 nmmum
1064 1087 1121 1149 aut
1150 1080 1355 1150 mutorum
1381 1101 1437 1151 seu
1458 1088 1629 1171 quemlibet
1649 1087 1793 1169 iudicem,
1819 1088 1881 1155 nisi
1903 1096 1978 1158 unte

431 1211 497 1275 nos,
518 1195 554 1259 et
573 1189 634 1259 boe
654 1206 718 1256 non
739 1188 807 1255 sine
826 1186 930 1272 sigillo
958 1191 1078 1254 nostro.
1121 1184 1194 1253 Sint
1223 1185 1322 1254 eciam
1355 1184 1395 1253 ab
1427 1191 1514 1256 omni
1538 1191 1688 1259 amulonis
1713 1190 1805 1272 iuris,
1833 1190 1980 1261 uidelicet

430 1291 603 1374 adronueie,
625 1290 835 1358 budelliornm
849 1295 1040 1370 nostrorum,
1055 1288 1195 1355 comunis
1209 1288 1330 1372 placiti,
1345 1290 1564 1374 expeditionis,
1585 1293 1697 1360 urbani
1711 1293 1815 1378 operis
1829 1300 1863 1362 et
1877 1313 1898 1362 o
1910 1295 1979 1364 iure

431 1393 514 1483 qnod
534 1391 697 1461 Hersebilt
717 1392 843 1474 dicitur,
864 1391 915 1459 rel
933 1391 1080 1476 qualibus
1094 1390 1234 1458 serviciis
1247 1390 1382 1458 aliorum
1398 1392 1470 1460 ville
1483 1394 1645 1464 sublucent
1665 1396 1719 1482 qui
1736 1397 1871 1465 similem
1884 1397 1979 1466 liber·

432 1503 529 1568 tatem
549 1514 613 1564 non
634 1493 790 1577 obtinent,
808 1494 868 1562 boc
889 1499 940 1562 est
960 1514 982 1561 a
1000 1494 1127 1579 prevod,
1145 1499 1294 1577 astrosa,
1309 1514 1330 1561 a
1344 1496 1529 1581 podvorore,
1544 1520 1565 1568 a
1579 1519 1694 1584 powoa,
1710 1519 1850 1583 anama,
1865 1521 1885 1568 a
1898 1500 1978 1586 elati

431 1603 471 1672 ab
491 1599 647 1669 οωίεἱουο
669 1598 792 1682 capitis,
815 1618 836 1665 a
856 1604 954 1682 ponne
974 1597 1146 1665 edificando
1168 1615 1223 1664 seu
1245 1597 1430 1682 reparando,
1456 1606 1491 1669 et
1511 1602 1552 1669 ab
1570 1604 1654 1670 omni
1672 1621 1802 1688 prorsus
1823 1604 1979 1673 solutione

432 1712 497 1775 uun
523 1707 634 1771 nostra
659 1719 756 1785 quum
782 1717 995 1768 successorum
1021 1706 1200 1768 nostromrn
1228 1702 1454 1785 perpetualiter
1483 1707 1629 1791 exempti.
1673 1707 1823 1774 Preterua
1854 1707 1978 1776 soltetis

402 1808 677 1890 ulimmerus
696 1803 812 1872 naues
833 1803 1007 1890 supradicti
1029 1803 1149 1872 oenobii
1176 1804 1246 1871 iure
1274 1804 1469 1873 Teutonicali
1496 1807 1678 1892 inuenerint,
1706 1809 1793 1877 tures
1820 1816 1855 1877 et
1883 1810 1980 1877 male·

431 1911 565 1980 tectores
584 1907 735 1995 puniendi
756 1912 790 1975 et
810 1907 931 1975 maimo
952 1907 1069 1974 iudicia
1083 1923 1155 1973 num
1169 1906 1342 1974 minoribus
1355 1908 1520 1976 exercendi
1533 1918 1723 1995 potestatem
1737 1917 1890 1997 perpetuo
1905 1930 1979 1979 eon·

375 2079 379 2086 .
431 2013 569 2083 fuimus
594 2011 725 2079 Fratres
746 2009 844 2095 igitur
864 2010 928 2077 um
948 2010 1102 2077 nominati
1123 2009 1317 2094 monasterii,
1340 2013 1373 2076 et
1391 2029 1442 2078 res
1457 2016 1491 2079 et
1504 2030 1615 2080 eunus
1628 2020 1663 2081 et
1676 2015 1818 2081 bomines
1838 2014 1979 2098 ipsorum

430 2116 486 2204 qni
507 2113 696 2183 lamberius
716 2113 757 2180 ad
777 2112 983 2198 possidendas
1004 2112 1196 2180 hereditates
1217 2130 1336 2194 eorum,
1357 2112 1390 2180 iu
1403 2114 1489 2181 omui
1501 2116 1639 2183 dominio
1657 2123 1767 2187 nosue
1788 2117 1980 2188 asolutione

431 2216 569 2289 udone
590 2220 753 2300 exemptos
772 2234 841 2284 esse
860 2223 1014 2301 perpetuo
1036 2215 1243 2284 concedimus
1287 2213 1355 2284 Nee
1373 2217 1432 2283 ulli
1461 2218 1588 2286 omnino
1612 2220 1707 2287 lineat
1727 2221 1811 2288 bane
1831 2221 1979 2306 paginam

431 2323 558 2393 violare
603 2319 788 2405 Qmeunque
807 2320 905 2405 igitur
925 2318 1093 2387 temerarie
1121 2318 1181 2385 hoc
1206 2315 1376 2403 infringere
1401 2318 1452 2386 rel
1481 2319 1531 2388 his
1559 2324 1715 2390 cornute
1743 2324 1979 2409 presumpserit,
2074 2373 2076 2375 »

431 2416 491 2496 Ilei
516 2423 742 2511 omnipotentis
770 2427 804 2490 et
823 2427 941 2491 ·uostro
970 2421 1064 2488 simul
1089 2421 1205 2489 iudicio
1231 2438 1266 2487 se
1287 2428 1454 2506 cognoseat
1474 2424 1695 2493 innovissimo
1716 2426 1769 2494 die
1789 2445 1888 2494 reum
1931 2425 1981 2496 Ut

431 2528 530 2615 igitur
546 2526 606 2596 bec
625 2526 732 2595 omnia
752 2531 825 2592 rata
853 2530 886 2592 et
912 2524 1097 2592 inconvulsa
1122 2529 1274 2608 perpetuo
1295 2530 1509 2608 permaneant,
1537 2527 1633 2612 sigilli
1660 2528 1763 2595 nosui
1788 2529 1980 2614 appensione

432 2636 611 2718 presentem
632 2628 779 2714 peginam
800 2628 993 2696 roboramus.
1038 2628 1121 2694 deta
1146 2631 1222 2694 suut
1250 2626 1309 2695 beo
1333 2645 1416 2694 anuo
1443 2628 1547 2714 gracie
1568 2627 1782 2697 stccuvn
1802 2631 1836 2697 iu
1857 2630 1979 2716 Moder,

431 2736 578 2820 presente
598 2730 726 2800 domino
747 2730 883 2798 ilenrico
905 2728 1046 2798 eiusdem
1070 2727 1190 2797 cenobii
1219 2729 1343 2812 abbate,
1372 2749 1476 2799 coram
1503 2731 1595 2798 nobis
1622 2737 1657 2799 et
1683 2732 1841 2801 nobilibus
1861 2733 1979 2802 ansuis

432 2853 566 2922 qnorum
585 2834 647 2902 hee
671 2839 748 2902 sunt
775 2833 915 2902 nomina:
943 2850 1048 2900 nomes
1072 2831 1226 2899 larustius
1246 2829 1330 2899 filius
1350 2831 1478 2900 Falonis
1503 2851 1574 2901 eum
1594 2832 1694 2902 fratre
1711 2853 1770 2903 suo
1791 2835 1979 2920 Sandivmn

432 2936 577 3007 dominns
607 2935 763 3005 lohannes
793 2935 1031 3004 mebidnconus
1061 2933 1285 3003 Poauaniensis
1317 2940 1351 3003 et
1381 2936 1586 3004 cunnelhdus
1615 2942 1733 3021 noster,
1749 2938 1980 3024 ‚Mistignenus

433 3037 517 3109 illius
536 3038 669 3122 blathie
691 3038 876 3108 Vinoentius
896 3036 982 3106 filius
999 3038 1145 3120 Nouem,
1166 3035 1299 3105 Iacobus
1319 3036 1450 3106 alericus
1466 3037 1552 3106 ilius
1572 3039 1706 3109 eilberti
1868 3024 1873 3036 ’

535 3242 716 3327 munus
733 3247 882 3326 noane
903 3241 1129 3326 mucro,
1142 3246 1355 3311 muman
1367 3267 1395 3310 e
1407 3247 1645 3327 mammea
1659 3245 1836 3330 mesen
1857 3215 2004 3330 noum·

436 3351 570 3415 noae

1111 3644 1186 3730 Nr.
1217 3640 1318 3730 351.

538 3799 695 3925 Prnmbl
721 3839 798 3922 iux
821 3838 970 3922 Polonie
997 3843 1130 3921 1257
1155 3861 1185 3924 s
1212 3839 1256 3940 d,
1286 3840 1329 3923 ln
1354 3838 1492 3943 Medon
1519 3857 1678 3941 emunt,
1699 3876 1734 3928 se
1754 3858 1981 3930 meandum

433 3960 575 4048 Paradyt
608 3961 649 4029 ob
683 3959 959 4029 commutationem
1001 3960 1204 4029 baereditatis
1244 3960 1459 4046 Pamintkouo
1497 3960 1713 4046 defensurum,
1761 3963 1846 4031 bons
1883 3963 1981 4033 etiam

437 4064 545 4134 omnia
575 4068 610 4132 et
640 4061 850 4180 munditates
879 4063 980 4147 ipsius
1007 4063 1076 4130 iure
1105 4063 1297 4132 lbeutonioo
1326 4062 1423 4130 locari
1451 4063 1606 4147 oonoedit‚
1637 4082 1754 4150 easque
1779 4064 1982 4150 amplissimis

434 4165 882 4352 wambanem
915 4270 978 4333 no.
1001 4272 1104 4349 pavo
1130 4270 1276 4334 Poeans
1297 4273 1333 4336 A.
1355 4270 1408 4335 nr.
1430 4270 1481 4336 oo.

539 4473 579 4542 Iu
598 4472 724 4541 nomine
749 4476 856 4540 auen
883 4475 918 4540 et
942 4470 1103 4542 individue
1126 4472 1291 4541 llinitmis
1320 4492 1420 4542 amen
1464 4474 1592 4545 Variuri
1614 4478 1718 4546 solent
1738 4495 1844 4545 rerum
1865 4473 1982 4544 notieie

436 4594 585 4664 processu
605 4575 770 4660 temporis,
792 4574 852 4641 nisi
872 4573 983 4659 scripti
1004 4575 1178 4643 authentici
1202 4580 1236 4642 et
1256 4574 1426 4661 proborum
1445 4578 1585 4648 virorum
1611 4581 1792 4649 testimonio
1810 4595 1982 4664 perennen-

438 4684 501 4748 tur.
523 4677 705 4746 huotoeoat
722 4696 796 4762 ergo
817 4682 883 4745 tam
903 4678 1099 4763 presentibus
1120 4697 1214 4764 quam
1236 4676 1360 4762 futuris,
1381 4681 1467 4766 quod
1488 4701 1545 4750 nos
1564 4683 1696 4752 Promisi
1718 4683 1778 4752 Dei
1798 4682 1905 4768 gracia
1917 4679 1983 4749 dux

437 4780 567 4853 Polonie
586 4780 720 4849 dilectos
739 4782 772 4848 iu
795 4777 921 4848 Christo
942 4779 1057 4849 batres
1078 4780 1261 4850 monasterii
1281 4780 1321 4848 de
1342 4782 1552 4869 Goscichovo,
1571 4786 1656 4870 qnod
1673 4786 1844 4855 misus
1863 4800 1984 4852 nunnu-

437 4890 543 4972 patur,
564 4881 692 4952 Ordinis
714 4881 954 4967 cysoniensis,
984 4883 1103 4952 iutuitu
1123 4883 1227 4952 divine
1247 4885 1511 4954 remuneracionis
1529 4893 1564 4954 et
1580 4906 1638 4972 pro
1659 4888 1907 4957 commutacione
1927 4885 1983 4953 be·

437 4985 584 5081 mitatis
605 5005 667 5071 que
687 4985 859 5070 vulgariter
878 4986 1092 5055 Pmentkovo
1110 4993 1309 5073 nuncupatur
1329 4990 1514 5074 propensius
1543 4989 1708 5059 (tumuere
1733 5009 1772 5058 ae
1792 4990 1876 5058 tueri
1897 4994 1983 5058 sata·

438 5090 541 5178 girans
562 5094 597 5158 et
624 5089 778 5173 presentis
806 5090 916 5174 scripti
944 5090 1106 5176 privilegio
1131 5089 1398 5159 communivimus.
1442 5090 1612 5177 Inprimis
1632 5091 1827 5162 contutantes
1852 5099 1887 5162 et
1906 5091 1983 5162 lide·
