4860 6180
343 299 421 376 tet
526 375 533 390 ,

341 483 520 584 mobilibus,
540 498 692 570 imtribus
710 500 960 571 emlimmribm
981 499 1022 569 de
1042 498 1136 571 domo
1155 498 1359 570 Posnaniensi
1380 495 1550 569 donatione
1571 497 1656 566 inter
1675 493 1763 566 viros
1780 491 1898 564 volum·

341 603 424 692 taric
444 621 483 671 ac
503 604 744 673 immutabiliter
764 606 930 690 delegavit,
961 623 1067 672 murm
1095 623 1224 673 suarum
1251 605 1284 672 in
1309 604 1435 672 coslam
1460 602 1634 671 dominium
1664 599 1890 668 transferendo.

342 704 388 773 Et
407 706 483 790 quin
504 707 630 791 prelata
648 708 765 777 leruirm
785 708 974 793 supplimvit
994 714 1032 776 ut
1053 709 1120 776 eius
1135 709 1215 776 hauc
1230 708 1432 776 donationem
1447 704 1712 786 mnfimaremm,
1733 721 1793 770 uos
1807 701 1892 787 piam

341 807 411 876 eius
432 807 465 875 in
487 808 547 878 lroc
568 811 763 879 uoluntatem
785 811 994 896 approbantes
1016 816 1049 878 et
1070 813 1290 880 necessitatem
1311 811 1447 878 lrntrum
1466 828 1504 876 ac
1517 807 1667 894 penurias
1680 805 1892 887 attendentes,

342 908 425 979 lianc
444 911 647 980 donationem
669 915 701 980 in
721 915 846 981 nourinc
868 913 993 982 Domini
1016 915 1245 995 confirmamus,
1267 913 1408 999 presenti
1429 912 1548 996 scripto
1564 910 1598 977 in
1617 914 1805 994 perpetuum
1827 913 1893 973 sta·
1968 941 1971 947 =

341 1017 481 1097 tuentes,
500 1021 538 1082 ut
556 1014 686 1082 cuilibet
706 1016 747 1083 de
767 1017 896 1084 civitate
922 1017 1128 1085 Poenauiensi
1153 1017 1193 1084 dc
1219 1023 1324 1084 cetero
1350 1015 1454 1096 liceat,
1481 1013 1514 1080 in
1543 1017 1733 1080 testamento
1762 1009 1894 1096 pretatis

341 1113 494 1185 batdbus
516 1116 598 1184 bona
618 1135 677 1184 sua
702 1118 832 1186 mobilia
858 1125 892 1187 at
913 1119 1095 1202 immobilia,
1119 1123 1262 1186 cessante
1292 1117 1540 1185 contradictione
1565 1131 1752 1199 quacunque
1778 1112 1893 1180 civium

342 1217 612 1301 Pomanieusium,
635 1219 733 1288 libere
753 1223 926 1305 assignare.
953 1223 991 1290 In
1012 1224 1102 1290 cuius
1120 1222 1167 1288 rei
1188 1221 1404 1288 testimonium
1425 1223 1603 1305 presentem
1622 1217 1770 1301 paginam
1784 1219 1894 1282 nostro

342 1319 445 1406 sigillo
464 1319 594 1388 iacimus
616 1321 768 1390 roborari.
814 1327 897 1392 Acta
917 1330 993 1391 sunt
1010 1325 1068 1392 heo
1089 1343 1172 1392 anno
1194 1322 1320 1391 Domini
1342 1322 1509 1389 millesimo
1530 1320 1746 1388 ducentesimo
1766 1322 1894 1401 septura-

340 1423 460 1508 gesimo
481 1428 604 1518 octauo,
626 1430 742 1508 quarto
763 1423 839 1492 Idus
860 1425 1042 1494 Decembris
1064 1427 1097 1492 in
1119 1425 1249 1493 civitate
1269 1424 1484 1506 Pesnaniensi,
1506 1422 1707 1508 presentibus
1734 1420 1810 1488 hiis:
1842 1437 1895 1488 oo·

341 1523 420 1592 mite
439 1523 614 1610 &apamia
635 1526 778 1610 palatim
798 1535 917 1610 nostro,
940 1527 1072 1596 Nicolao
1094 1528 1195 1595 indice
1219 1533 1303 1595 terre
1333 1532 1451 1609 nosue,
1480 1525 1637 1610 Boguslao
1662 1522 1895 1592 subcamerario

340 1631 461 1712 nostro,
482 1626 675 1712 Dirsicragio
696 1629 858 1697 subiudice
880 1636 964 1698 terre
984 1635 1103 1712 nostre,
1125 1629 1267 1697 Bozatha
1297 1629 1471 1697 castellano
1498 1629 1539 1697 de
1564 1627 1749 1709 Pmmanm,
1776 1632 1824 1694 at.
1839 1625 1895 1693 ‹le-
2014 1693 2016 1695 ,

341 1729 427 1798 mino
448 1727 617 1799 Vincentio
639 1733 826 1801 cancellario
847 1739 967 1817 nostro,
988 1739 1023 1801 et
1042 1732 1115 1801 aliis
1137 1731 1281 1818 pluribus
1302 1731 1410 1818 probis
1430 1732 1517 1800 viris.

444 1933 627 2022 Premuuth,
653 1941 797 2026 Przcmft.

1013 2236 1088 2322 Nr.
1119 2233 1222 2322 485.

448 2428 606 2514 Prembl
632 2431 710 2514 dux
735 2431 883 2516 Paionia
916 2436 1051 2515 1279
1081 2431 1168 2518 lun
1200 2440 1263 2524 11.
1292 2432 1336 2514 in
1370 2431 1534 2535 Poenam
1565 2447 1688 2517 mrem
1715 2448 1811 2516 muru
1839 2465 1897 2516 mo

343 2548 505 2637 Stephano
525 2549 633 2618 villam
653 2550 832 2620 Polanouo.

340 2644 343 2649 ⁴
448 2658 588 2735 Paeona
609 2659 729 2734 orpaim
774 2658 824 2720 No
842 2661 960 2736 paese
980 2659 1197 2744 ntekrpcoaeoo
1209 2657 1365 2735 jcdrrobta
1378 2674 1571 2735 amoueo
1587 2659 1819 2736 maeniuzoao
1828 2659 1898 2736 pie·

343 2758 416 2846 caet
436 2761 664 2839 Ρηιηινεὶαινα
684 2762 807 2844 keirein,
836 2767 981 2839 pnlsczet
1003 2770 1087 2836 XV).

454 2862 638 2926 Wurozome.
683 2863 850 2927 Bibliotclro
867 2872 1042 2944 mutae.
1086 2865 1269 2943 mptum

446 3062 485 3132 In
505 3064 632 3132 uomina
651 3061 780 3132 Domini
801 3083 904 3134 amen.
949 3065 1103 3146 Quoniam
1129 3083 1239 3133 cursus
1268 3083 1375 3133 rmum
1404 3063 1636 3150 temporalium,
1663 3063 1743 3131 sads
1768 3060 1900 3131 floridus

344 3173 379 3234 et
398 3183 538 3249 serenus,
560 3166 733 3234 sucemsire
752 3173 860 3235 tamen
890 3167 1060 3235 divolvimr
1085 3168 1119 3235 in
1145 3186 1208 3235 nou
1238 3185 1317 3250 asse,
1349 3185 1477 3236 necesse
1506 3173 1652 3251 asterga
1672 3165 1817 3234 attacta
1837 3183 1900 3250 que

343 3274 491 3354 aguntur,
514 3268 624 3352 scripti
644 3270 817 3337 munimine
835 3289 877 3338 ae
898 3288 973 3337 voce
992 3272 1122 3338 testium
1144 3270 1342 3338 roborentur.
1386 3270 1490 3355 Igitur
1513 3288 1571 3338 nos
1592 3269 1725 3338 Promisi
1746 3269 1806 3336 Dei
1826 3288 1900 3354 gra·

344 3371 394 3440 cia
413 3370 479 3440 dux
498 3372 628 3440 Polonie
649 3378 761 3440 notum
782 3392 852 3441 esse
874 3374 1018 3441 volumus
1039 3380 1106 3441 tam
1127 3373 1325 3458 presentibus
1340 3391 1438 3457 quam
1451 3372 1578 3455 futuris,
1600 3371 1685 3458 quod
1700 3371 1901 3441 consideran·

345 3479 394 3543 tes
415 3475 532 3542 iustam
553 3474 786 3543 ordinacionem
807 3482 842 3544 et
862 3477 1068 3544 donacionem
1088 3476 1195 3544 dilecti
1217 3476 1324 3562 patrini
1345 3476 1449 3551 nostri
1471 3475 1663 3545 inclitissimi
1681 3474 1834 3560 principis
1854 3473 1900 3542 le·

343 3575 415 3645 licis
435 3577 586 3658 memorie
613 3576 703 3644 ducis
728 3577 888 3662 Boleslay,
920 3579 1038 3646 domim
1065 3585 1104 3647 et
1122 3578 1246 3674 heredis
1274 3584 1359 3647 terre
1385 3577 1560 3668 helmadam,
1588 3574 1647 3646 uec
1678 3597 1742 3646 non
1767 3577 1900 3645 serdoio

344 3676 430 3745 iden
451 3685 626 3765 perspecto,
646 3681 837 3747 contulimus
858 3680 953 3747 militi
974 3687 1084 3749 nostro
1105 3682 1232 3749 nomine
1253 3670 1416 3766 Stephano
1441 3675 1477 3748 et
1495 3671 1565 3748 vsne
1592 3680 1774 3765 posteritati
1791 3679 1900 3746 villam

344 3786 487 3848 nostram
505 3800 567 3865 que
587 3781 780 3851 Palaninoro
802 3783 976 3866 vulgariter
996 3785 1179 3853 nominatur
1200 3785 1269 3851 iure
1287 3782 1480 3850 hereditario
1497 3780 1728 3867 possidendam,
1750 3800 1846 3866 quam
1866 3787 1902 3850 et

343 3887 479 3978 potrum
499 3888 607 3949 noster
628 3883 692 3950 iam
714 3883 818 3951 dictus
836 3884 921 3952 dicto
943 3887 1037 3953 militi
1056 3887 1243 3968 contulerat,
1266 3891 1304 3953 ut
1322 3886 1468 3970 superius
1496 3885 1560 3952 iam
1588 3884 1741 3965 diximus3
1767 3885 1901 3952 interse-

345 3985 515 4070 rimusque,
538 3984 622 4069 quod
644 3984 742 4054 iatam
764 3986 873 4054 villam
894 3986 935 4053 ab
950 3987 1011 4053 biis
1027 3987 1239 4055 solucionibus
1252 3987 1444 4055 Polonorum
1459 3985 1640 4070 liberemus,
1661 3986 1809 4053 videlicet
1821 3987 1900 4055 niis:

347 4108 368 4157 a
388 4094 503 4171 straza,
526 4110 547 4156 a
568 4090 665 4156 castri
691 4090 855 4171 citacione,
877 4109 898 4155 a
919 4089 1106 4173 podrorere,
1127 4111 1149 4158 a
1170 4108 1278 4175 porea.
1322 4089 1371 4158 Ut
1399 4093 1506 4157 autem
1538 4090 1597 4158 hec
1625 4095 1737 4158 nostra
1769 4089 1902 4158 donacio

344 4189 437 4260 firma
457 4199 645 4277 perseveret,
668 4198 847 4276 presentem
864 4192 1005 4260 litteram
1026 4201 1137 4261 nostre
1159 4193 1262 4278 sigillo
1284 4194 1434 4261 iussimus
1455 4193 1599 4277 insigniri
1618 4193 1818 4277 presentibus
1839 4192 1901 4261 hiis

345 4294 495 4362 testibus:
518 4296 633 4362 comite
650 4294 794 4361 Pretslrm
816 4295 988 4362 castellano
1002 4295 1191 4379 Gneanensi,
1215 4296 1330 4363 comite
1343 4294 1551 4362 Mmcecboue
1564 4301 1715 4363 renatare
1732 4295 1899 4377 baadanai,

345 4398 460 4466 munite
480 4397 666 4481 Pretpolcho
688 4397 921 4464 subcamerario
942 4397 1067 4466 dominc
1088 4399 1220 4481 ducisse,
1251 4400 1367 4467 comite
1388 4399 1483 4466 Petm
1511 4399 1685 4481 Prutlreno,
1714 4401 1830 4466 comite
1849 4399 1901 4466 la·

345 4500 437 4567 nusio
463 4498 672 4583 subpinccma
699 4499 917 4564 Pomaniensi.
963 4499 1081 4567 Datum
1110 4502 1143 4568 in
1171 4503 1298 4569 Poenan
1324 4520 1408 4569 anno
1435 4501 1786 4569 metallicum
1807 4520 1901 4584 nono,

345 4602 557 4685 couscriptum
576 4600 691 4667 ibidem
712 4600 764 4668 die
785 4601 942 4668 dominice
964 4604 1108 4686 proximo
1129 4612 1206 4672 anto
1228 4604 1342 4672 festum
1365 4604 1467 4671 sancti
1490 4603 1557 4670 Viti
1579 4609 1612 4672 et
1633 4603 1783 4671 Modesti.

448 4804 650 4888 Polaninovo,
674 4806 846 4873 Potonomo.
893 4805 1077 4890 Lentiensis,
1100 4813 1138 4874 de
1160 4813 1236 4898 Lpd.
