4476 6180
1571 416 1580 429 ·
1691 398 1767 476 495

223 603 358 689 percepi,
380 623 437 688 pro
459 623 523 689 qua
544 605 666 673 decima
687 605 855 689 petebatur
875 613 909 675 ct
929 609 1113 693 exigebatur
1133 630 1154 679 a
1175 627 1225 676 me
1251 625 1309 692 pro
1330 606 1422 673 annis
1449 606 1582 690 singulis
1607 603 1648 671 do
1669 602 1771 687 quoli-

224 704 278 774 bet
297 711 407 774 aratro
429 708 509 793 lapis
531 727 616 787 curo3
639 727 696 791 pro
718 726 755 774 eo
778 709 875 776 cciarn
898 712 981 792 quod
1003 713 1110 781 villam
1133 710 1272 797 capituli
1286 709 1426 777 ciusdem
1440 711 1581 790 ecclesie,
1601 707 1770 775 Slotiroovo

223 807 358 892 nominc,
380 810 505 878 circitor
526 810 616 876 XXX
637 828 737 877 aornos
760 811 846 878 tunm
868 832 938 881 cunr
960 815 1081 882 decima
1102 823 1136 883 et
1156 815 1228 886 aliis
1248 812 1522 896 utilitatibusque
1544 811 1658 878 ibidem
1677 809 1771 877 obro-

223 910 362 995 niebm,
384 933 478 996 quom
500 913 606 979 viltrum
629 912 708 980 bono
729 913 925 998 instructam,
948 936 1019 985 cum
1039 924 1176 1000 quatuor
1194 916 1304 998 bobus,
1331 914 1587 995 duabusvaccis,
1613 913 1717 997 porcis
1738 917 1772 980 et

223 1013 333 1082 ovibus
354 1016 522 1083 restituere
540 1015 701 1096 debebam,
723 1020 758 1082 ct
778 1019 903 1084 restitui
925 1038 987 1087 non
1008 1020 1169 1102 dotatam;
1191 1038 1332 1087 necnon
1354 1038 1412 1103 pro
1434 1018 1571 1086 mmulio
1585 1017 1689 1082 anime
1703 1033 1772 1081 mee

222 1121 256 1187 ot
272 1117 308 1186 iu
328 1120 542 1187 remissionom
565 1125 764 1203 peccatorum
782 1138 920 1187 meorum
941 1123 1071 1205 provida
1091 1122 1319 1190 deliberacione
1331 1121 1404 1189 dedi
1417 1129 1452 1189 et
1464 1118 1582 1188 coundi
1596 1117 1771 1203 predictam

223 1219 331 1288 villam
352 1239 454 1289 meam
476 1221 637 1288 Ostrovits
658 1221 752 1288 beato
773 1222 945 1290 ndalberto
966 1229 998 1290 et
1017 1225 1147 1293 ecclesie
1175 1225 1363 1305 Gnmnensi,
1392 1224 1538 1291 videlicet
1564 1219 1772 1302 mchiepisoo·

223 1323 323 1413 patui,
345 1341 417 1391 aum
446 1323 584 1390 sortibus
612 1322 672 1389 sibi
698 1323 823 1406 iunctis,
854 1324 934 1407 lacu,
961 1325 1082 1393 iuribus
1111 1327 1255 1394 omnibus
1281 1335 1316 1394 et
1343 1325 1555 1412 pertinenciis,
1581 1323 1703 1406 integre
1738 1326 1773 1388 ct

223 1424 343 1512 &aaa
364 1426 429 1493 ulla
451 1426 661 1494 diminucione
679 1425 869 1494 hereditario
890 1429 960 1495 iure
979 1437 1131 1513 perpetuo
1150 1429 1388 1514 possidendam,
1410 1436 1444 1497 et
1457 1429 1585 1495 veniens
1599 1423 1773 1509 personali·
1865 1423 1870 1432 ’

224 1531 273 1597 tar
292 1528 328 1597 iu
357 1529 526 1614 Znepnom,
555 1529 597 1594 ad
622 1547 734 1595 manus
753 1529 938 1596 venerabilis
957 1532 1059 1615 patris
1087 1532 1205 1598 domini
1230 1532 1335 1600 Iacobi
1358 1534 1418 1600 Dei
1446 1530 1552 1616 gracia
1577 1528 1773 1596 Gneaoeusis

223 1631 449 1718 archiepiscopi
470 1631 643 1699 liberaliter
662 1631 789 1714 osuiu,
811 1637 844 1699 et
866 1634 973 1699 multis
994 1634 1172 1702 astantibus
1193 1635 1351 1722 publicari
1366 1653 1409 1704 ae
1430 1637 1464 1702 in
1483 1632 1678 1718 corporalem
1700 1648 1774 1715 pos·

222 1734 392 1804 maionem
413 1734 532 1801 induxi.
577 1736 692 1800 Actum
713 1733 829 1802 ibidem
849 1736 883 1802 iu
904 1735 1031 1821 Zneyna
1052 1755 1136 1805 anno
1158 1738 1283 1805 Domini
1305 1737 1613 1805 machomaria
1630 1734 1682 1802 dic
1696 1733 1773 1817 Epi·

223 1834 339 1923 warde
367 1836 504 1916 Domini,
536 1835 752 1920 presentibus:
785 1837 936 1933 magistro
969 1838 1154 1934 wencezlao
1183 1841 1343 1924 preposito
1383 1838 1595 1922 Glogouiensi,
1632 1835 1773 1904 Iohanne
1819 1910 1822 1916 ‚

222 1938 442 2009 archidiacono
464 1938 681 2019 Poznaniensi,
704 1937 852 2006 Gabriele
873 1941 1033 2024 preposito
1055 1942 1156 2009 sancti
1170 1941 1309 2026 Georgii,
1332 1941 1494 2026 Woyzlao,
1516 1939 1655 2020 Rinerio,
1677 1937 1773 2005 Nico-

223 2039 275 2111 iao
296 2047 332 2111 at
351 2042 446 2110 Petro
469 2041 627 2109 canonicis
641 2041 889 2125 Gneaueusibus,
909 2061 946 2111 ac
960 2042 1103 2110 laracbio
1117 2045 1183 2112 lilio
1196 2044 1338 2126 Iaroslai,
1361 2044 1512 2112 Stossoua
1524 2042 1565 2110 de
1578 2039 1772 2120 Somluicbe,

223 2143 330 2230 Densa
346 2144 458 2227 milite,
479 2149 513 2212 ct
535 2143 606 2210 aliis
625 2162 721 2227 quum
741 2144 886 2229 plurimis
906 2146 982 2212 viris
1000 2144 1129 2228 ydoneis
1149 2151 1184 2214 ct
1203 2146 1356 2214 beamus.
1399 2145 1438 2213 lo
1459 2145 1549 2213 omnus
1567 2143 1614 2211 rei
1630 2141 1772 2209 testimo·

230 2245 330 2330 dum,
352 2252 530 2333 presentem
552 2246 693 2313 litteram
706 2245 810 2331 sigillo
830 2264 901 2314 meo
922 2251 957 2314 et
975 2247 1087 2331 sigillis
1106 2247 1283 2332 aliquorum
1304 2247 1555 2333 supradictorum
1575 2244 1705 2313 testium
1726 2240 1775 2308 di·

224 2367 323 2436 prum
343 2349 419 2418 duxi
440 2349 659 2417 roborandam
1156 2361 1162 2371 ·

225 2554 691 2742 &mamimus
713 2557 959 2638 mmmmm
1003 2554 1179 2640 souare,
1207 2559 1369 2624 mnam.
1414 2555 1552 2640 moyn»,
1582 2541 1672 2620 tun
1716 2551 1773 2622 So

896 2958 970 3044 Nn.
1007 2952 1107 3044 532.

238 3224 248 3235 .
330 3152 517 3240 Secundus
536 3154 694 3237 Premid
713 3153 1112 3237 duxPolonio1284
1138 3151 1224 3237 ian
1242 3154 1291 3253 8,
1317 3151 1360 3234 in
1376 3150 1566 3254 Rugosum
1595 3170 1694 3239 uonna
1725 3188 1775 3238 so

228 3276 342 3345 clesiao
362 3276 542 3343 Gnozneusi
565 3275 772 3343 hereditatem
793 3274 968 3342 Polauowo.
1599 3284 1604 3295 ·

328 3381 470 3460 Pereunt
493 3383 611 3459 ornata.
656 3382 733 3442 Diua
754 3383 876 3464 ωεὶςοία
892 3396 1084 3458 poprzeczae
1102 3381 1142 3441 od
1160 3379 1396 3457 przpmteszentc
1414 3379 1556 3460 picczqci

336 3485 479 3551 memo.
524 3485 644 3548 Arabia
673 3485 805 3562 Capituli
828 3486 981 3562 Metropol
1005 3483 1059 3545 Nr.
1080 3482 1133 3545 38.

329 3686 513 3755 innomine
533 3685 660 3752 Domini
682 3705 783 3754 amen.
828 3686 878 3753 Nc
897 3703 948 3753 res
966 3690 1072 3769 gestas
1091 3682 1218 3751 aboleat
1237 3681 1388 3749 decursus
1402 3687 1587 3765 temporum,
1609 3683 1777 3752 confirmat

228 3787 300 3856 illas
320 3787 552 3857 autenticorum
575 3788 689 3854 titulus
716 3787 904 3853 litterarum.
948 3786 1031 3853 Hinc
1056 3793 1107 3853 est
1133 3786 1240 3869 igitur,
1266 3785 1351 3870 quod
1376 3803 1434 3853 nos
1461 3785 1616 3854 secundm
1641 3786 1778 3855 Premizl

231 3888 289 3959 Dei
309 3889 418 3975 gracia
437 3890 502 3956 dux
522 3889 652 3956 Polouie
675 3895 785 3955 tenore
806 3888 1001 3972 presencium
1025 3894 1135 3954 notum
1154 3905 1223 3954 esse
1251 3886 1395 3954 volumus
1423 3888 1577 3955 umuersis
1598 3897 1778 3974 presentem

229 3993 375 4078 paginam
396 3992 596 4076 inspecturis,
618 3990 702 4075 quod
722 3992 936 4074 percunctatis
957 3988 1101 4056 fidelibus
1122 3988 1271 4070 serviciis,
1293 3987 1385 4055 nobis
1407 3994 1441 4055 et
1466 3995 1575 4057 nostro
1602 3998 1717 4074 patruo
1738 3994 1777 4061 B.

228 4094 345 4163 illustri
365 4093 523 4179 quondam
545 4093 618 4159 duci
638 4091 768 4160 Polouie
789 4112 846 4177 per
868 4092 1075 4160 venerabilem
1097 4092 1402 4176 patremdominum
1422 4090 1570 4159 Iacobum
1593 4094 1701 4163 divina
1718 4096 1777 4162 mi·

229 4197 388 4266 macione
408 4195 678 4280 archiepiscopum
700 4194 895 4262 Gneznensis
917 4194 1055 4276 ecclesie,
1078 4213 1149 4260 cum
1170 4199 1255 4261 esset
1276 4194 1310 4260 iu
1323 4193 1437 4259 minori
1458 4193 1561 4264 officio
1575 4198 1778 4281 constitutus,

229 4299 364 4381 enbitis,
385 4298 505 4365 intuitu
523 4298 701 4380 prostancie
724 4315 780 4364 sue
801 4296 943 4363 dedimus
965 4303 998 4362 et
1019 4296 1208 4362 contulimus
1227 4296 1257 4362 oi
1276 4294 1482 4363 lncrulitatcm
1497 4297 1586 4364 iuxta
1600 4299 1702 4367 locum
1718 4300 1778 4367 Po-

229 4403 276 4470 ria
298 4421 359 4487 que
381 4400 593 4469 Polaniuovici
615 4400 788 4482 vulgariter
809 4406 1016 4480 nuncupatur,
1045 4399 1112 4465 iuro.
1140 4398 1352 4482 patrimoniali
1378 4417 1434 4464 scu
1460 4398 1648 4469 inoruiitario
1679 4405 1778 4487 possi·

229 4504 361 4576 (leudam
383 4523 454 4572 cam
475 4502 620 4570 omnibus
642 4502 772 4582 iuribus,
793 4500 984 4567 utilitatibus
1003 4507 1036 4566 ct
1058 4501 1256 4584 pertiuentiis
1277 4500 1386 4584 ipsius,
1408 4502 1618 4571 existentibus
1638 4511 1673 4573 et
1693 4506 1778 4574 futu-

230 4608 282 4690 ris,
304 4608 338 4674 in
360 4611 499 4674 terrast
519 4623 612 4688 aqua,
635 4604 706 4671 lacu
728 4603 874 4669 uidelicet
895 4604 1100 4685 inqttnutum
1122 4604 1222 4687 ipsum
1249 4603 1403 4686 contingit
1433 4622 1533 4686 usque
1559 4606 1600 4673 ad
1629 4609 1779 4677 medieta-

231 4715 294 4779 tem
310 4709 410 4794 ipsius
436 4727 475 4776 ex
502 4712 690 4773 transuerso.
736 4705 855 4772 Dantcs
881 4705 990 4770 incolis
1023 4706 1107 4772 dictu
1137 4704 1323 4772 hereditatis
1350 4706 1562 4774 omnimodam
1588 4709 1778 4795 libertatem,

231 4829 426 4898 quocumque
445 4810 526 4891 iuro,
546 4808 695 4876 Polonico
716 4808 764 4874 rel
787 4807 967 4886 Teutonico,
990 4825 1072 4873 noro
1093 4808 1142 4874 vel
1165 4806 1263 4874 reteri
1292 4806 1480 4874 locabuntur
1498 4808 1623 4892 ibidem,
1643 4811 1779 4881 liberau-

232 4921 279 4983 tes
298 4934 354 4984 sos
374 4912 415 4982 ab
436 4911 580 4979 omnibus
602 4912 739 4996 bulgariis
761 4917 795 4977 ct
816 4911 1018 4994 punarrgariis,
1044 4909 1255 4978 solucionibus
1283 4915 1317 4976 et
1341 4909 1480 4975 serviciis
1508 4930 1695 4999 quocunque
1725 4936 1780 4984 no-

233 5019 314 5085 mine
335 5020 532 5096 assentur,
554 5022 589 5082 ct
609 5016 780 5082 oximorum
800 5032 853 5079 eos
872 5012 912 5078 ab
931 5015 1016 5079 onrni
1039 5015 1252 5081 iurisdictione
1274 5013 1413 5080 omnium
1436 5013 1572 5081 iudicum
1588 5023 1779 5101 nostrorum,

234 5118 712 5206 commendatissimum,
735 5117 946 5202 palestinorum
968 5123 1001 5182 ct
1022 5136 1208 5200 quocunque
1230 5116 1380 5184 voeabula
1402 5116 1612 5200 ruminentur,
1640 5120 1725 5204 ipsos
1747 5124 1779 5190 in

235 5223 335 5290 minsis
354 5226 388 5289 et
409 5220 498 5305 poenis
518 5221 712 5305 mensurandis
739 5226 773 5287 ot
798 5219 968 5299 sommium,
998 5219 1204 5287 iurislictioui
1230 5221 1279 5286 sui
1301 5219 1419 5286 donnini
1446 5221 1664 5288 tamtummodo
1686 5224 1780 5291 sulin-

236 5333 381 5412 poeotes:
407 5330 536 5410 excepto
558 5325 724 5393 dumtaxat
745 5342 820 5392 usu
843 5322 1033 5406 ntpligcncio
1054 5323 1088 5391 in
1103 5323 1260 5393 insidenda
1280 5322 1420 5391 iusticia:
1439 5326 1477 5389 ut
1498 5327 1622 5392 tautum
1648 5344 1705 5412 por
1726 5347 1781 5398 no-
