4860 6180
1715 407 1724 420 ³
1823 303 1902 380 aas

359 513 438 583 alias
457 509 611 578 inhabiles
631 508 672 577 ad
693 507 892 590 studendum,
913 506 996 592 quod
1016 505 1154 573 studium
1177 506 1313 591 incipere
1335 512 1503 590 nequeant,
1524 504 1573 573 vol
1595 505 1743 591 perlicere
1761 511 1819 574 aut
1840 511 1906 573 ter·

361 616 480 684 minare
502 614 676 698 inceptum:
706 613 819 697 qoilnur
843 611 1071 695 iruluulinmntis
1097 610 1301 690 cmmntibus,
1333 614 1499 675 tornantur
1523 608 1660 693 iunipero
1687 615 1719 675 et
1746 609 1905 695 inceptum

361 718 510 805 perlicere
528 716 677 798 studium,
699 725 738 784 ut
755 717 900 800 superius
921 721 971 779 ost
991 732 1181 795 expiaremur.
1227 713 1275 778 hd
1298 712 1440 796 prulicta
1461 729 1585 795 quoquae
1616 713 1783 796 inarmonia,
1805 712 1907 781 archi-

363 820 487 888 diaconi
506 819 678 904 supruulicti
702 839 722 886 a
743 819 808 884 suis
827 817 1001 884 diocesanis
1023 835 1079 898 per
1099 815 1288 880 amotionem
1311 815 1569 896 etprimtioacm
1593 823 1819 899 perpetuumu
1841 818 1907 883 suis

362 923 666 992 archidiaconatibus
695 922 931 1005 compellantur.
977 918 1176 999 lmlulgcmus
1204 922 1311 983 autem
1338 917 1565 985 archidiaconis
1592 919 1791 1002 supradictis,
1823 919 1908 1003 quod

363 1026 446 1095 inira
463 1026 642 1107 triennium,
665 1045 729 1108 qum
748 1025 853 1090 studio
875 1021 997 1107 prelato
1019 1020 1184 1100 vacabunt,
1204 1021 1514 1088 archidiaconatuum
1536 1029 1571 1088 et
1591 1022 1725 1089 aliorum
1743 1020 1908 1088 beneficio·

361 1148 432 1197 rum
452 1146 581 1196 suorum
603 1128 726 1195 fructuos
747 1135 780 1194 ot
800 1132 971 1211 proventus
991 1142 1061 1189 cum
1083 1142 1122 1188 aa
1141 1123 1325 1205 integritate
1346 1124 1531 1206 percipiant,
1554 1144 1624 1191 cum
1648 1143 1712 1208 qua
1732 1122 1817 1206 ipsos
1837 1143 1909 1208 per-

362 1232 502 1315 ciperent
522 1232 550 1297 si
571 1231 605 1297 in
627 1231 721 1297 dictis
742 1226 1045 1297 aichidiaconatibus
1066 1226 1115 1291 vel
1144 1225 1301 1291 maleficiis
1329 1227 1537 1309 personaliter
1561 1233 1773 1308 mammatae
1805 1227 1908 1310 quoti·
1974 1306 1976 1310 ‚

362 1334 465 1400 dionis
485 1333 759 1401 distributionibus
781 1353 842 1417 quc
863 1333 896 1398 in
915 1349 996 1414 pane
1017 1335 1050 1396 et
1069 1329 1141 1394 vino
1162 1329 1294 1412 singulis
1314 1329 1363 1396 vel
1385 1331 1480 1396 certis
1495 1330 1605 1397 dicbus
1619 1330 1805 1398 exhibentur
1819 1329 1910 1397 dum-

362 1441 451 1504 taxat
472 1437 624 1520 exceptis3
646 1436 708 1502 nisi
728 1436 761 1502 in
782 1434 922 1501 fraudem
945 1433 1099 1515 presentis
1128 1431 1370 1513 constitutionis,
1401 1432 1521 1499 relitus
1550 1435 1604 1516 qui
1626 1439 1854 1501 consueuerant
1874 1434 1908 1499 in

362 1539 496 1624 peccunia
516 1538 645 1623 percipi,
667 1539 888 1606 ordinarentur
909 1553 965 1620 pro
986 1534 1259 1601 distributionibus
1280 1535 1374 1618 pauiu
1391 1540 1425 1602 et
1447 1536 1519 1603 vini.

471 1645 587 1708 werce
605 1647 838 1707 matrinroaioles
859 1644 1018 1718 carpento
1039 1643 1252 1704 ementiendae.
1284 1638 1498 1720 thibemus,
1510 1643 1558 1706 ¹ne
1580 1659 1673 1707 cause
1693 1638 1909 1706 matrimonia·

363 1748 409 1815 lus
429 1745 490 1813 nisi
512 1744 656 1814 discretis
677 1751 711 1813 et
729 1744 875 1830 gmvibus
897 1761 936 1810 ac
957 1742 1097 1808 honestis
1118 1743 1357 1808 committantur
1377 1744 1529 1826 personis,
1560 1747 1594 1810 et
1623 1742 1810 1810 habentibus
1832 1743 1910 1809 imis

364 1849 505 1918 canonici
525 1850 672 1934 peritiam
690 1849 739 1915 uel
761 1866 928 1915 causarum
950 1847 1174 1930 experientiam
1199 1847 1231 1912 in
1260 1846 1377 1926 talibus
1402 1853 1622 1930 opportunam
1666 1845 1851 1930 Statuamus,
1874 1853 1912 1913 ut

364 1952 457 2019 iudex
478 1952 512 2018 iu
530 1951 633 2019 musis
654 1949 937 2018 matrimonialibus
958 1955 1056 2015 testes
1077 1966 1133 2031 per
1153 1967 1188 2014 se
1209 1947 1323 2032 ipsum,
1345 1949 1395 2017 vel
1416 1950 1512 2016 alium
1541 1949 1713 2016 discretum
1741 1956 1775 2016 et
1798 1946 1911 2016 hones·¹

365 2061 433 2123 tum
454 2054 533 2122 iuris
553 2055 690 2140 peritum
712 2053 761 2120 vel
782 2053 896 2120 bonam
916 2052 1141 2136 exponentium
1162 2069 1328 2119 causamn
1349 2052 1525 2134 habeatem,
1548 2052 1714 2119 examinet

468 2161 666 2224 Sucrmeam
687 2161 725 2222 de
746 2177 807 2222 noro
828 2161 1001 2235 desereadb
1020 2160 1118 2235 onuph
1134 2161 1343 2235 praelatorum
1363 2163 1501 2222 resciae
1538 2155 1619 2236 Quia
1640 2155 1783 2222 nonnulli
1798 2154 1913 2239 prelati

365 2260 520 2328 seesima
542 2264 576 2327 et
596 2260 755 2344 regulares
776 2259 912 2327 subditis
933 2260 999 2326 suis
1020 2258 1171 2340 inhibem,
1194 2277 1234 2326 ne
1252 2260 1454 2328 ecclesiarum
1475 2260 1542 2328 sive
1556 2261 1817 2328 monasteriorum
1839 2277 1912 2326 sao·

366 2383 437 2431 rann
458 2369 577 2431 statum
598 2382 803 2448 persomrum
823 2369 857 2431 et
877 2381 984 2429 rerum
1004 2360 1182 2429 contradens
1204 2363 1417 2446 superioribus
1439 2365 1514 2446 suis,
1537 2382 1594 2430 seu
1614 2363 1686 2430 aliis
1705 2381 1763 2446 per
1777 2381 1856 2447 quos
1871 2361 1912 2430 ad

365 2466 511 2533 noudum
532 2483 640 2533 eoram
658 2466 830 2550 perveniat,
850 2465 1010 2532 insinuent
1030 2464 1080 2531 vel
1099 2471 1266 2567 exponant,
1289 2465 1414 2534 eosdem
1435 2466 1579 2533 subditos
1601 2466 1660 2534 sub
1681 2465 1850 2534 iuramenti
1866 2467 1913 2532 in·

366 2568 571 2653 terpositione
592 2575 626 2637 et
647 2569 719 2636 aliis
740 2569 874 2636 maculis
892 2569 1112 2653 astringentes,
1134 2569 1185 2636 vel
1206 2569 1240 2635 in
1262 2570 1340 2654 ipsis
1360 2570 1387 2636 si
1409 2588 1499 2638 secus
1521 2569 1652 2638 iecerint
1666 2571 1913 2638 excommunica·

367 2671 463 2738 tionis
483 2672 672 2739 seutentiam
691 2672 900 2755 proferentum
923 2671 1065 2739 homulli
1086 2671 1184 2739 etiam
1205 2691 1244 2739 ex
1269 2673 1315 2740 eis
1342 2672 1486 2740 subditos
1515 2674 1601 2760 ipsos
1626 2674 1809 2759 plerumque
1834 2674 1913 2741 alias

365 2773 425 2841 sihi
445 2773 597 2860 ohligant,
619 2793 659 2842 ne
679 2775 720 2841 de
741 2779 845 2843 cetero
867 2775 976 2842 dicant
995 2774 1061 2840 sive
1077 2773 1247 2857 deponant,
1269 2774 1460 2843 denuncient
1480 2782 1538 2842 aut
1558 2775 1677 2845 iaciunt
1697 2775 1818 2860 aliquid
1840 2793 1913 2842 con·

366 2885 418 2948 tra
438 2897 493 2947 eos
513 2897 570 2965 per
590 2879 676 2965 quod
696 2879 813 2945 malum
834 2879 884 2946 vel
905 2878 1054 2946 damnum
1075 2877 1196 2961 aliquid
1216 2879 1375 2946 incurrere
1396 2879 1533 2962 possint:
1561 2897 1601 2946 ex
1626 2879 1740 2963 quibus
1768 2877 1915 2963 frequen·

366 2987 416 3049 ter
433 2982 528 3065 uenit,
551 2981 636 3068 quod
656 2998 758 3067 quum.
774 2983 951 3066 superiores
973 2981 1119 3049 ecclesias
1141 2988 1175 3048 et
1195 2982 1386 3049 monasteria
1414 2982 1484 3067 ipsa
1513 2982 1653 3064 visitem,
1682 2981 1821 3066 ipsorum
1848 3000 1915 3049 mo·

365 3085 575 3154 nmmriorum
593 3103 649 3153 sea
667 3086 863 3171 prelatorum
884 3093 941 3151 aut
962 3087 1058 3153 etiam
1078 3085 1277 3152 subditorum
1299 3092 1418 3153 statum
1440 3087 1519 3154 scire
1544 3105 1606 3152 uon
1621 3090 1764 3168 possunt
1786 3091 1916 3170 propter
1992 3107 1997 3116 ·

367 3206 428 3272 que
449 3189 551 3256 multa
572 3189 605 3256 in
628 3189 683 3271 eis,
703 3195 768 3255 tam
789 3189 822 3254 in
845 3190 949 3274 capite
969 3207 1065 3273 quam
1087 3189 1121 3255 iu
1141 3189 1299 3272 membris,
1321 3209 1383 3274 que
1409 3191 1602 3257 conectione
1632 3195 1666 3258 et
1691 3188 1915 3258 reformatione

368 3290 518 3375 indigeat,
535 3287 700 3359 remanent
722 3292 912 3358 incorrecta:
935 3309 993 3358 nos
1015 3298 1126 3360 contra
1147 3292 1325 3360 huiusmodi
1343 3293 1545 3361 detestabiles
1567 3299 1601 3361 et
1614 3293 1806 3377 periculosas
1825 3300 1913 3359 astu·

368 3393 429 3460 tius
449 3392 613 3478 providere
633 3394 783 3475 uolentes,
806 3395 912 3461 omnia
933 3412 1027 3478 super
1045 3396 1094 3463 his
1115 3395 1240 3463 umcula
1268 3396 1465 3479 interposita,
1495 3396 1704 3481 obligationes
1734 3414 1840 3463 omnes
1862 3413 1915 3463 su-

336 3502 338 3507 ’
368 3515 423 3581 per
444 3495 630 3578 hoc'initus,
652 3497 824 3563 sententias
846 3504 880 3564 et
901 3516 1095 3582 quecumque
1112 3499 1176 3566 elia
1197 3499 1374 3567 huiusmodi
1388 3501 1551 3568 occasione
1564 3500 1742 3583 subsecuta,
1765 3500 1847 3566 inita
1859 3517 1917 3567 seu

367 3598 460 3683 iacta,
478 3597 529 3667 uel
548 3617 611 3684 qne
632 3600 664 3666 in
687 3607 849 3685 posternam
875 3601 951 3669 ierri
981 3603 1030 3670 vel
1059 3601 1127 3669 lieri
1152 3603 1329 3687 eontigerit,
1357 3603 1483 3687 penitus
1512 3622 1705 3686 revocemus,
1735 3602 1915 3671 relaxamus

368 3708 464 3788 atque
485 3719 653 3784 uouemus,
672 3720 710 3770 ac
725 3721 814 3769 cassa
834 3710 869 3770 et
885 3704 978 3771 irrita
998 3706 1196 3788 eundemne
1215 3706 1417 3775 decernentes
1435 3707 1579 3776 subditos
1601 3713 1635 3776 et
1655 3708 1734 3776 alios
1754 3706 1917 3792 supradic-

369 3811 418 3874 tos
439 3826 460 3874 a
479 3805 630 3891 predictis
650 3806 903 3890 obligationibus,
927 3811 1092 3876 sententiis
1115 3817 1211 3894 atque
1225 3811 1314 3895 penis
1337 3810 1477 3878 totaliter
1498 3811 1669 3895 absolutos,
1688 3816 1723 3879 et
1743 3812 1785 3878 ad
1806 3830 1916 3880 eorum

368 3909 618 3978 observationem
638 3909 837 3994 aliquatenus
860 3930 922 3979 non
945 3913 1055 3979 teneri.

474 4016 616 4095 &iudex
636 4019 826 4079 sacerdotum
848 4035 910 4080 ooo
931 4021 1061 4081 Iocauda
1082 4023 1115 4081 im
1129 4024 1278 4095 ecclesiis,·
1299 4021 1368 4082 iibri
1384 4023 1497 4082 rituaua
1509 4021 1548 4082 ab
1569 4023 1611 4082 iis
1625 4023 1752 4083 tenendi
1783 4016 1820 4085 In
1837 4016 1918 4085 Con·

371 4116 442 4183 cilio
464 4115 649 4200 prohibetm·
671 4123 704 4184 et
726 4137 783 4184 nos
804 4117 1006 4202 prohibemus
1027 4120 1249 4187 inviolabiliter
1270 4120 1438 4201 obseruari,
1458 4138 1498 4187 ne
1512 4119 1721 4203 supellectilia
1734 4119 1917 4200 sacerdotis,

371 4221 499 4304 propria
519 4237 575 4286 seu
596 4220 668 4301 alia,
693 4221 726 4286 in
744 4220 884 4287 ecclesiis
906 4229 1098 4305 reponantur
1117 4230 1175 4289 aut
1196 4224 1292 4290 etiarn
1308 4230 1485 4304 tencantur,
1504 4223 1565 4289 nisi
1580 4228 1710 4306 propter
1724 4222 1856 4288 hostiles
1871 4223 1917 4288 in-

372 4342 482 4390 cursus
502 4329 558 4389 aut
583 4313 732 4390 incendia
748 4325 912 4407 repentina
933 4325 973 4391 ad
995 4344 1049 4390 eas
1070 4331 1217 4408 oporteat
1235 4325 1350 4392 habere
1372 4325 1536 4409 refugium,
1560 4327 1605 4392 sic
1622 4332 1737 4407 tamon,
1761 4332 1798 4391 ut
1812 4345 1918 4392 neces·

370 4427 465 4493 sitatc
486 4431 629 4493 cessante
651 4433 742 4493 extra
763 4427 924 4493 ecclesiam
945 4433 1121 4510 portentur.
1165 4427 1296 4495 Libmm
1318 4430 1372 4514 qrri
1393 4429 1510 4495 dicitur
1528 4430 1675 4495 manuale
1697 4429 1833 4496 habiant
1855 4430 1919 4495 sin·

370 4530 434 4610 guli
463 4528 638 4613 presbyteri
673 4529 878 4614 parochiales,
919 4530 972 4595 ubi
1005 4532 1204 4597 contincatur
1243 4531 1320 4596 ordo
1356 4532 1514 4615 baptismi,
1552 4533 1745 4616 catechismi,
1781 4539 1920 4600 extremo

371 4633 527 4700 unctionis
548 4638 582 4699 et
602 4632 793 4712 huiusmodi;
817 4652 873 4699 rice
892 4653 955 4698 non
977 4633 1072 4699 libros
1094 4634 1182 4715 alios,
1214 4635 1246 4700 in
1268 4636 1381 4718 quibus
1404 4637 1526 4719 possint
1560 4640 1625 4702 tumr
1651 4629 1806 4704 diurnum
1823 4655 1918 4719 quam

371 4744 557 4804 noctumunr
579 4737 716 4804 osticium
739 4738 904 4804 celebrare.

479 4845 608 4905 clarem
631 4846 661 4905 io
684 4848 746 4905 loco
767 4862 855 4903 arran-o
884 4849 995 4907 nummu
1042 4843 1232 4926 Praeivimus
1256 4842 1480 4924 mcerulotihus,
1510 4847 1546 4908 at
1577 4842 1681 4909 alirino
1707 4843 1810 4911 cilicio
1840 4844 1919 4910 colc-

372 4941 463 5010 hrato
482 4949 516 5009 et
537 4943 652 5026 popula
674 4963 814 5020 rumorem
836 4945 875 5009 arl
899 4945 1034 5028 propria,
1057 4946 1203 5010 ccclesias
1226 4966 1300 5012 siras
1320 4949 1443 5014 tirnmre
1465 4946 1601 5013 debeant
1622 4948 1797 5027 diriperae:
1843 4947 1918 5012 Pro-

373 5043 502 5112 hiluant
522 5047 617 5112 etiamr
640 5047 817 5112 sucrerulotcs·
840 5049 898 5114 surb
922 5070 1002 5131 perra
1023 5051 1360 5131 rucrnrnnrarrricationis,
1389 5053 1517 5118 cinnae
1549 5052 1579 5116 in
1613 5052 1787 5117 ceconomo-iis
1815 5051 1863 5116 viel
1887 5052 1917 5115 in

373 5148 617 5230 ccelesiisduch
640 5151 779 5232 quiunt
801 5152 848 5216 ait
870 5152 1080 5231 hugtimidus:
1112 5153 1226 5218 Melias
1253 5163 1302 5219 ast
1329 5154 1449 5220 last-ivis
1478 5154 1588 5220 ‹liohus
1617 5154 1723 5220 liuline
1745 5154 1792 5218 urei
1816 5174 1917 5236 aranu,

373 5272 466 5334 «prunum
489 5254 618 5320 rinnau
640 5254 763 5319 ‹lirin-rc.
808 5255 873 5320 Sub
898 5258 1108 5323 rurrruthumatis
1133 5257 1386 5324 intamninatiorm
1417 5259 1625 5340 mohilnnnns,
1658 5277 1696 5322 rnr-
1723 5258 1795 5341 qnis
1814 5257 1920 5324 ciuiles

1712 5377 1761 5431 ω*
