4476 6180
383 371 466 452 ste

381 575 440 644 hec
458 577 564 644 onmia
584 584 619 644 et
636 577 761 662 singula
781 578 879 646 robur
899 574 1064 646 obtineant
1085 581 1237 663 perpetuo
1257 575 1429 660 firmitatis,
1452 580 1630 663 presentem
1660 573 1807 663 pagiuam
1833 571 1935 644 nostri

384 678 479 763 sigilli
491 680 664 747 munimine
675 682 822 748 (lominus
833 682 1041 749 roborandam
1051 681 1250 765 presentibus
1264 680 1315 750 his
1327 681 1475 750 testibus:
1491 680 1606 749 comite
1616 680 1734 748 Groela
1743 679 1852 765 Dcpslr
1864 679 1938 764 (sic)

381 780 533 866 piuoema
553 781 770 865 Pozrranicusi,
792 784 891 850 tratre
912 803 970 850 suo
993 783 1108 851 comite
1130 783 1276 852 lolrarrne
1301 789 1452 854 venatore
1477 783 1695 865 Pennanicnsi,
1722 783 1838 851 comite
1858 780 1937 848 Vin·

381 884 488 952 cencio
507 883 572 951 tilio
592 884 765 952 Themislni
787 886 959 954 castellano
979 885 1019 952 do
1040 885 1172 968 Saurtok,
1194 888 1309 954 comite
1330 886 1462 954 Nimiae
1476 886 1563 953 dicto
1577 885 1674 953 Samb
1687 890 1837 952 venatore
1851 884 1937 952 Guc·
1967 975 1970 980 Ι

380 987 499 1068 mensi,
522 988 636 1055 comite
655 989 821 1056 Drouislao
838 988 1016 1069 Wilkomir,
1036 995 1068 1055 et
1091 988 1162 1056 aliis
1184 1006 1280 1072 quam
1301 989 1446 1073 pluribus
1460 987 1582 1057 clericis
1596 994 1631 1055 et
1643 987 1732 1056 laicis
1747 987 1809 1054 tide
1822 985 1936 1071 dignis.

381 1085 501 1156 Datum
523 1095 558 1156 et
578 1096 685 1156 aetum
708 1089 741 1156 in
763 1088 886 1158 Santolr
907 1108 990 1158 anuo
1012 1089 1138 1158 Domini
1159 1089 1449 1160 mccnxicvm
1474 1109 1532 1176 per
1559 1108 1672 1158 manus
1691 1089 1811 1158 domim
1831 1087 1938 1156 Thilo-

381 1191 432 1259 nis
453 1183 569 1258 antedi
591 1192 678 1258 curie
699 1197 817 1259 nostro.

484 1359 642 1443 Polimlro,
666 1364 801 1427 Polline.
844 1362 1025 1448 Naviglum,
1047 1365 1114 1442 tj.
1135 1385 1178 1430 nu
1197 1383 1286 1430 mcc
1314 1366 1435 1430 Wcrcle
1453 1365 1504 1428 lut
1525 1366 1639 1438 Noteci,
1659 1365 1734 1428 otei
1753 1364 1938 1450 polpczeniu

380 1461 507 1544 meroen
528 1463 593 1545 osy
612 1461 685 1527 miei
705 1467 842 1530 Pelinna.
887 1465 1019 1548 Santolr,
1043 1470 1170 1534 mutel.
1207 1465 1316 1552 Depsk
1337 1465 1392 1553 (de
1410 1465 1541 1553 Pcevi),
1563 1465 1734 1534 Willcomir
1747 1464 1801 1552 (de
1815 1463 1938 1531 Willro·

379 1564 465 1650 visi)
487 1568 640 1631 widocznc
659 1570 782 1648 occelli,
804 1573 855 1634 nie
876 1572 1075 1659 odpudaaione.

1053 1763 1128 1850 Νι.
1159 1755 1260 1848 476.

484 1953 678 2042 Boleslaus
705 1958 784 2043 dux
810 1959 961 2045 Polouio
988 1963 1087 2041 127
1092 1961 1124 2041 8
1150 1957 1240 2063 dpr.
1266 1959 1355 2054 28,
1371 1940 1422 2041 ¹in
1448 1954 1611 2070 iiuemm
1638 1974 1802 2043 mussat
1830 1992 1937 2063 mom

379 2078 478 2146 sterio
499 2078 540 2146 de
560 2077 630 2198 lad
651 2081 744 2201 villas
764 2083 930 2166 imomyn,
951 2080 1131 2149 Konaleno
1147 2086 1183 2149 et
1202 2079 1331 2164 Dratyn
1352 2084 1465 2147 contm
1485 2077 1672 2163 petitionem
1699 2075 1846 2162 Bogohli
1872 2075 1939 2161 epi·

380 2197 468 2266 mm
486 2180 767 2369 {affimat
811 2292 861 2355 Na
881 2289 1001 2355 niciam
1019 2286 1173 2365 jedeon
1205 2303 1353 2353 amose
1378 2288 1609 2366 mmmm
1623 2280 1751 2370 peaes
1771 2284 1941 2349 sunem

379 2389 504 2474 etde
527 2397 671 2469 ouem
688 2400 786 2464 xvn

493 2491 657 2558 menae
678 2495 727 2560 nr.
749 2496 867 2560 raam
885 2496 1077 2574 anemae.

484 2659 523 2728 In
545 2661 671 2730 nomine
691 2662 820 2731 Domini
841 2681 944 2731 amen,
988 2660 1142 2744 Quoniam
1162 2659 1280 2729 iactum
1303 2678 1396 2729 omne
1416 2658 1639 2728 modernorum
1660 2657 1868 2728 solet-haberi
1880 2656 1940 2726 dn·
2035 2728 2037 2731 .

381 2760 469 2831 bium
490 2764 576 2848 quod
597 2783 661 2832 nou
682 2764 878 2832 authoritate
899 2763 1066 2832 literarum
1087 2782 1144 2831 seu
1165 2763 1295 2832 testium
1315 2763 1495 2847 robor-amr,
1523 2762 1594 2831 ideo
1615 2780 1674 2830 nos
1695 2762 1860 2831 Balesium
1878 2759 1939 2829 Dei

379 2866 489 2951 mucia
507 2864 572 2933 dux
593 2865 724 2933 Polonie
745 2871 856 2934 uotum
878 2867 1011 2934 wlumus
1032 2883 1102 2934 esse
1131 2870 1198 2934 tam
1219 2866 1420 2951 presentibus
1441 2883 1537 2952 quam
1555 2863 1683 2948 futuris,
1704 2863 1790 2949 quod
1809 2881 1939 2932 causam

381 2986 445 3054 que
464 2968 649 3036 vertebatur
669 2970 754 3036 inter
774 2968 935 3036 domiuum
957 2968 1155 3054 Nycholaum
1176 2968 1335 3055 quondam
1354 2966 1438 3036 bone
1459 2968 1609 3036 memorie
1622 2968 1804 3053 episcopum
1818 2966 1941 3034 Poma·

381 3071 523 3138 mensem
545 3090 583 3138 ex
601 3089 666 3138 una
688 3077 781 3157 parte
802 3077 836 3139 et
856 3070 1017 3139 domiuum
1039 3071 1186 3139 abbatem
1207 3070 1404 3138 Dendensem
1422 3089 1463 3138 er
1483 3069 1587 3139 altem
1610 3089 1670 3155 per
1690 3069 1939 3157 quinquennium

381 3177 416 3241 et
436 3174 572 3260 ampo
591 3192 687 3259 super
715 3174 955 3257 hereditatibus,
980 3174 1128 3242 videlicet
1155 3174 1323 3258 Iurossiuo,
1349 3172 1557 3242 Marciukovo
1575 3177 1610 3240 et
1629 3172 1777 3256 Dmcina
1799 3172 1941 3239 diuinum

381 3292 478 3360 super
498 3295 557 3345 nos
578 3277 728 3344 iudicium
750 3284 928 3346 metuentes
950 3277 1060 3345 taliter
1072 3277 1267 3345 decrevimus
1281 3276 1428 3360 diffinire,
1450 3276 1596 3361 partibus
1609 3276 1754 3362 utrisque
1768 3275 1939 3343 termium

186 3428 187 3432 η
381 3379 629 3464 peremptorium
650 3384 839 3448 statuentes.
884 3381 919 3448 si
940 3380 1014 3465 quis
1031 3398 1109 3448 vero
1127 3381 1191 3447 iam
1212 3379 1425 3465 predictorum
1447 3379 1577 3446 iuterim
1598 3397 1617 3447 e
1637 3378 1742 3447 medio
1762 3377 1941 3460 tieretira-
2070 3397 2077 3428 ¹«

177 3525 183 3533 -
220 3525 225 3533 ·
356 3485 449 3549 -tres
467 3481 553 3549 illius
573 3481 724 3565 defuncti,
747 3501 827 3567 quos
840 3484 970 3566 respicit
984 3484 1255 3568 causapremissa,
1270 3483 1412 3551 >termae
1426 3481 1648 3550 nichilominus
1661 3485 1816 3562 astarent,
1833 3485 1940 3548 ratum

381 3581 535 3650 hebentes
556 3585 706 3669 quicquid
728 3602 834 3653 coram
855 3584 947 3652 nobis
968 3602 1064 3670 super
1084 3585 1194 3653 eodem
1213 3585 1342 3670 negocio
1362 3584 1448 3652 inste
1468 3583 1743 3652 determimretur.
1789 3582 1850 3652 Oui
1873 3587 1940 3650 ter·

381 3685 469 3754 mino
490 3685 588 3754 abbas
610 3706 682 3755 cum
704 3688 771 3754 suis
791 3687 943 3755 iratribus
958 3688 1109 3756 assistens
1122 3688 1301 3773 prestolans
1314 3686 1476 3771 indicium,
1496 3686 1643 3756 dominus
1657 3705 1731 3754 uero
1746 3685 1941 3754 Poanauien·

381 3788 428 3855 sis
446 3806 518 3856 cum
539 3790 605 3856 suis
627 3788 785 3857 canonicis
805 3790 975 3856 terminum
995 3791 1243 3874 peremptorium
1268 3790 1360 3874 parvi
1385 3787 1526 3874 pendeus
1551 3807 1616 3856 non
1639 3788 1830 3875 comparuit:
1856 3786 1941 3855 unde

381 3888 580 3958 abiudicatus
601 3898 742 3974 estnec
762 3890 848 3958 ultro
869 3892 899 3957 ei
919 3891 1008 3960 locus
1037 3910 1202 3960 concessus
1232 3897 1284 3960 est
1306 3891 1348 3959 de
1373 3890 1535 3976 premissis
1563 3890 1703 3958 sortibus
1733 3888 1837 3958 iacere
1864 3906 1942 3974 que-
1974 3946 1975 3949 ,

381 3991 528 4060 ctionem.
572 3993 690 4061 Abbati
709 4011 783 4061 uero
806 3993 987 4062 adiudicate
1008 3999 1084 4060 suut
1104 3994 1169 4061 iam
1190 3994 1276 4062 dicte
1297 3999 1400 4061 sortes
1421 3993 1505 4060 siem
1530 4011 1570 4060 ex
1595 3992 1729 4076 antiquo
1746 3993 1939 4078 optinuerat,
2070 3994 2077 4083 ξ

381 4093 596 4162 cirmmeme
614 4095 738 4177 uicinia,
760 4095 919 4162 mediante
940 4100 1049 4163 nostro
1071 4094 1302 4163 subcamerario
1329 4093 1508 4177 Seadiuoio,
1537 4100 1726 4162 rmouautes
1753 4093 1940 4162 earumdem
2070 4099 2076 4176 ξ

318 4219 321 4225 “
382 4197 519 4264 cordum
540 4198 631 4281 signa
644 4202 679 4264 et
699 4203 801 4264 metes
822 4197 981 4280 antiquos,
1004 4197 1200 4265 succidentes
1221 4216 1261 4265 ex
1282 4203 1392 4265 nostro
1414 4196 1564 4265 maristo
1587 4198 1677 4282 signa
1690 4215 1773 4266 nova
1790 4215 1853 4282 que
1874 4197 1941 4282 epi·

381 4315 497 4385 scopus
519 4299 691 4385 Boguialus
713 4301 781 4366 sine
802 4299 927 4383 vicinia,
950 4303 988 4366 ut
1008 4299 1155 4383 probavit
1175 4298 1273 4367 abbas
1295 4318 1401 4367 coram
1425 4300 1524 4382 nobis,
1547 4318 1605 4384 pro
1628 4318 1685 4367 sue
1699 4298 1818 4368 iecerat
1831 4299 1941 4367 uoluu-
2071 4296 2078 4387 ξ

383 4404 461 4469 tate.
506 4401 610 4469 Huius
632 4403 678 4469 rei
699 4407 799 4467 testes
822 4407 914 4467 sunt:
935 4400 1190 4468 Herkamboldus
1211 4401 1382 4485 palatinum,
1403 4401 1566 4469 Prctslaus
1588 4402 1783 4470 Gnezneusis
1797 4402 1941 4469 castella-

381 4520 453 4585 uns,
475 4504 595 4572 Bocota
608 4503 781 4569 Lcndensis
795 4502 994 4584 castellanus,
1015 4503 1204 4570 Ccchoslaus
1219 4505 1368 4588 pincerna
1382 4503 1581 4586 Kalisiensis,
1600 4504 1717 4588 chota
1730 4511 1862 4573 venator
1875 4505 1941 4571 Ka·
2072 4530 2080 4594 ‚z

382 4604 530 4687 liniensis,
553 4624 656 4672 cernes
678 4606 833 4671 lohannes
855 4605 895 4671 dc
917 4605 1086 4689 Slugocino
1108 4625 1180 4673 cum
1201 4626 1259 4673 suo
1284 4606 1385 4674 tratre
1410 4607 1586 4692 Bogumilo.
1631 4607 1681 4674 Ne
1706 4607 1805 4692 igitur
1831 4613 1941 4674 nostro
2073 4617 2079 4687 ξ

382 4705 456 4774 huic
476 4706 560 4773 iacto
586 4709 781 4790 inposterum
808 4708 924 4792 aliquis
953 4710 1071 4776 autleat
1098 4729 1178 4776 ausu
1204 4710 1371 4776 temerario
1396 4712 1565 4792 contraire,
1594 4716 1772 4795 presentem
1793 4712 1941 4796 paginam
2072 4698 2079 4769 ἶ

381 4811 495 4878 οιὶυᾶο
526 4811 735 4893 couscriptum
766 4809 861 4891 sigilli
888 4812 990 4877 nostri
1008 4813 1199 4895 appensione
1220 4813 1367 4880 luximus
1388 4813 1609 4880 roborandam.
1639 4813 1759 4879 Datum
1780 4820 1815 4880 et
1834 4819 1941 4880 actum
2075 4834 2079 4844 ·

382 4913 417 4980 in
438 4911 569 4979 Gneznu
597 4931 680 4979 anno
710 4912 836 4977 Domini
863 4912 952 4979 MCC
979 4913 1211 4998 septuagesimo
1229 4913 1318 4996 VllI,
1344 4916 1378 4982 in
1411 4915 1463 4981 die
1495 4914 1581 4981 beati
1606 4914 1771 4982 dilulberti
1802 4914 1941 4999 episcopi
2075 4903 2079 4907 ’

383 5019 418 5083 et
437 5015 598 5098 martyris.

487 5184 670 5266 leudensis,
692 5145 730 5248 rie
748 5183 824 5271 lupi.
870 5183 1038 5268 lumssino,
1059 5192 1223 5268 loraszam.
1259 5184 1475 5271 Maroialum,
1498 5188 1566 5254 deii
1588 5191 1761 5256 noemma
1793 5187 1941 5270 Dracino,
2075 5235 2081 5270 ,

383 5288 519 5378 Drpiym
564 5288 742 5371 Slugocino,
764 5292 920 5367 struponis.
2073 5274 2080 5333 3
