4860 6180
1110 770 1184 885 Nr.
1217 766 1317 856 523

534 963 788 1070 1110110οῄ00
814 967 1029 1052 Pomcrsnla
1060 966 1138 1050 dux
1171 966 1307 1047 1283
1334 963 1413 1048 inL
1438 967 1529 1060 26,
1558 961 1602 1045 in
1628 959 1777 1062 80000ος
1803 978 1861 1045 mc
1885 978 1984 1045 eecle-

431 1085 499 1153 siae
519 1085 559 1154 de
577 1087 776 1156 Wloclnwelr
798 1097 924 1174 portum
946 1092 1053 1173 nuris,
1075 1090 1184 1159 Monac
1204 1089 1336 1172 dictum,
1358 1094 1392 1155 ct
1414 1086 1590 1174 complures
1610 1084 1702 1153 villus
1724 1082 1826 1152 eidem
1840 1082 1985 1153 adiacen-

432 1193 493 1273 tes,
514 1189 624 1271 multis
645 1191 818 1276 privilegiis
838 1213 858 1258 n
879 1212 913 1261 se
934 1195 1083 1261 munitas.

540 1292 785 1375 summissi.
829 1294 916 1363 Lites
936 1317 975 1365 cc
994 1317 1046 1364 rer
1063 1306 1167 1380 gestos
1190 1297 1218 1373 1,
1237 1313 1312 1377 pag.
1335 1295 1387 1358 91.

535 1496 574 1564 Iu
595 1499 722 1566 nomine
742 1498 868 1568 Domini
888 1521 991 1570 amen.
1035 1502 1156 1570 Notum
1176 1501 1221 1569 sit
1241 1500 1387 1569 omnibus
1409 1496 1609 1583 presentibus
1629 1501 1664 1564 et
1684 1497 1809 1580 tuturis,
1828 1497 1913 1583 qnod
1927 1516 1986 1565 nos

432 1597 643 1685 iiistiwoglns
661 1601 721 1669 Dei
739 1604 846 1686 gracia
866 1604 1053 1672 Pomoranie
1073 1605 1147 1685 dux,
1165 1604 1206 1672 ob
1226 1621 1366 1670 amorem
1387 1601 1449 1669 Dei
1470 1601 1697 1685 omnipotentis
1711 1606 1746 1667 et
1760 1602 1873 1668 manis
1886 1601 1986 1686 ipsius

431 1700 525 1770 beate
549 1704 651 1772 Maris
668 1705 799 1789 virginis
816 1725 854 1773 ac
874 1707 907 1772 in
928 1709 1144 1774 remissionem
1170 1712 1352 1775 nosuorum
1379 1705 1606 1789 peccaminum,
1633 1722 1775 1771 necnon
1801 1709 1836 1771 et
1856 1711 1988 1789 propter

432 1804 526 1874 fidele
546 1807 713 1876 servicium
734 1803 920 1876 venerabilis
941 1810 974 1876 in
998 1808 1125 1877 cbristo
1146 1809 1248 1891 patris
1269 1808 1389 1875 domini
1411 1808 1535 1875 Alberti
1563 1807 1694 1874 ecclesie
1716 1805 1987 1875 wladislaviensis

432 1907 581 1996 episcopi,
610 1914 645 1977 ct
669 1909 803 1978 nouum
829 1911 928 1996 ipsius
958 1910 1098 1996 capituli
1121 1909 1392 1978 wladislaviensis
1421 1912 1600 1978 orationum
1634 1908 1809 1992 obtentum,
1842 1909 1987 1977 dedimus

434 2010 552 2080 eisdem
569 2013 717 2098 episcopo
738 2019 773 2082 et
794 2013 942 2099 Capitulo
961 2032 1000 2083 sc
1021 2012 1252 2081 successoribus
1272 2014 1414 2097 ipsorum
1435 2030 1515 2096 pure
1536 2017 1571 2079 et
1590 2011 1765 2079 liberaliter
1778 2016 1906 2096 pormn
1919 2031 1987 2079 ma·

433 2113 490 2196 rb,
511 2115 567 2199 qui
587 2115 679 2184 More
698 2117 872 2201 vulgariter
891 2122 1102 2201 nuncupatur,
1123 2134 1195 2183 cnm
1216 2116 1361 2184 omnibns
1383 2113 1577 2182 utilitatibus
1598 2115 1675 2181 suis.
1719 2115 1764 2182 Et
1783 2115 1913 2199 insuper
1932 2115 1987 2183 de·

435 2215 540 2284 dimus
568 2217 647 2304 ipsis
672 2218 765 2286 villas
796 2225 923 2286 assuas
951 2219 1038 2287 Brod
1065 2237 1136 2286 cnm
1161 2218 1334 2303 Golgolero
1364 2217 1570 2302 integraliter,
1601 2219 1685 2284 sicut
1712 2217 1848 2285 llichael
1873 2220 1986 2286 tenuit

437 2317 631 2403 Svarissenc,
650 2319 801 2406 Sopcowo
823 2341 894 2390 cnm
911 2321 1027 2390 ‘sulcze
1047 2327 1082 2389 et
1098 2320 1170 2388 aliis
1187 2321 1392 2406 pertinenciis
1409 2321 1511 2405 ipsius
1531 2320 1739 2404 integraliter,
1762 2320 1846 2388 sicut
1866 2320 1987 2389 Wilten

434 2422 586 2506 possedit
630 2423 778 2508 liestyno
803 2425 936 2492 tercium
967 2424 1041 2508 (sic)
1069 2422 1201 2507 Wispno
1227 2423 1312 2508 qnod
1343 2422 1491 2491 Cridloro
1516 2421 1642 2503 dicitnr,
1669 2421 1799 2504 levino,
1822 2422 1987 2491 Vicemino

435 2540 507 2591 cnm
529 2523 665 2610 Sugrino
686 2531 721 2594 et
740 2526 812 2594 aliis
832 2528 899 2594 suis
920 2527 1039 2611 campis
1060 2544 1116 2593 sen
1135 2525 1214 2593 locis
1229 2525 1386 2606 villarum,
1406 2542 1594 2610 quocunqne
1613 2525 1677 2593 alio
1694 2524 1847 2593 vocabulo
1868 2545 1988 2594 nuncu·

434 2631 561 2711 pentm,
583 2628 783 2713 integraliter
803 2629 886 2696 sicut
907 2627 1055 2697 Glabunn
1075 2628 1226 2713 pincerna
1247 2633 1356 2695 noster
1377 2628 1491 2694 tenuit
1520 2626 1708 2694 Porstolono
1726 2627 1902 2694 iniunctum
1913 2627 1988 2695 ville

433 2726 475 2796 dc
493 2727 676 2814 biilobanie‚
696 2731 899 2798 medietatem
927 2731 1002 2798 ville
1021 2730 1062 2797 de
1089 2729 1257 2797 Cecaenwo
1284 2748 1381 2814 quam
1410 2729 1593 2814 capellanus
1613 2734 1648 2796 et
1665 2728 1797 2796 ecclesia
1817 2737 1928 2798 nostra
1947 2730 1989 2798 dc

434 2829 536 2899 Pnrik
556 2839 652 2901 antea
673 2833 864 2918 possidebat,
892 2837 927 2900 et
951 2832 1151 2900 Mnestiinam
1175 2833 1267 2899 iuxta
1287 2832 1475 2900 Milorstoro
1504 2830 1612 2899 villam
1637 2849 1747 2898 eorum
1778 2832 1884 2913 sitnm,
1916 2851 1988 2900 cum

435 2931 583 3001 clausura
601 2940 713 3002 nostre
733 2934 849 3002 ibidem
870 2953 965 3018 super
983 2933 1115 3001 liabnm
1136 2935 1241 3018 posita
1262 2940 1296 3001 et
1317 2954 1389 3003 cnm
1411 2933 1589 3002 custoribus
1610 2952 1648 3001 nc
1662 2933 1734 3000 aliis
1747 2934 1940 3002 udbtntibus
1954 2941 1989 3002 et

434 3036 637 3121 pertinenciis
659 3037 798 3105 eiusdem
819 3036 903 3118 ville,
932 3036 1025 3121 plene
1052 3037 1135 3104 siem
1158 3035 1223 3102 dux
1249 3036 1379 3105 Polonie
1404 3036 1550 3104 dominus
1575 3034 1759 3103 Premislius
1791 3037 1989 3132 edptempns

435 3138 566 3206 snobis
588 3158 628 3208 ex
649 3146 761 3208 nostra
781 3139 979 3207 concessione
998 3139 1116 3206 tenuit:
1134 3157 1230 3223 qnam
1252 3139 1485 3207 concessionem
1507 3144 1541 3205 et
1556 3139 1753 3223 privilegium
1767 3157 1824 3206 seu
1836 3139 1989 3222 litteram,

436 3241 594 3328 sialiqua
614 3259 711 3327 snper
730 3243 802 3327 ipsa
823 3241 1021 3309 concessione
1042 3240 1142 3308 eidem
1161 3241 1234 3311 duci
1255 3260 1312 3326 per
1333 3259 1392 3309 nos
1413 3241 1490 3308 duta
1508 3239 1616 3324 fucrit,
1643 3260 1766 3309 exnunc
1791 3242 1917 3326 penitus
1939 3261 1989 3308 re·

433 3361 592 3428 vocamus,
610 3344 723 3412 dantes
739 3350 774 3411 ct
794 3344 990 3427 resignantes
1009 3349 1136 3427 portum
1157 3350 1191 3410 ct
1210 3343 1302 3411 villas
1323 3344 1388 3411 iam
1409 3343 1512 3411 dictas
1544 3341 1677 3429 preintis
1704 3345 1851 3428 episcopo
1873 3351 1907 3411 et
1927 3343 1989 3412 Ca·

433 3446 537 3533 pitulo
558 3465 629 3515 cum
652 3447 738 3514 omni
759 3445 851 3531 pleno
872 3447 941 3512 iure
962 3452 997 3512 et
1013 3444 1161 3527 dominio,
1182 3446 1403 3514 vemcionibus
1418 3445 1549 3527 scilicet,
1570 3446 1800 3531 piscacionibus
1813 3446 1890 3530 suis,
1905 3466 1990 3515 cam·

435 3548 496 3634 pls,
517 3549 628 3635 pratis,
651 3548 830 3634 paludibus,
856 3547 953 3629 silvis,
980 3546 1170 3631 nemoribus,
1198 3547 1306 3630 boriis,
1335 3547 1511 3630 mellificis,
1535 3548 1638 3633 equis,
1665 3549 1760 3616 terris
1784 3554 1818 3615 et
1843 3547 1989 3617 omnibus

435 3650 508 3720 allis
528 3650 722 3719 udlitadbus
743 3657 777 3718 et
798 3650 1001 3736 pertinenciis
1019 3651 1169 3735 ipsamm,
1195 3651 1265 3718 iure
1291 3651 1482 3720 hereditario
1504 3652 1538 3718 in
1563 3655 1752 3735 perpetuum
1774 3651 1988 3736 possidendas.

435 3751 485 3823 Ut
504 3760 611 3822 cutem
632 3753 700 3823 Dec
722 3760 756 3822 et
777 3753 872 3820 matri
895 3753 994 3836 ipsius
1014 3759 1123 3821 sancte
1144 3754 1247 3822 Maris
1267 3754 1381 3838 virgini
1402 3754 1489 3837 pium
1515 3751 1705 3821 inmnlntum
1733 3753 1935 3821 exhibeamus
1957 3761 1991 3822 et

433 3853 592 3938 devotum,
614 3861 742 3940 portum
763 3860 797 3923 et
817 3855 908 3923 villas
929 3855 992 3921 ium
1007 3854 1147 3939 prefatas
1167 3857 1214 3922 ita
1235 3855 1350 3924 liberas
1370 3874 1494 3924 exnunc
1514 3855 1556 3924 ab
1577 3856 1722 3924 omnibus
1736 3856 1885 3938 serviciis,
1902 3856 1989 3924 solu·

437 3958 579 4027 clunibus
599 3964 634 4025 et
653 3957 872 4027 exaccionibns
892 3974 961 4024 asse
982 3956 1135 4038 volumus,
1158 3976 1345 4043 quocunque
1366 3952 1492 4027 nomine
1506 3964 1704 4040 censeantur,
1727 3957 1810 4042 quod
1824 3959 1859 4025 in
1872 3959 1991 4027 eisdem

438 4065 535 4147 porta
555 4067 589 4128 et
602 4060 687 4128 vum
705 4079 743 4129 ae
763 4059 956 4127 simetrius
977 4059 1127 4143 ipsoram,
1148 4060 1238 4128 nous
1252 4067 1286 4128 et
1299 4043 1419 4128 nosces
1432 4060 1674 4143 desertum,
1697 4061 1856 4144 pmcne,
1879 4062 1991 4129 escu-

438 4163 521 4232 lanis
539 4181 596 4232 scu
617 4162 812 4248 quibuslibet
829 4162 900 4230 aliis
913 4160 1062 4228 beneficis
1074 4180 1113 4230 ac
1126 4160 1313 4230 officialibus
1325 4164 1455 4246 nosnis,
1476 4162 1574 4231 nichil
1588 4163 1677 4245 iniis,
1699 4162 1784 4246 qnod
1797 4171 1893 4232 autea
1906 4183 1991 4233 com·

435 4264 565 4351 petebat
584 4265 676 4333 nobis
697 4265 747 4333 rel
767 4265 845 4349 ipsis
866 4264 916 4331 rel
937 4271 1115 4348 competere
1141 4272 1268 4350 poterut
1293 4268 1327 4333 in
1355 4266 1508 4349 futurum,
1538 4267 1666 4351 penicis
1690 4284 1896 4334 reseruemus.
1940 4266 1991 4336 Ne

434 4386 510 4437 vcro
531 4374 598 4436 tam
616 4370 671 4454 pin
690 4369 816 4437 devotio
834 4368 906 4452 (sic)
929 4367 1061 4435 anobis
1079 4369 1113 4434 in
1135 4375 1297 4452 posterum
1318 4369 1368 4436 vel
1390 4387 1411 4436 u
1431 4368 1549 4435 nostris
1572 4368 1803 4436 successoribus
1824 4369 1990 4454 perturbe-

394 4523 398 4532 .
436 4477 499 4554 tur,
521 4491 650 4557 presens
671 4472 914 4538 instrumentum
937 4488 1009 4537 cum
1038 4472 1228 4554 appensione
1254 4471 1355 4538 nostri
1380 4470 1477 4556 sigilli
1502 4469 1596 4538 dictis
1618 4471 1764 4555 episcopo
1785 4475 1820 4538 ct
1842 4469 1990 4556 capitulo

434 4592 473 4643 ac
493 4573 725 4643 successoribus
747 4574 886 4656 ipsomm
908 4573 941 4637 in
964 4573 1179 4639 testimonium
1201 4573 1344 4640 dedimus
1372 4580 1407 4640 et
1433 4573 1577 4640 tutelam
1622 4574 1738 4640 Actum
1763 4579 1797 4640 et
1822 4573 1933 4642 datum
1954 4574 1990 4641 in

435 4675 551 4745 Srecae
571 4695 654 4744 nnnc
683 4675 809 4743 Domini
833 4673 1110 4742 M.cc.Lxxxl11
1136 4677 1169 4743 in
1195 4678 1333 4744 crastino
1358 4674 1445 4743 beuti
1475 4676 1581 4744 lacobi
1611 4676 1758 4760 apostoli,
1789 4677 1989 4761 presentibus

435 4778 609 4847 Vaiisiloue
631 4778 782 4863 palatino,
804 4777 903 4845 Poulo
932 4777 1104 4845 castellano
1132 4778 1172 4845 dc
1198 4778 1323 4860 Svecee,
1345 4778 1471 4846 Ludcro
1497 4779 1694 4861 cancellario,
1723 4779 1852 4847 Andrea
1876 4781 1989 4848 castel·

435 4881 508 4950 lano
530 4881 702 4962 Gdnuensi,
725 4879 863 4948 Unmlno
885 4879 1131 4962 subenmcmrio;
1154 4880 1337 4964 Tlreodrico,
1359 4881 1519 4964 limislno,
1541 4881 1712 4949 Lambcrto
1727 4882 1920 4968 cappellanis
1935 4901 1989 4953 cu·

435 4983 492 5067 rie,
513 4989 549 5052 et
567 4983 639 5051 aliis
661 5001 755 5066 qnam
778 4981 921 5065 plurimis
942 4981 1004 5049 fide
1025 4981 1130 5067 dignis
1149 4982 1190 5050 ad
1211 4983 1273 5051 boc
1294 4983 1475 5069 specialiter
1495 4985 1685 5053 convocatis.

540 5187 820 5271 wladislaviensis,
853 5193 890 5255 de
923 5191 1119 5255 Wtoctanelc.
1163 5187 1280 5256 Portus
1311 5188 1410 5256 maris
1441 5188 1547 5257 dictus
1576 5188 1677 5272 More,
1711 5194 1761 5255 aie
1786 5193 1986 5272 odpcdotm

437 5289 537 5374 Brod,
577 5296 688 5373 drudo.
743 5290 924 5374 Golgnlcvo‚
970 5296 1132 5372 Goqoleoo.
1187 5291 1381 5375 Svnrisscno,
1416 5296 1582 5358 Smnrocin.
1642 5291 1803 5377 Sopcon'c,
1836 5294 1986 5368 8001000,

437 5398 566 5461 solem
591 5397 724 5463 Subduc«.
768 5393 891 5477 101000,
913 5400 964 5459 oie
984 5401 1181 5478 orlpudoione.
1225 5396 1382 5482 Mossyna,
1408 5400 1529 5464 Mentior.
1574 5396 1707 5484 Wispuo
1733 5398 1817 5482 quod
1840 5397 1987 5467 Cridlovn

2309 3314 2353 3407 ,ξπ
2309 3218 2353 3289 Ξ·
2308 2622 2352 3185 Ε.Ω..Β.ἶ-ἒ“.-Ξ“Ἧ
2309 2502 2334 2571 Ω-
2309 2418 2334 2467 Ω
2308 2313 2334 2381 'fl
2308 2191 2334 2260 εξ
2309 2087 2334 2156 ===

2313 4760 2375 5032 ζέε-ἓ
2311 4465 2363 4724 3553
2311 4363 2360 4415 Ξ
2272 3953 2359 4316 33ss³2
2309 3542 2356 3903 ἕξεις.

2314 5164 2376 5353 '323-
2313 5076 2367 5151 ’ἃ
