4860 6180
1106 612 1180 699 Nr.
1212 610 1312 700 380.

533 805 729 910 volpertus
755 807 867 890 abbas
893 809 936 892 in
962 807 1054 892 tora
1081 813 1216 891 1259
1243 832 1272 892 o.
1298 811 1342 908 d,
1368 810 1411 892 in
1438 807 1544 909 Obra3
1566 830 1771 909 protestatur,
1787 828 1973 898 charmi-

431 933 531 996 tatem
550 926 598 994 sni
617 930 798 996 monasterii
820 929 937 997 dictam
958 930 1147 1013 Miiostowo,
1169 930 1319 997 iratribus
1336 930 1376 996 dc
1399 929 1539 1014 Parodya
1561 926 1746 994 vendidisse.

534 1033 673 1111 Recede
707 1034 875 1097 omisere
910 1033 1049 1099 Ihradia
1073 1037 1137 1100 Lib.
1155 1039 1253 1114 privii.
1278 1036 1331 1099 Nr.
1353 1034 1407 1098 38.

533 1250 572 1318 In
600 1246 727 1319 nomine
753 1251 879 1318 Domini
907 1271 1009 1320 amen.
1053 1255 1207 1336 Quoniam
1233 1254 1366 1320 mundus
1392 1253 1527 1321 caducus
1555 1260 1605 1322 est
1627 1259 1662 1321 et
1689 1253 1822 1322 diversis
1851 1255 1975 1325 casibus
2095 1330 2097 1334 ,

432 1352 574 1438 quotidie
594 1354 745 1436 variatur,
771 1353 886 1421 idcirco
912 1374 1037 1424 necasse
1063 1364 1127 1440 est,
1158 1363 1195 1424 ut
1219 1356 1371 1440 legittime
1398 1356 1540 1422 acciones
1571 1375 1633 1440 que
1651 1357 1793 1441 indigent
1815 1361 1974 1443 memoria,
2102 1400 2108 1417 .

432 1453 492 1524 sub
512 1455 623 1540 scripti
645 1457 824 1523 testimonio
846 1462 1022 1525 teneantur.
1065 1460 1220 1527 Norerint
1239 1477 1312 1542 ergo
1333 1457 1470 1524 universi
1489 1463 1555 1525 tam
1577 1465 1740 1542 presentes
1762 1479 1857 1544 quam
1878 1460 1977 1530 futuri

432 1574 562 1643 presens
575 1558 728 1642 scriptum
749 1558 933 1642 inspecturi,
956 1561 1038 1642 quod
1061 1580 1118 1645 ogo
1134 1562 1304 1647 Volpertus
1325 1559 1428 1627 dictus
1447 1559 1544 1627 obbas
1563 1562 1596 1626 in
1617 1560 1713 1643 Obra,
1733 1580 1804 1629 cum
1825 1581 1977 1631 consensu

432 1660 572 1728 omniurn
592 1660 726 1729 fratruum
752 1679 890 1728 meomm
914 1660 955 1728 ob
979 1665 1199 1731 necessitatem
1222 1664 1331 1730 domus
1354 1668 1465 1729 nostre
1482 1661 1633 1730 frutribus
1656 1664 1696 1732 de
1717 1664 1868 1732 Paradiso
1888 1666 1977 1734 hare

432 1761 565 1831 ditaoem
586 1780 648 1846 qne
667 1762 822 1831 Miiostow
842 1764 1014 1848 sumentes
1034 1773 1236 1850 nuncupatur
1263 1784 1319 1850 pro
1340 1765 1448 1831 decem
1470 1765 1583 1832 marcis
1604 1765 1801 1832 vendidimus
1826 1774 1993 1852 perpetuo·

432 1865 661 1951 possidendam.
705 1865 749 1932 Et
774 1872 811 1932 ut
836 1865 894 1933 hec
921 1866 1062 1934 vendicio
1083 1875 1235 1952 perpetue
1254 1867 1414 1935 firmitatis
1440 1866 1537 1934 robur
1559 1867 1711 1948 obtineat,
1733 1876 1910 1952 presentem
1931 1871 1977 1938 eis

432 1969 579 2054 pagium
606 1969 708 2036 nostri
732 1973 767 2037 et
791 1969 908 2036 domini
932 1968 1057 2037 abbatis
1077 1970 1256 2039 Luknensis
1277 1978 1312 2039 et
1332 1968 1483 2038 cerensis
1505 1969 1617 2052 sigillis
1639 1969 1785 2036 duximus
1807 1972 1977 2039 munimine

428 2070 650 2140 mborandum
694 2071 803 2139 Testes
821 2071 913 2138 haim
934 2071 980 2139 rei
1000 2078 1089 2139 sunt:
1118 2072 1273 2142 Hearieus
1297 2074 1383 2159 prior
1402 2071 1581 2138 Lnknersis
1607 2070 1850 2138 echembertus
1871 2080 1978 2157 porta·

433 2173 501 2241 rins
520 2172 659 2240 eiusdem
681 2173 801 2255 domus,
822 2173 936 2240 Frater
957 2171 1113 2241 Henricns
1133 2175 1174 2242 da
1195 2174 1303 2243 Veteri
1321 2178 1428 2240 monte
1445 2178 1479 2240 et
1501 2172 1603 2240 irater
1616 2173 1774 2241 Hennens
1788 2175 1979 2243 infirmarius

433 2275 474 2345 da
497 2274 615 2360 Oeuna
637 2283 672 2345 et
691 2275 791 2345 irater
809 2276 987 2345 Hermanus
1008 2279 1198 2346 camerarius
1219 2280 1258 2346 de
1279 2278 1404 2363 Lynda,
1424 2283 1458 2344 et
1479 2274 1580 2344 irater
1596 2275 1755 2344 Martinus
1776 2277 1920 2362 superior
1938 2277 1979 2345 de

433 2377 595 2463 Paradiso,
617 2386 652 2447 ct
673 2378 771 2447 irater
788 2379 923 2448 Eminus
944 2381 1000 2466 qui
1021 2380 1104 2448 hauc
1121 2382 1267 2466 paginam
1289 2381 1424 2465 scripsit
1456 2380 1574 2446 Datum
1596 2379 1629 2446 in
1651 2379 1737 2447 Obra
1754 2399 1837 2448 auno
1852 2380 1978 2448 Domini

433 2482 599 2552 millesimo
619 2483 831 2552 ducentesimo
851 2485 1223 2588 quinquagesimonnono.

537 2720 631 2807 Obra,
660 2725 749 2790 otro
782 2723 965 2808 Paradiaus,
990 2729 1141 2806 Pcrudpi.
1174 2724 1340 2808 Missos,
1373 2726 1550 2790 marceo.
1583 2720 1776 2806 nummos,
1799 2727 1838 2788 de
1865 2725 1977 2790 ledae

436 2824 596 2912 emensis
619 2832 657 2894 de
679 2831 786 2896 Ζῡιπα.
820 2828 1033 2911 Mansuetus,
1053 2830 1260 2908 dominoco.
1292 2825 1411 2912 Lynda,
1433 2828 1508 2913 Lod

1090 3178 1165 3265 Ns.
1198 3172 1296 3263 381.

536 3371 733 3457 Boloulano
760 3375 837 3457 dux
861 3374 1011 3458 Polonio
1037 3375 1190 3459 licionio
1217 3376 1352 3456 1259
1378 3393 1409 3455 a.
1435 3371 1480 3472 d,
1507 3371 1550 3454 in
1575 3362 1688 3475 iiaoc3
1728 3387 1900 3457 erumna.
1924 3388 1980 3456 uo

436 3493 594 3561 nationem
615 3495 856 3580 quingentorum
876 3513 1057 3564 mansorum
1080 3497 1164 3564 circa
1185 3495 1320 3562 rivulum
1333 3493 1494 3575 Ponikprn,
1516 3491 1707 3559 monasterio
1721 3490 1849 3571 Ordinis
1864 3492 1983 3560 cister·

436 3595 549 3664 ciensis
568 3595 603 3663 in
623 3595 787 3682 Dobryiug
807 3615 827 3663 a
847 3602 938 3682 patre
958 3616 1016 3665 suo
1037 3618 1069 3684 p.
1092 3617 1134 3665 m.
1156 3597 1235 3665 duce
1257 3595 1439 3663 Wiodezlao
1464 3593 1590 3662 metam.
1943 3639 1946 3647 -

539 3693 681 3780 Percote
701 3706 818 3781 coppim
855 3705 903 3765 No
929 3706 1051 3767 siriaci
1071 3704 1223 3782 seducta.
1253 3718 1396 3765 cremera
1421 3702 1651 3778 przpniaezoao
1670 3695 1794 3784 picczpd
1810 3701 1982 3778 potam

437 3805 606 3868 meam
626 3805 755 3890 ksiscim
775 3813 918 3882 (preezpa
934 3813 1032 3878 XVIt

538 3903 674 3969 Pomori.
717 3909 834 3984 Kdaipi.
859 3908 964 3971 Sidou
983 3909 1103 3973 edraim
1137 3909 1244 3972 Bicera
1265 3908 1294 3970 Ι.
1328 3939 1373 3952 -
1407 3902 1588 3984 dormisti,
1620 3905 1689 3968 cod
1716 3901 1838 3983 diplom
1871 3904 1982 3969 Maior.

538 4228 577 4296 In
598 4230 723 4297 nomine
744 4235 851 4297 sancte
871 4237 904 4298 et
922 4230 1081 4298 individue
1101 4231 1266 4300 Trinitatis
1286 4248 1387 4298 amen.
1415 4226 1506 4309 Cum,
1528 4224 1609 4310 proh
1630 4223 1730 4308 dolor,
1752 4224 1889 4293 humane
1910 4243 1983 4292 con·

435 4328 567 4400 &donis
587 4334 631 4399 sit
651 4333 757 4399 omnia
776 4332 903 4400 sinistre
924 4334 1099 4417 intelligere
1124 4341 1159 4401 et
1178 4336 1268 4419 peius
1292 4330 1505 4414 interpretari,
1532 4334 1566 4395 et
1588 4347 1659 4395 curn
1680 4330 1896 4412 unusquisque
1917 4347 1983 4394 rem

436 4434 569 4519 proximi
590 4434 666 4502 licot
685 4435 794 4502 illicite
815 4436 1026 4519 concupiscat,
1048 4455 1175 4504 necoesa
1197 4443 1248 4504 est
1268 4441 1305 4502 nt
1326 4452 1378 4500 res
1400 4432 1496 4515 digna
1514 4431 1662 4498 memorie
1682 4431 1802 4514 scripto
1823 4429 1983 4496 confirme-

437 4541 499 4619 tur,
532 4555 595 4621 qno
630 4556 795 4604 canescens
827 4539 999 4620 antiquitas
1032 4537 1172 4605 crebrius
1203 4539 1307 4605 ualent
1340 4534 1493 4603 renovari.
1519 4533 1692 4601 'Norcrint
1724 4533 1823 4617 igitur
1847 4531 1983 4598 universi

437 4636 556 4706 Ohristi
577 4639 684 4706 iideles
713 4645 872 4722 presentes
900 4646 934 4705 et
959 4641 1077 4722 posteri
1108 4640 1148 4706 ad
1182 4659 1314 4724 quorum
1335 4637 1528 4722 presenciam
1549 4654 1678 4719 presens
1699 4636 1852 4719 scriptum
1875 4653 1983 4719 perve-
2048 4714 2051 4719 ¹

437 4740 530 4823 namt,
562 4741 645 4825 qnod
673 4761 730 4808 nos
760 4741 922 4807 Bolezlans
952 4741 1011 4808 Dei
1041 4744 1147 4825 macie
1173 4743 1238 4808 dux
1264 4742 1391 4808 Pelonie
1417 4738 1562 4820 Maioris,
1592 4738 1787 4804 revolventes
1817 4738 1849 4802 in
1879 4736 1983 4803 animo

437 4843 521 4927 pianr
543 4849 577 4910 et
596 4843 722 4927 dignam
745 4843 945 4910 donacionem
968 4844 1069 4926 patris
1091 4845 1191 4910 nostri
1212 4844 1311 4911 felicis
1332 4841 1481 4908 memorie
1502 4840 1590 4907 ducis
1611 4840 1785 4907 Wlodezlai
1800 4837 1985 4923 quemfecit

436 4945 565 5014 ecclesie
593 4953 627 5013 et
651 4945 824 5013 conventui
854 4947 886 5011 in
908 4946 1086 5014 Doboriucir
1106 4946 1234 5014 Ordinis
1261 4942 1496 5029 cysterciensis,
1527 4941 1673 5008 virlolicet
1698 4941 1732 5007 in
1753 4942 1871 5008 mansis
1892 4940 1983 5023 quin·

436 5048 540 5132 gunda
560 5048 644 5116 circa
665 5048 798 5115 rivulum
819 5048 959 5132 Poniquu
981 5055 1014 5114 ct
1039 5048 1151 5130 Socola
1177 5048 1327 5114 ‹lombruo
1347 5052 1381 5113 ct
1401 5045 1484 5111 sicut
1505 5044 1655 5109 circuitus
1676 5049 1740 5124 est,
1769 5042 1901 5126 profatis
1921 5041 1984 5109 ira·

437 5149 539 5217 tribus
568 5151 601 5216 in
629 5150 805 5217 Doborluclr
830 5151 959 5217 carosium
988 5151 1191 5218 «donacionem
1218 5169 1289 5218 cum
1315 5147 1400 5215 omui
1428 5147 1583 5226 utilioris,
1613 5145 1735 5212 scilieet
1756 5145 1850 5227 Quis,
1872 5145 1982 5230 pratis,

438 5252 525 5320 silvis
546 5258 579 5319 ot
600 5254 705 5338 aquis,
732 5272 802 5319 curu
824 5255 907 5320 onrni
931 5253 1077 5320 libertate
1099 5259 1133 5320 et
1154 5253 1247 5338 pleno
1263 5253 1330 5318 iuro
1352 5257 1417 5317 tam
1439 5247 1642 5334 proprietatis
1664 5266 1759 5332 quani
1782 5248 1986 5331 possessionis

1776 5368 1812 5424 4³
