4860 6180
1168 794 1169 798 Ν
1279 683 1354 770 Nr.
1387 680 1488 772 346.

714 882 874 968 Promisi
900 882 979 965 dux
1004 878 1154 964 Polonlo
1186 876 1339 962 Maioris
1372 884 1504 962 1258
1538 879 1618 981 (sio)
1651 875 1754 959 lobr.
1786 879 1836 971 2,
1870 873 1913 957 in
1945 875 2159 985 Pobedlsoap

613 1002 722 1073 vendit
749 1001 946 1070 advocatiam
967 1001 1001 1068 in
1027 997 1143 1085 oppido
1172 998 1379 1067 Pobiedziska
1404 1001 1559 1083 iohanni,
1584 1015 1717 1083 mmqna
1742 994 1969 1080 multiplicibus
1993 998 2164 1084 privilegiis

612 1111 877 1284 mummium-p
900 1207 1074 1272 Bibliotclra
1119 1207 1240 1284 Refero
1260 1204 1431 1272 mcor-bo
1452 1208 1491 1270 do
1519 1205 1741 1284 Wtettopodlct,
1760 1205 1814 1282 sot
1835 1203 1879 1268 88
1900 1223 1924 1267 a.

718 1393 758 1462 Iu
787 1392 914 1462 nomine
935 1391 1064 1461 Domini
1093 1410 1195 1461 annea
1239 1393 1394 1461 Momentl
1421 1400 1599 1476 tempomm
1624 1390 1719 1473 longa
1744 1408 1816 1457 cnm
1841 1389 1997 1458 distnacia
2022 1390 2166 1460 dilabant
2250 1419 2256 1436 ·

618 1517 657 1570 ea
676 1517 739 1583 qua
761 1498 796 1565 in
817 1497 878 1564 hiis
899 1501 1039 1580 aguntur
1058 1502 1093 1563 et
1113 1496 1218 1581 sepius
1239 1497 1371 1564 veniunt
1392 1497 1426 1562 in
1447 1495 1646 1575 oblivionem,
1675 1493 1737 1559 nisi
1758 1497 1910 1559 annotata
1931 1491 2048 1562 fuerint
2067 1496 2165 1581 apici·

614 1601 674 1671 bna
695 1601 860 1669 literanum
881 1604 916 1666 et
937 1600 1067 1667 testium
1088 1597 1330 1684 subscripsione.
1374 1599 1528 1666 Noverint
1557 1597 1655 1681 igitur
1683 1603 1748 1663 tam
1769 1602 1931 1679 presentes
1952 1616 2047 1681 quam
2066 1596 2167 1667 futuri

615 1721 745 1791 presens
766 1703 919 1788 scriptum
941 1701 1112 1783 intuentes,
1132 1700 1217 1785 quod
1238 1720 1297 1768 nos
1318 1701 1451 1768 Premial
1472 1701 1532 1769 Dei
1553 1698 1661 1784 gracia
1682 1698 1748 1764 dux
1768 1696 1897 1766 Polonie
1911 1699 2042 1767 Maioris
2056 1708 2166 1769 notum

617 1824 686 1876 esse
703 1804 836 1873 ficimus
858 1808 1037 1889 presentem
1063 1801 1210 1888 paginam
1236 1805 1436 1888 inspecturis,
1465 1801 1550 1886 quod
1570 1800 1611 1869 de
1630 1818 1783 1867 consensu
1813 1799 1967 1868 baronum
1988 1808 2167 1871 nostrorum

617 1909 652 1976 lu
671 1908 800 1976 civiate
819 1914 929 1974 nostra
950 1924 1012 1990 qne
1030 1906 1203 1989 vulgariter
1222 1906 1394 1974 Pobedisea
1412 1911 1613 1990 nuncupatur
1632 1903 1832 1970 advocaciam
1847 1903 1880 1970 in
1895 1910 2080 1989 perpetuum
2094 1925 2168 1974 vcn-

619 2009 764 2079 didimus
778 2029 836 2096 pro
857 2013 996 2093 quatuor
1017 2008 1118 2075 oentis
1139 2026 1317 2076 mmcamm
1338 2009 1463 2092 argenti
1483 2007 1604 2074 usualis
1625 1993 1768 2086 Iohanni,
1790 2024 1886 2089 quam
1910 2006 2023 2073 Petrus
2052 2008 2168 2075 sorori·

618 2131 678 2181 nus
697 2112 798 2198 ipsius
818 2111 978 2198 quondam
999 2110 1170 2178 advocatus
1191 2111 1226 2177 in
1245 2111 1311 2178 iam
1324 2111 1411 2179 dicta
1423 2112 1553 2179 civitate
1571 2108 1762 2194 possidebat,
1782 2127 1878 2192 quam
1899 2110 2099 2178 advocaciam
2120 2111 2167 2177 vi·

621 2215 736 2285 delicet
757 2233 838 2283 uxor
858 2215 946 2283 Petri
967 2214 1045 2282 dicti
1067 2220 1101 2282 et
1121 2231 1229 2280 omnes
1255 2214 1445 2282 eius-amici
1471 2219 1545 2298 post
1567 2218 1701 2279 mortem
1728 2210 1828 2295 ipsius
1850 2211 1884 2278 in
1911 2231 2023 2280 manus
2043 2218 2171 2280 rosum

620 2318 830 2404 resignarunt
873 2318 942 2385 Nos
962 2336 1037 2384 vero
1058 2316 1144 2385 dicto
1165 2316 1299 2384 Iohanni
1318 2323 1353 2385 et
1373 2335 1430 2386 sue
1450 2316 1632 2402 posteritati
1657 2333 1783 2382 omnem
1809 2313 1990 2383 libertatem
2009 2322 2044 2384 et
2064 2317 2115 2382 ius
2136 2316 2170 2383 in

621 2438 660 2491 ea
677 2422 748 2506 ipsa
768 2421 945 2505 advocatia,
967 2421 1027 2489 boc
1048 2426 1097 2488 ast
1119 2426 1185 2488 tam
1205 2439 1226 2489 a
1246 2419 1328 2488 bello
1350 2439 1446 2504 quam
1466 2420 1507 2487 ab
1528 2419 1615 2486 omni
1635 2418 1767 2486 servicio
1787 2423 1822 2486 et
1843 2418 1884 2485 ab
1907 2419 2051 2486 omnibus
2064 2419 2170 2488 dacio

621 2523 723 2608 nibvra,
749 2525 923 2609 vulgariter
946 2524 988 2593 od
1011 2541 1158 2605 nomon,
1185 2526 1220 2589 et
1245 2523 1436 2606 generaliter
1457 2523 1498 2590 ab
1524 2520 1668 2591 omnibus
1697 2521 1909 2589 solutionibus
1939 2522 2171 2591 intercedentes

620 2625 706 2713 (dc),
727 2627 902 2712 vulgaliter
921 2626 964 2695 ud
984 2625 1173 2712 porenbow,
1195 2631 1230 2692 et
1248 2625 1321 2692 aliis
1343 2625 1487 2693 omnibns
1507 2624 1741 2709 impedimentis
1762 2629 1797 2691 et
1815 2624 1967 2709 impedire
1993 2625 2170 2693 valentibus

622 2728 875 2815 eipromiaimus
896 2747 1090 2797 consumare.
1134 2727 1350 2812 Adiungeates
1371 2728 1433 2795 sibi
1453 2733 1591 2813 quatuor
1611 2745 1738 2795 mansos
1759 2729 2016 2812 possessionem,
2038 2729 2079 2796 de
2101 2729 2172 2814 qui·

621 2829 682 2899 bna
701 2830 803 2899 incole
820 2831 881 2898 sibi
899 2830 1017 2899 debent
1039 2848 1190 2899 ceusuare
1210 2848 1305 2914 super
1330 2829 1493 2915 quodlibet
1520 2829 1636 2898 festum
1661 2828 1763 2897 sancti
1791 2827 1923 2896 Martini
1948 2830 2076 2915 gloriosi
2100 2850 2173 2900 uon·
2278 2858 2280 2861 ·

622 2930 750 3002 taram
770 2931 925 3002 immnem
945 2933 1069 3018 agend
1089 2933 1210 3000 usualis
1226 2932 1307 3000 bena
1328 2932 1503 3016 ponderati,
1528 2939 1562 3001 et
1579 2938 1716 3017 quatuor
1736 2949 1902 3000 mensuras
1923 2933 2066 3016 siliginis,
2095 2952 2174 3019 qua·

624 3039 698 3104 tuor
718 3034 819 3104 tritici
840 3041 874 3103 et
894 3040 1032 3122 quatuor
1053 3053 1151 3103 avene
1170 3033 1326 3119 superflue
1356 3041 1550 3117 mensurate;
1576 3042 1610 3103 et
1636 3034 1715 3103 abus
1737 3039 1802 3101 tras
1825 3034 1859 3100 in
1883 3035 2034 3103 allodium
2062 3035 2173 3121 ipsius,

626 3137 682 3224 qul
701 3139 803 3207 mand
824 3145 890 3206 tras
911 3139 1016 3206 beent
1039 3144 1115 3223 pust
1140 3155 1247 3205 aream
1265 3138 1375 3221 ipsius,
1400 3137 1461 3204 hoc
1489 3141 1541 3204 est
1564 3154 1660 3221 penas
1685 3136 1769 3204 dam
1794 3135 1981 3206 liotlovska
2007 3156 2108 3224 usqua
2132 3138 2175 3207 ad

624 3241 711 3309 viam
728 3241 941 3328 Rostryuaka,
961 3246 1028 3309 tam
1048 3240 1115 3308 late
1134 3246 1169 3309 et
1188 3241 1280 3325 longe
1298 3258 1398 3324 usqne
1419 3239 1461 3305 ad
1478 3239 1648 3323 munimem
1669 3238 1833 3319 Praedam
1855 3246 1889 3308 et
1911 3240 1970 3308 hoc
1988 3259 2059 3309 cum
2073 3242 2175 3308 omni·

431 3314 439 3426 ῗ
563 3372 568 3379 ,
624 3341 883 3427 mereamus,
899 3343 1030 3426 moene
1045 3343 1212 3428 quereus,
1227 3341 1325 3423 aava,
1340 3341 1451 3423 sorra,
1465 3342 1555 3425 gara,
1571 3346 1605 3409 a
1619 3359 1690 3408 mm
1704 3341 1945 3427 mammosa
1959 3344 2075 3411 rossem
2090 3344 2174 3413 aaa

626 3462 723 3531 panas
746 3447 900 3531 mammes
931 3446 1080 3515 Prundno
1106 3447 1140 3512 in
1168 3444 1231 3513 line
1250 3444 1421 3511 eorundem
1443 3463 1619 3528 mansuum,
1649 3443 1706 3528 qui
1726 3450 1879 3513 vocantur
1899 3445 2120 3528 Prundzonek3
2142 3453 2177 3515 et

626 3552 777 3633 quanam
794 3567 940 3617 mausum
960 3549 1017 3633 qui
1034 3549 1117 3616 iacet
1138 3547 1223 3614 inter
1250 3563 1376 3612 mansos
1398 3545 1522 3629 civium,
1551 3547 1607 3629 qni
1629 3547 1733 3614 mansi
1753 3565 1774 3615 a
1795 3545 1952 3616 diuturnis
1980 3548 2176 3634 temporibus

626 3655 702 3718 aunt
721 3649 816 3720 liberi
834 3670 855 3718 a
874 3649 1004 3719 decimis
1023 3656 1056 3718 et
1076 3651 1148 3719 aliis
1170 3650 1314 3718 omnibus
1335 3649 1562 3717 solucionibns:
1584 3650 1682 3718 etiam
1703 3668 1761 3717 nos
1780 3669 1833 3719 eos
1854 3652 1887 3718 in
1901 3656 2088 3737 perpetuum
2103 3671 2177 3720 ven·

626 3751 764 3821 didimus
784 3753 909 3821 liberos.
956 3753 1165 3838 adiungimus
1186 3753 1286 3820 eciam
1307 3752 1368 3819 sibi
1389 3750 1567 3819 omninode
1592 3757 1627 3819 at
1654 3752 1792 3819 dominio
1820 3759 1929 3822 nostro
1957 3756 2177 3824 confirmamus

627 3860 737 3922 aoatm
758 3855 910 3922 advocato
930 3854 1064 3923 Iohanni
1085 3861 1119 3922 et
1138 3855 1205 3921 suis
1225 3855 1372 3939 posteris,
1395 3852 1480 3937 qnod
1499 3871 1594 3922 omne
1615 3854 1765 3922 iudicium
1783 3854 1967 3925 incivitate
1995 3857 2177 3942 Pobediaea,

628 3957 841 4042 cuiuscunque
863 3976 955 4026 casus
973 3977 1008 4026 se
1026 3957 1188 4040 obtulerit,
1211 3958 1276 4024 tale
1296 3957 1448 4024 audacter
1468 3956 1503 4023 in
1523 3956 1617 4025 domo
1639 3976 1697 4024 suo
1718 3976 1790 4025 cnm
1811 3959 1877 4026 suis
1898 3960 2033 4028 scabinis
2054 3962 2178 4046 abipso

628 4059 748 4144 electis,
772 4079 852 4146 quos
873 4079 999 4144 semper
1020 4059 1136 4144 eligere
1157 4059 1252 4128 debet
1265 4059 1435 4127 secundum
1449 4060 1602 4144 placitum
1616 4061 1726 4146 ipsius,
1747 4061 1894 4131 videlicet
1907 4064 2076 4133 secundum
2095 4065 2179 4150 quod

628 4161 772 4246 qualibet
791 4180 887 4231 caum
909 4162 959 4229 vel
980 4180 1075 4231 cause
1093 4161 1261 4229 cuiuslibet
1281 4161 1426 4229 maleficii
1448 4163 1556 4246 erigit,
1578 4164 1675 4232 talem
1698 4183 1812 4248 mnam
1832 4164 1949 4233 inferat
1962 4173 2073 4234 nostra¹
2089 4167 2179 4235 lunc·

630 4269 683 4332 tua
701 4265 902 4334 anctoritate.
947 4263 1050 4332 (lasus
1072 4283 1146 4331 vero
1168 4264 1223 4348 qui
1245 4265 1368 4348 possint
1389 4264 1422 4330 in
1444 4264 1628 4349 supradicta
1645 4267 1773 4334 civitate
1795 4269 1929 4351 evenire,
1952 4270 2033 4336 sient
2046 4275 2097 4336 est
2114 4270 2180 4337 iur-

630 4369 708 4449 tnm,
735 4366 948 4449 homicidium,
979 4368 1187 4451 sacrilegium,
1213 4366 1402 4447 incendium,
1433 4364 1613 4435 vulneracio
1643 4367 1751 4453 gladii,
1784 4369 1904 4437 cultelli
1930 4375 1963 4437 et
1988 4369 2180 4453 bmulorum,

630 4468 831 4554 supradictus
852 4469 1023 4537 advocatus
1044 4488 1115 4536 cum
1134 4470 1200 4536 auis
1218 4468 1355 4552 posteris
1376 4468 1534 4536 maleficos
1557 4470 1637 4536 tales
1665 4469 1880 4555 deprehendat
1908 4479 1942 4540 ct
1971 4473 2089 4541 iudicet
2110 4490 2181 4540 cum
2207 4517 2212 4528 ·

630 4570 697 4638 auia
716 4571 854 4641 scabinis
875 4571 955 4639 nulli
974 4572 1125 4639 iudicium
1146 4570 1323 4651 deferendo,
1346 4569 1400 4635 sed
1423 4570 1490 4653 ipse
1511 4571 1663 4639 audacter
1683 4573 1853 4641 secundum
1874 4576 1959 4659 quod
1980 4574 2040 4641 sibi
2061 4572 2181 4641 videbi·

632 4677 686 4740 tur
707 4680 741 4743 et
761 4676 827 4744 auis
848 4675 995 4757 scabinis,
1019 4694 1131 4759 penam
1153 4675 1295 4756 imponat
1312 4672 1352 4739 de
1374 4673 1516 4757 quolibet
1537 4694 1613 4743 cusu
1633 4684 1729 4761 prout
1760 4675 1820 4744 sibi
1845 4669 2003 4746 videbitur
2024 4676 2180 4761 expedire.

632 4772 681 4842 Ile
701 4776 773 4844 istis
794 4777 917 4846 iudiciis
935 4783 969 4845 et
987 4777 1060 4844 aliis
1084 4776 1331 4860 quibuscunque,
1362 4775 1451 4841 nobis
1481 4777 1596 4845 ceilam
1619 4777 1683 4847 duo
1712 4778 1834 4846 denarii
1860 4787 1894 4848 et
1914 4780 2066 4847 advocato
2086 4797 2184 4862 supra

632 4879 795 4948 nominato
816 4887 850 4948 et
871 4881 937 4948 suis
958 4879 1095 4965 postoris
1116 4879 1232 4946 tercius
1252 4878 1401 4945 donariis
1423 4877 1651 4961 calatriam
1674 4888 1725 4949 ast
1751 4881 1801 4949 ius
1827 4883 2055 4951 Tbeutonicum
2081 4889 2182 4950 statu·

634 4984 712 5050 bum.
756 4983 965 5068 adiungimus
987 4983 1048 5049 sibi
1069 4981 1167 5048 eciam
1188 5000 1313 5048 omnem
1334 4981 1526 5047 solucionem
1548 4983 1806 5067 iuramentorum,
1826 4986 1907 5053 alins
1920 4986 2128 5071 pmiaaaazne,
2150 4991 2184 5054 et

634 5083 802 5153 cuiuslibet
823 5085 953 5152 iudicati
977 5086 1109 5153 tercium
1131 5083 1304 5164 denarium,
1328 5083 1386 5151 boc
1409 5090 1459 5150 est
1479 5084 1727 5153 vadimoniorum
1749 5093 1783 5153 et
1806 5089 1945 5155 omnium
1972 5087 2106 5155 alimm
2127 5107 2182 5172 pe·

635 5203 747 5256 aarum
776 5207 961 5274 quecunque
991 5189 1024 5255 in
1053 5188 1113 5254 bac
1135 5189 1265 5255 civitate
1286 5187 1459 5255 Polaalisea
1479 5195 1731 5273 caraequcvrtur3
1754 5189 1899 5258 similiter
1920 5197 1953 5257 ot
1974 5191 2107 5257 tercium
2130 5191 2184 5257 do·

635 5291 759 5360 mriam
780 5291 863 5376 quod
889 5292 1063 5376 vulgariter
1087 5289 1263 5374 polvorove
1291 5297 1559 5376 nuncupabant
1584 5292 1715 5360 tercium
1742 5290 1906 5362 denarium
1935 5293 2012 5362 iouia
2036 5295 2185 5380 civitatis,

962 5425 966 5434 .
1978 5413 2030 5472 ω.
