<?xml version="1.0" encoding="UTF-8"?>
<!DOCTYPE html PUBLIC "-//W3C//DTD XHTML 1.0 Transitional//EN"
    "http://www.w3.org/TR/xhtml1/DTD/xhtml1-transitional.dtd">
<html xmlns="http://www.w3.org/1999/xhtml" xml:lang="en" lang="en">
 <head>
  <title>
</title>
<meta http-equiv="Content-Type" content="text/html;charset=utf-8" />
  <meta name='ocr-system' content='tesseract 3.04.00' />
  <meta name='ocr-capabilities' content='ocr_page ocr_carea ocr_par ocr_line ocrx_word'/>
</head>
<body>
  <div class='ocr_page' id='page_1' title='image "./codexdiplomatic03zakrgoog_0244.png"; bbox 0 0 4860 6180; ppageno 0'>
   <div class='ocr_carea' id='block_1_1' title="bbox 1901 405 1973 484">
    <p class='ocr_par' dir='ltr' id='par_1_1' title="bbox 1901 405 1973 484">
     <span class='ocr_line' id='line_1_1' title="bbox 1901 405 1973 484; baseline 0.014 -1"><span class='ocrx_word' id='word_1_1' title='bbox 1901 405 1973 484; x_wconf 84' lang='grc'><strong>339</strong></span> 
     </span>
    </p>
   </div>
   <div class='ocr_carea' id='block_1_2' title="bbox 536 613 1976 915">
    <p class='ocr_par' dir='ltr' id='par_1_2' title="bbox 536 613 1976 915">
     <span class='ocr_line' id='line_1_2' title="bbox 1099 613 1306 705; baseline 0.014 -3"><span class='ocrx_word' id='word_1_2' title='bbox 1099 614 1174 704; x_wconf 86' lang='lat' dir='ltr'><strong>Nr.</strong></span> <span class='ocrx_word' id='word_1_3' title='bbox 1206 613 1306 705; x_wconf 84' lang='lat'><strong>383.</strong></span> 
     </span>
     <span class='ocr_line' id='line_1_3' title="bbox 536 782 1976 915; baseline 0.006 -20"><span class='ocrx_word' id='word_1_4' title='bbox 536 809 726 895; x_wconf 67' lang='lat' dir='ltr'><strong>Bolesms</strong></span> <span class='ocrx_word' id='word_1_5' title='bbox 758 813 835 896; x_wconf 84' lang='lat' dir='ltr'><strong>dux</strong></span> <span class='ocrx_word' id='word_1_6' title='bbox 865 811 1014 895; x_wconf 86' lang='lat' dir='ltr'><strong>Polonie</strong></span> <span class='ocrx_word' id='word_1_7' title='bbox 1044 812 1197 898; x_wconf 85' lang='lat' dir='ltr'><strong>iiaiorin</strong></span> <span class='ocrx_word' id='word_1_8' title='bbox 1231 782 1369 899; x_wconf 79' lang='grc'>1260</span> <span class='ocrx_word' id='word_1_9' title='bbox 1399 837 1428 898; x_wconf 85' lang='lat' dir='ltr'><strong>s.</strong></span> <span class='ocrx_word' id='word_1_10' title='bbox 1460 813 1505 913; x_wconf 84' lang='lat' dir='ltr'><strong>d,</strong></span> <span class='ocrx_word' id='word_1_11' title='bbox 1541 811 1584 894; x_wconf 87' lang='lat' dir='ltr'><strong>in</strong></span> <span class='ocrx_word' id='word_1_12' title='bbox 1614 809 1772 915; x_wconf 79' lang='lat' dir='ltr'><strong>dnesna3</strong></span> <span class='ocrx_word' id='word_1_13' title='bbox 1812 831 1976 903; x_wconf 71' lang='lat' dir='ltr'><strong>enimet</strong></span> 
     </span>
    </p>
   </div>
   <div class='ocr_carea' id='block_1_3' title="bbox 433 934 2072 1018">
    <p class='ocr_par' dir='ltr' id='par_1_3' title="bbox 433 934 2072 1018">
     <span class='ocr_line' id='line_1_4' title="bbox 433 934 2072 1018; baseline -0.002 -12"><span class='ocrx_word' id='word_1_14' title='bbox 433 934 632 1006; x_wconf 81' lang='lat' dir='ltr'><strong>oussntionem</strong></span> <span class='ocrx_word' id='word_1_15' title='bbox 652 934 855 1002; x_wconf 85' lang='lat' dir='ltr'><strong>haereditetis</strong></span> <span class='ocrx_word' id='word_1_16' title='bbox 876 934 1071 1002; x_wconf 82' lang='lat' dir='ltr'><strong>Miodoweko</strong></span> <span class='ocrx_word' id='word_1_17' title='bbox 1093 956 1114 1003; x_wconf 90' lang='lat' dir='ltr'><strong>n</strong></span> <span class='ocrx_word' id='word_1_18' title='bbox 1131 936 1245 1003; x_wconf 87' lang='lat' dir='ltr'><strong>comite</strong></span> <span class='ocrx_word' id='word_1_19' title='bbox 1266 936 1415 1018; x_wconf 79' lang='lat' dir='ltr'><strong>Mindoin,</strong></span> <span class='ocrx_word' id='word_1_20' title='bbox 1436 942 1471 1004; x_wconf 91' lang='lat' dir='ltr'><strong>et</strong></span> <span class='ocrx_word' id='word_1_21' title='bbox 1492 934 1590 1002; x_wconf 80' lang='lat' dir='ltr'><strong>silvae</strong></span> <span class='ocrx_word' id='word_1_22' title='bbox 1611 952 1682 1002; x_wconf 85' lang='lat' dir='ltr'><strong>enm</strong></span> <span class='ocrx_word' id='word_1_23' title='bbox 1704 934 1826 1002; x_wconf 87' lang='lat' dir='ltr'><strong>duobus</strong></span> <span class='ocrx_word' id='word_1_24' title='bbox 1846 935 1974 1006; x_wconf 76' lang='lat' dir='ltr'><strong>heutua</strong></span> <span class='ocrx_word' id='word_1_25' title='bbox 2069 995 2072 1002; x_wconf 90' lang='lat'><em>.</em></span> 
     </span>
    </p>
   </div>
   <div class='ocr_carea' id='block_1_4' title="bbox 382 1036 1982 1439">
    <p class='ocr_par' dir='ltr' id='par_1_4' title="bbox 434 1036 1982 1229">
     <span class='ocr_line' id='line_1_5' title="bbox 434 1036 1982 1124; baseline -0.002 -17"><span class='ocrx_word' id='word_1_26' title='bbox 434 1037 526 1107; x_wconf 75' lang='lat' dir='ltr'><strong>ninia</strong></span> <span class='ocrx_word' id='word_1_27' title='bbox 538 1036 642 1117; x_wconf 80' lang='lat' dir='ltr'><strong>dictis,</strong></span> <span class='ocrx_word' id='word_1_28' title='bbox 664 1054 686 1103; x_wconf 91' lang='lat' dir='ltr'><strong>u</strong></span> <span class='ocrx_word' id='word_1_29' title='bbox 705 1036 806 1103; x_wconf 86' lang='lat' dir='ltr'><strong>milite</strong></span> <span class='ocrx_word' id='word_1_30' title='bbox 823 1037 918 1104; x_wconf 87' lang='lat' dir='ltr'><strong>Petro</strong></span> <span class='ocrx_word' id='word_1_31' title='bbox 939 1037 979 1105; x_wconf 90' lang='lat' dir='ltr'><strong>de</strong></span> <span class='ocrx_word' id='word_1_32' title='bbox 1000 1037 1104 1104; x_wconf 84' lang='lat' dir='ltr'><strong>Konin</strong></span> <span class='ocrx_word' id='word_1_33' title='bbox 1127 1039 1318 1105; x_wconf 87' lang='lat' dir='ltr'><strong>monosterio</strong></span> <span class='ocrx_word' id='word_1_34' title='bbox 1339 1038 1481 1124; x_wconf 81' lang='lat' dir='ltr'><strong>Purndyd</strong></span> <span class='ocrx_word' id='word_1_35' title='bbox 1503 1041 1727 1123; x_wconf 84' lang='lat' dir='ltr'><strong>porrectarum.</strong></span> <span class='ocrx_word' id='word_1_36' title='bbox 1835 1085 1836 1088; x_wconf 63' lang='lat'>,</span> <span class='ocrx_word' id='word_1_37' title='bbox 1980 1060 1982 1064; x_wconf 51' lang='lat'><em>⁴</em></span> 
     </span>
     <span class='ocr_line' id='line_1_6' title="bbox 533 1137 1973 1229; baseline 0.001 -23"><span class='ocrx_word' id='word_1_38' title='bbox 533 1145 676 1220; x_wconf 68' lang='lat' dir='ltr'><strong>Perpau.</strong></span> <span class='ocrx_word' id='word_1_39' title='bbox 699 1144 814 1220; x_wconf 71' lang='lat' dir='ltr'><strong>orypiu.</strong></span> <span class='ocrx_word' id='word_1_40' title='bbox 855 1144 983 1206; x_wconf 71' lang='lat' dir='ltr'><strong>Badake·</strong></span> <span class='ocrx_word' id='word_1_41' title='bbox 1002 1144 1044 1205; x_wconf 87' lang='lat' dir='ltr'><strong>od</strong></span> <span class='ocrx_word' id='word_1_42' title='bbox 1059 1148 1296 1224; x_wconf 76' lang='lat' dir='ltr'><strong>przpmieozem&#39;u</strong></span> <span class='ocrx_word' id='word_1_43' title='bbox 1313 1147 1450 1229; x_wconf 70' lang='lat' dir='ltr'><strong>pieezpci</strong></span> <span class='ocrx_word' id='word_1_44' title='bbox 1472 1146 1638 1209; x_wconf 71' lang='lat' dir='ltr'><strong>dotatam</strong></span> <span class='ocrx_word' id='word_1_45' title='bbox 1658 1143 1780 1228; x_wconf 67' lang='lat' dir='ltr'><strong>kotpciu,</strong></span> <span class='ocrx_word' id='word_1_46' title='bbox 1801 1137 1890 1206; x_wconf 71' lang='lat' dir='ltr'><strong>lotdrn</strong></span> <span class='ocrx_word' id='word_1_47' title='bbox 1909 1161 1973 1208; x_wconf 80' lang='lat' dir='ltr'><strong>oro·</strong></span> 
     </span>
    </p>

    <p class='ocr_par' dir='ltr' id='par_1_5' title="bbox 429 1247 991 1330">
     <span class='ocr_line' id='line_1_7' title="bbox 429 1247 991 1330; baseline 0.002 -9"><span class='ocrx_word' id='word_1_48' title='bbox 429 1247 991 1330; x_wconf 56' lang='lat' dir='ltr'><strong>WWMWWWWU</strong></span> 
     </span>
    </p>

    <p class='ocr_par' dir='ltr' id='par_1_6' title="bbox 382 1345 1974 1439">
     <span class='ocr_line' id='line_1_8' title="bbox 382 1345 1974 1439; baseline 0.003 -25"><span class='ocrx_word' id='word_1_49' title='bbox 382 1388 383 1391; x_wconf 14' lang='lat' dir='ltr'><strong>a</strong></span> <span class='ocrx_word' id='word_1_50' title='bbox 532 1345 669 1416; x_wconf 69' lang='lat' dir='ltr'><strong>senet.</strong></span> <span class='ocrx_word' id='word_1_51' title='bbox 698 1348 862 1414; x_wconf 63' lang='lat' dir='ltr'><strong>mansa</strong></span> <span class='ocrx_word' id='word_1_52' title='bbox 887 1346 1056 1430; x_wconf 67' lang='lat' dir='ltr'><strong>mepta</strong></span> <span class='ocrx_word' id='word_1_53' title='bbox 1086 1350 1226 1430; x_wconf 75' lang='lat' dir='ltr'><strong>mpeonn</strong></span> <span class='ocrx_word' id='word_1_54' title='bbox 1247 1346 1607 1439; x_wconf 11' lang='lat' dir='ltr'><strong>n,rr.u7‚1tm2otsn‚</strong></span> <span class='ocrx_word' id='word_1_55' title='bbox 1635 1350 1706 1421; x_wconf 9' lang='lat' dir='ltr'><strong>con?</strong></span> <span class='ocrx_word' id='word_1_56' title='bbox 1727 1350 1846 1429; x_wconf 67' lang='lat' dir='ltr'><strong>droa</strong></span> <span class='ocrx_word' id='word_1_57' title='bbox 1864 1350 1974 1420; x_wconf 70' lang='lat' dir='ltr'><strong>unta.</strong></span> 
     </span>
    </p>
   </div>
   <div class='ocr_carea' id='block_1_5' title="bbox 431 1620 1981 3866">
    <p class='ocr_par' dir='ltr' id='par_1_7' title="bbox 431 1611 1981 3866">
     <span class='ocr_line' id='line_1_9' title="bbox 532 1620 1975 1711; baseline 0.003 -21"><span class='ocrx_word' id='word_1_58' title='bbox 532 1621 571 1690; x_wconf 94' lang='lat' dir='ltr'><strong>1n</strong></span> <span class='ocrx_word' id='word_1_59' title='bbox 589 1621 714 1691; x_wconf 91' lang='lat' dir='ltr'><strong>nomine</strong></span> <span class='ocrx_word' id='word_1_60' title='bbox 734 1627 842 1690; x_wconf 82' lang='lat' dir='ltr'><strong>sancte</strong></span> <span class='ocrx_word' id='word_1_61' title='bbox 869 1621 1033 1690; x_wconf 71' lang='lat' dir='ltr'><strong>itinitntis</strong></span> <span class='ocrx_word' id='word_1_62' title='bbox 1061 1627 1095 1689; x_wconf 93' lang='lat' dir='ltr'><strong>et</strong></span> <span class='ocrx_word' id='word_1_63' title='bbox 1120 1621 1279 1690; x_wconf 84' lang='lat' dir='ltr'><strong>individue</strong></span> <span class='ocrx_word' id='word_1_64' title='bbox 1303 1620 1447 1689; x_wconf 82' lang='lat' dir='ltr'><strong>Unitatis</strong></span> <span class='ocrx_word' id='word_1_65' title='bbox 1470 1640 1572 1690; x_wconf 87' lang='lat' dir='ltr'><strong>amem</strong></span> <span class='ocrx_word' id='word_1_66' title='bbox 1615 1623 1751 1711; x_wconf 75' lang='lat' dir='ltr'><strong>Propter</strong></span> <span class='ocrx_word' id='word_1_67' title='bbox 1774 1625 1975 1695; x_wconf 80' lang='lat' dir='ltr'><strong>multimodas</strong></span> 
     </span>
     <span class='ocr_line' id='line_1_10' title="bbox 432 1723 1975 1814; baseline 0.002 -20"><span class='ocrx_word' id='word_1_68' title='bbox 432 1725 546 1812; x_wconf 84' lang='lat' dir='ltr'><strong>quibus</strong></span> <span class='ocrx_word' id='word_1_69' title='bbox 571 1744 661 1795; x_wconf 87' lang='lat' dir='ltr'><strong>mens</strong></span> <span class='ocrx_word' id='word_1_70' title='bbox 686 1726 823 1793; x_wconf 86' lang='lat' dir='ltr'><strong>hnmana</strong></span> <span class='ocrx_word' id='word_1_71' title='bbox 849 1723 1021 1792; x_wconf 85' lang='lat' dir='ltr'><strong>inflectitur</strong></span> <span class='ocrx_word' id='word_1_72' title='bbox 1044 1724 1280 1809; x_wconf 64' lang='lat' dir='ltr'><strong>occupationes,</strong></span> <span class='ocrx_word' id='word_1_73' title='bbox 1306 1742 1416 1791; x_wconf 83' lang='lat' dir='ltr'><strong>eorum</strong></span> <span class='ocrx_word' id='word_1_74' title='bbox 1443 1745 1549 1795; x_wconf 87' lang='lat' dir='ltr'><strong>rernm</strong></span> <span class='ocrx_word' id='word_1_75' title='bbox 1576 1744 1640 1811; x_wconf 86' lang='lat' dir='ltr'><strong>que</strong></span> <span class='ocrx_word' id='word_1_76' title='bbox 1664 1734 1756 1812; x_wconf 77' lang='lat' dir='ltr'><strong>gesta</strong></span> <span class='ocrx_word' id='word_1_77' title='bbox 1776 1734 1852 1796; x_wconf 86' lang='lat' dir='ltr'><strong>nunt</strong></span> <span class='ocrx_word' id='word_1_78' title='bbox 1871 1730 1975 1814; x_wconf 83' lang='lat' dir='ltr'><strong>sepius</strong></span> 
     </span>
     <span class='ocr_line' id='line_1_11' title="bbox 431 1828 1975 1916; baseline -0.001 -17"><span class='ocrx_word' id='word_1_79' title='bbox 431 1831 672 1912; x_wconf 78' lang='lat' dir='ltr'><strong>non-menime,</strong></span> <span class='ocrx_word' id='word_1_80' title='bbox 700 1834 735 1896; x_wconf 89' lang='lat' dir='ltr'><strong>et</strong></span> <span class='ocrx_word' id='word_1_81' title='bbox 758 1847 798 1896; x_wconf 91' lang='lat' dir='ltr'><strong>ne</strong></span> <span class='ocrx_word' id='word_1_82' title='bbox 825 1828 867 1896; x_wconf 83' lang='lat' dir='ltr'><strong>nd</strong></span> <span class='ocrx_word' id='word_1_83' title='bbox 887 1828 971 1915; x_wconf 88' lang='lat' dir='ltr'><strong>quod</strong></span> <span class='ocrx_word' id='word_1_84' title='bbox 992 1828 1089 1896; x_wconf 89' lang='lat' dir='ltr'><strong>robur</strong></span> <span class='ocrx_word' id='word_1_85' title='bbox 1109 1828 1204 1896; x_wconf 88' lang='lat' dir='ltr'><strong>debet</strong></span> <span class='ocrx_word' id='word_1_86' title='bbox 1224 1830 1446 1914; x_wconf 69' lang='lat' dir='ltr'><strong>perpetuitatis</strong></span> <span class='ocrx_word' id='word_1_87' title='bbox 1467 1831 1576 1897; x_wconf 85' lang='lat' dir='ltr'><strong>sortiri</strong></span> <span class='ocrx_word' id='word_1_88' title='bbox 1597 1831 1704 1899; x_wconf 84' lang='lat' dir='ltr'><strong>veniat</strong></span> <span class='ocrx_word' id='word_1_89' title='bbox 1723 1831 1757 1897; x_wconf 92' lang='lat' dir='ltr'><strong>in</strong></span> <span class='ocrx_word' id='word_1_90' title='bbox 1778 1832 1975 1916; x_wconf 84' lang='lat' dir='ltr'><strong>obliuionem,</strong></span> 
     </span>
     <span class='ocr_line' id='line_1_12' title="bbox 431 1932 1976 2019; baseline 0 -16"><span class='ocrx_word' id='word_1_91' title='bbox 431 1951 558 2003; x_wconf 81' lang='lat' dir='ltr'><strong>neeesse</strong></span> <span class='ocrx_word' id='word_1_92' title='bbox 583 1938 634 2002; x_wconf 88' lang='lat' dir='ltr'><strong>est</strong></span> <span class='ocrx_word' id='word_1_93' title='bbox 661 1932 743 2000; x_wconf 92' lang='lat' dir='ltr'><strong>idem</strong></span> <span class='ocrx_word' id='word_1_94' title='bbox 772 1933 998 2016; x_wconf 80' lang='lat' dir='ltr'><strong>seripturarum</strong></span> <span class='ocrx_word' id='word_1_95' title='bbox 1026 1932 1206 1999; x_wconf 71' lang='lat' dir='ltr'><strong>testimonio</strong></span> <span class='ocrx_word' id='word_1_96' title='bbox 1237 1933 1389 2000; x_wconf 82' lang='lat' dir='ltr'><strong>roborari.</strong></span> <span class='ocrx_word' id='word_1_97' title='bbox 1433 1932 1500 2000; x_wconf 85' lang='lat' dir='ltr'><strong>Nos</strong></span> <span class='ocrx_word' id='word_1_98' title='bbox 1527 1933 1626 2017; x_wconf 80' lang='lat' dir='ltr'><strong>igitur</strong></span> <span class='ocrx_word' id='word_1_99' title='bbox 1649 1932 1687 2000; x_wconf 88' lang='lat' dir='ltr'><strong>B.</strong></span> <span class='ocrx_word' id='word_1_100' title='bbox 1710 1933 1771 2000; x_wconf 90' lang='lat' dir='ltr'><strong>Dei</strong></span> <span class='ocrx_word' id='word_1_101' title='bbox 1790 1933 1894 2019; x_wconf 81' lang='lat' dir='ltr'><strong>gretia</strong></span> <span class='ocrx_word' id='word_1_102' title='bbox 1911 1935 1976 2003; x_wconf 84' lang='lat' dir='ltr'><strong>dux</strong></span> 
     </span>
     <span class='ocr_line' id='line_1_13' title="bbox 431 2033 1976 2122; baseline 0 -17"><span class='ocrx_word' id='word_1_103' title='bbox 431 2035 560 2105; x_wconf 89' lang='lat' dir='ltr'><strong>Polonie</strong></span> <span class='ocrx_word' id='word_1_104' title='bbox 579 2033 711 2102; x_wconf 81' lang='lat' dir='ltr'><strong>Maioris</strong></span> <span class='ocrx_word' id='word_1_105' title='bbox 732 2039 842 2102; x_wconf 87' lang='lat' dir='ltr'><strong>notum</strong></span> <span class='ocrx_word' id='word_1_106' title='bbox 860 2052 929 2102; x_wconf 85' lang='lat' dir='ltr'><strong>esse</strong></span> <span class='ocrx_word' id='word_1_107' title='bbox 947 2033 1089 2100; x_wconf 85' lang='lat' dir='ltr'><strong>volumus</strong></span> <span class='ocrx_word' id='word_1_108' title='bbox 1110 2034 1264 2100; x_wconf 84' lang='lat' dir='ltr'><strong>universis</strong></span> <span class='ocrx_word' id='word_1_109' title='bbox 1286 2040 1353 2100; x_wconf 84' lang='lat' dir='ltr'><strong>tam</strong></span> <span class='ocrx_word' id='word_1_110' title='bbox 1374 2036 1572 2120; x_wconf 73' lang='lat' dir='ltr'><strong>presentibus</strong></span> <span class='ocrx_word' id='word_1_111' title='bbox 1587 2053 1681 2120; x_wconf 81' lang='lat' dir='ltr'><strong>quem</strong></span> <span class='ocrx_word' id='word_1_112' title='bbox 1696 2034 1811 2104; x_wconf 78' lang='lat' dir='ltr'><strong>tuturis</strong></span> <span class='ocrx_word' id='word_1_113' title='bbox 1824 2037 1976 2122; x_wconf 84' lang='lat' dir='ltr'><strong>seriptum</strong></span> 
     </span>
     <span class='ocr_line' id='line_1_14' title="bbox 431 2136 1976 2224; baseline 0.001 -17"><span class='ocrx_word' id='word_1_114' title='bbox 431 2138 586 2224; x_wconf 83' lang='lat' dir='ltr'><strong>presentis</strong></span> <span class='ocrx_word' id='word_1_115' title='bbox 607 2137 720 2223; x_wconf 74' lang='lat' dir='ltr'><strong>pagine</strong></span> <span class='ocrx_word' id='word_1_116' title='bbox 741 2137 939 2222; x_wconf 69' lang='lat' dir='ltr'><strong>inspecturis,</strong></span> <span class='ocrx_word' id='word_1_117' title='bbox 959 2136 1043 2221; x_wconf 86' lang='lat' dir='ltr'><strong>quod</strong></span> <span class='ocrx_word' id='word_1_118' title='bbox 1064 2154 1167 2205; x_wconf 89' lang='lat' dir='ltr'><strong>comes</strong></span> <span class='ocrx_word' id='word_1_119' title='bbox 1189 2136 1329 2205; x_wconf 83' lang='lat' dir='ltr'><strong>Mindoia</strong></span> <span class='ocrx_word' id='word_1_120' title='bbox 1347 2137 1432 2206; x_wconf 87' lang='lat' dir='ltr'><strong>iilius</strong></span> <span class='ocrx_word' id='word_1_121' title='bbox 1453 2139 1611 2224; x_wconf 81' lang='lat' dir='ltr'><strong>quendem</strong></span> <span class='ocrx_word' id='word_1_122' title='bbox 1624 2138 1763 2207; x_wconf 80' lang='lat' dir='ltr'><strong>issodoie</strong></span> <span class='ocrx_word' id='word_1_123' title='bbox 1777 2139 1976 2209; x_wconf 82' lang='lat' dir='ltr'><strong>eonsiderans</strong></span> 
     </span>
     <span class='ocr_line' id='line_1_15' title="bbox 431 2240 1976 2328; baseline 0.001 -18"><span class='ocrx_word' id='word_1_124' title='bbox 431 2260 466 2310; x_wconf 88' lang='lat' dir='ltr'><strong>se</strong></span> <span class='ocrx_word' id='word_1_125' title='bbox 485 2240 689 2323; x_wconf 84' lang='lat' dir='ltr'><strong>moriturum,</strong></span> <span class='ocrx_word' id='word_1_126' title='bbox 718 2257 775 2308; x_wconf 88' lang='lat' dir='ltr'><strong>sne</strong></span> <span class='ocrx_word' id='word_1_127' title='bbox 803 2240 908 2308; x_wconf 90' lang='lat' dir='ltr'><strong>anime</strong></span> <span class='ocrx_word' id='word_1_128' title='bbox 927 2257 965 2306; x_wconf 89' lang='lat' dir='ltr'><strong>ae</strong></span> <span class='ocrx_word' id='word_1_129' title='bbox 987 2245 1184 2323; x_wconf 79' lang='lat' dir='ltr'><strong>posterorum</strong></span> <span class='ocrx_word' id='word_1_130' title='bbox 1209 2257 1338 2307; x_wconf 89' lang='lat' dir='ltr'><strong>suornm</strong></span> <span class='ocrx_word' id='word_1_131' title='bbox 1366 2240 1400 2307; x_wconf 92' lang='lat' dir='ltr'><strong>in</strong></span> <span class='ocrx_word' id='word_1_132' title='bbox 1421 2248 1610 2325; x_wconf 86' lang='lat' dir='ltr'><strong>perpetuum</strong></span> <span class='ocrx_word' id='word_1_133' title='bbox 1629 2240 1806 2326; x_wconf 82' lang='lat' dir='ltr'><strong>providens,</strong></span> <span class='ocrx_word' id='word_1_134' title='bbox 1828 2240 1869 2311; x_wconf 91' lang='lat' dir='ltr'><strong>ob</strong></span> <span class='ocrx_word' id='word_1_135' title='bbox 1889 2261 1976 2328; x_wconf 87' lang='lat' dir='ltr'><strong>spem</strong></span> 
     </span>
     <span class='ocr_line' id='line_1_16' title="bbox 432 2341 1976 2430; baseline 0.001 -17"><span class='ocrx_word' id='word_1_136' title='bbox 432 2343 583 2414; x_wconf 66' lang='lat' dir='ltr'><strong>meromis</strong></span> <span class='ocrx_word' id='word_1_137' title='bbox 604 2346 670 2411; x_wconf 83' lang='lat' dir='ltr'><strong>uite</strong></span> <span class='ocrx_word' id='word_1_138' title='bbox 689 2349 797 2411; x_wconf 86' lang='lat' dir='ltr'><strong>eterne</strong></span> <span class='ocrx_word' id='word_1_139' title='bbox 815 2343 883 2410; x_wconf 84' lang='lat' dir='ltr'><strong>Deo</strong></span> <span class='ocrx_word' id='word_1_140' title='bbox 904 2347 939 2410; x_wconf 88' lang='lat' dir='ltr'><strong>et</strong></span> <span class='ocrx_word' id='word_1_141' title='bbox 958 2341 1050 2410; x_wconf 85' lang='lat' dir='ltr'><strong>beate</strong></span> <span class='ocrx_word' id='word_1_142' title='bbox 1076 2343 1178 2410; x_wconf 84' lang='lat' dir='ltr'><strong>Marie</strong></span> <span class='ocrx_word' id='word_1_143' title='bbox 1205 2343 1240 2409; x_wconf 94' lang='lat' dir='ltr'><strong>in</strong></span> <span class='ocrx_word' id='word_1_144' title='bbox 1268 2341 1450 2427; x_wconf 66' lang='lat' dir='ltr'><strong>Gordenoi,</strong></span> <span class='ocrx_word' id='word_1_145' title='bbox 1484 2363 1547 2430; x_wconf 88' lang='lat' dir='ltr'><strong>qne</strong></span> <span class='ocrx_word' id='word_1_146' title='bbox 1577 2351 1612 2413; x_wconf 93' lang='lat' dir='ltr'><strong>et</strong></span> <span class='ocrx_word' id='word_1_147' title='bbox 1642 2344 1820 2430; x_wconf 84' lang='lat' dir='ltr'><strong>Paradysus</strong></span> <span class='ocrx_word' id='word_1_148' title='bbox 1851 2345 1976 2430; x_wconf 76' lang='lat' dir='ltr'><strong>dieitur,</strong></span> 
     </span>
     <span class='ocr_line' id='line_1_17' title="bbox 431 2438 1977 2533; baseline 0 -17"><span class='ocrx_word' id='word_1_149' title='bbox 431 2466 470 2516; x_wconf 86' lang='lat' dir='ltr'><strong>ae</strong></span> <span class='ocrx_word' id='word_1_150' title='bbox 489 2446 641 2517; x_wconf 67' lang='lat' dir='ltr'><strong>nauibus</strong></span> <span class='ocrx_word' id='word_1_151' title='bbox 662 2438 739 2514; x_wconf 85' lang='lat' dir='ltr'><strong>inibi</strong></span> <span class='ocrx_word' id='word_1_152' title='bbox 760 2445 1017 2514; x_wconf 81' lang='lat' dir='ltr'><strong>eonversnntibus</strong></span> <span class='ocrx_word' id='word_1_153' title='bbox 1044 2444 1270 2530; x_wconf 79' lang='lat' dir='ltr'><strong>Cystereienais</strong></span> <span class='ocrx_word' id='word_1_154' title='bbox 1296 2445 1425 2515; x_wconf 86' lang='lat' dir='ltr'><strong>Ordinis</strong></span> <span class='ocrx_word' id='word_1_155' title='bbox 1446 2447 1582 2515; x_wconf 88' lang='lat' dir='ltr'><strong>eontulit</strong></span> <span class='ocrx_word' id='word_1_156' title='bbox 1601 2447 1810 2515; x_wconf 73' lang='lat' dir='ltr'><strong>hereditatem</strong></span> <span class='ocrx_word' id='word_1_157' title='bbox 1829 2466 1891 2533; x_wconf 84' lang='lat' dir='ltr'><strong>qne</strong></span> <span class='ocrx_word' id='word_1_158' title='bbox 1909 2449 1977 2517; x_wconf 86' lang='lat' dir='ltr'><strong>rni-</strong></span> 
     </span>
     <span class='ocr_line' id='line_1_18' title="bbox 431 2548 1977 2637; baseline 0 -18"><span class='ocrx_word' id='word_1_159' title='bbox 431 2551 551 2637; x_wconf 75' lang='lat' dir='ltr'><strong>gnriter</strong></span> <span class='ocrx_word' id='word_1_160' title='bbox 569 2549 750 2619; x_wconf 81' lang='lat' dir='ltr'><strong>issodavseo</strong></span> <span class='ocrx_word' id='word_1_161' title='bbox 771 2553 979 2632; x_wconf 85' lang='lat' dir='ltr'><strong>nuncupatur,</strong></span> <span class='ocrx_word' id='word_1_162' title='bbox 1007 2567 1079 2616; x_wconf 89' lang='lat' dir='ltr'><strong>eum</strong></span> <span class='ocrx_word' id='word_1_163' title='bbox 1107 2548 1251 2616; x_wconf 88' lang='lat' dir='ltr'><strong>omnibns</strong></span> <span class='ocrx_word' id='word_1_164' title='bbox 1273 2548 1455 2617; x_wconf 78' lang='lat' dir='ltr'><strong>attinenciis</strong></span> <span class='ocrx_word' id='word_1_165' title='bbox 1476 2549 1542 2617; x_wconf 81' lang='lat' dir='ltr'><strong>suia</strong></span> <span class='ocrx_word' id='word_1_166' title='bbox 1562 2548 1632 2617; x_wconf 88' lang='lat' dir='ltr'><strong>inne</strong></span> <span class='ocrx_word' id='word_1_167' title='bbox 1652 2549 1841 2618; x_wconf 83' lang='lat' dir='ltr'><strong>hereditario</strong></span> <span class='ocrx_word' id='word_1_168' title='bbox 1858 2549 1977 2635; x_wconf 84' lang='lat' dir='ltr'><strong>nbsque</strong></span> 
     </span>
     <span class='ocr_line' id='line_1_19' title="bbox 432 2651 1977 2738; baseline -0.003 -14"><span class='ocrx_word' id='word_1_169' title='bbox 432 2654 499 2724; x_wconf 70' lang='lat' dir='ltr'><strong>nlla</strong></span> <span class='ocrx_word' id='word_1_170' title='bbox 515 2652 741 2722; x_wconf 71' lang='lat' dir='ltr'><strong>retrnetmione</strong></span> <span class='ocrx_word' id='word_1_171' title='bbox 760 2652 795 2719; x_wconf 94' lang='lat' dir='ltr'><strong>in</strong></span> <span class='ocrx_word' id='word_1_172' title='bbox 815 2656 1001 2736; x_wconf 89' lang='lat' dir='ltr'><strong>perpetuum</strong></span> <span class='ocrx_word' id='word_1_173' title='bbox 1022 2652 1256 2736; x_wconf 70' lang='lat' dir='ltr'><strong>possidendam</strong></span> <span class='ocrx_word' id='word_1_174' title='bbox 1287 2671 1383 2737; x_wconf 83' lang='lat' dir='ltr'><strong>quem</strong></span> <span class='ocrx_word' id='word_1_175' title='bbox 1399 2651 1601 2721; x_wconf 81' lang='lat' dir='ltr'><strong>donationem</strong></span> <span class='ocrx_word' id='word_1_176' title='bbox 1621 2653 1706 2720; x_wconf 82' lang='lat' dir='ltr'><strong>iilius</strong></span> <span class='ocrx_word' id='word_1_177' title='bbox 1726 2653 1825 2738; x_wconf 86' lang='lat' dir='ltr'><strong>ipsius</strong></span> <span class='ocrx_word' id='word_1_178' title='bbox 1845 2652 1977 2720; x_wconf 84' lang='lat' dir='ltr'><strong>Innobns</strong></span> 
     </span>
     <span class='ocr_line' id='line_1_20' title="bbox 431 2753 1977 2842; baseline -0.003 -16"><span class='ocrx_word' id='word_1_179' title='bbox 431 2756 556 2826; x_wconf 81' lang='lat' dir='ltr'><strong>mnino</strong></span> <span class='ocrx_word' id='word_1_180' title='bbox 576 2762 651 2842; x_wconf 82' lang='lat' dir='ltr'><strong>pont</strong></span> <span class='ocrx_word' id='word_1_181' title='bbox 670 2754 791 2823; x_wconf 88' lang='lat' dir='ltr'><strong>obitum</strong></span> <span class='ocrx_word' id='word_1_182' title='bbox 811 2755 913 2839; x_wconf 83' lang='lat' dir='ltr'><strong>putris</strong></span> <span class='ocrx_word' id='word_1_183' title='bbox 934 2773 1039 2822; x_wconf 84' lang='lat' dir='ltr'><strong>uorem</strong></span> <span class='ocrx_word' id='word_1_184' title='bbox 1061 2753 1151 2822; x_wconf 86' lang='lat' dir='ltr'><strong>nobis</strong></span> <span class='ocrx_word' id='word_1_185' title='bbox 1173 2760 1207 2821; x_wconf 90' lang='lat' dir='ltr'><strong>et</strong></span> <span class='ocrx_word' id='word_1_186' title='bbox 1225 2754 1383 2824; x_wconf 81' lang='lat' dir='ltr'><strong>nobilibus</strong></span> <span class='ocrx_word' id='word_1_187' title='bbox 1403 2756 1521 2823; x_wconf 85' lang='lat' dir='ltr'><strong>nostris</strong></span> <span class='ocrx_word' id='word_1_188' title='bbox 1541 2755 1732 2840; x_wconf 85' lang='lat' dir='ltr'><strong>supradictis</strong></span> <span class='ocrx_word' id='word_1_189' title='bbox 1745 2753 1895 2823; x_wconf 71' lang='lat' dir='ltr'><strong>matribus</strong></span> <span class='ocrx_word' id='word_1_190' title='bbox 1914 2755 1977 2822; x_wconf 86' lang='lat' dir='ltr'><strong>eol·</strong></span> 
     </span>
     <span class='ocr_line' id='line_1_21' title="bbox 431 2857 1978 2946; baseline -0.002 -18"><span class='ocrx_word' id='word_1_191' title='bbox 431 2859 600 2946; x_wconf 88' lang='lat' dir='ltr'><strong>lempniter</strong></span> <span class='ocrx_word' id='word_1_192' title='bbox 619 2858 783 2927; x_wconf 67' lang='lat' dir='ltr'><strong>sanmvit</strong></span> <span class='ocrx_word' id='word_1_193' title='bbox 808 2857 957 2926; x_wconf 85' lang='lat' dir='ltr'><strong>Preteren</strong></span> <span class='ocrx_word' id='word_1_194' title='bbox 976 2858 1076 2925; x_wconf 75' lang='lat' dir='ltr'><strong>eide-</strong></span> <span class='ocrx_word' id='word_1_195' title='bbox 1096 2859 1310 2927; x_wconf 82' lang='lat' dir='ltr'><strong>eonnectmns</strong></span> <span class='ocrx_word' id='word_1_196' title='bbox 1330 2859 1505 2945; x_wconf 78' lang='lat' dir='ltr'><strong>privilegio,</strong></span> <span class='ocrx_word' id='word_1_197' title='bbox 1527 2858 1619 2942; x_wconf 64' lang='lat' dir='ltr'><strong>qnod,</strong></span> <span class='ocrx_word' id='word_1_198' title='bbox 1632 2859 1723 2925; x_wconf 88' lang='lat' dir='ltr'><strong>miles</strong></span> <span class='ocrx_word' id='word_1_199' title='bbox 1737 2865 1846 2926; x_wconf 83' lang='lat' dir='ltr'><strong>noster</strong></span> <span class='ocrx_word' id='word_1_200' title='bbox 1865 2857 1978 2925; x_wconf 80' lang='lat' dir='ltr'><strong>Petrus</strong></span> 
     </span>
     <span class='ocr_line' id='line_1_22' title="bbox 431 2959 1978 3046; baseline -0.003 -14"><span class='ocrx_word' id='word_1_201' title='bbox 431 2962 472 3032; x_wconf 91' lang='lat' dir='ltr'><strong>de</strong></span> <span class='ocrx_word' id='word_1_202' title='bbox 493 2961 597 3031; x_wconf 82' lang='lat' dir='ltr'><strong>Gnnin</strong></span> <span class='ocrx_word' id='word_1_203' title='bbox 618 2961 743 3030; x_wconf 88' lang='lat' dir='ltr'><strong>eomuni</strong></span> <span class='ocrx_word' id='word_1_204' title='bbox 764 2979 840 3028; x_wconf 82' lang='lat' dir='ltr'><strong>usus</strong></span> <span class='ocrx_word' id='word_1_205' title='bbox 860 2960 991 3028; x_wconf 86' lang='lat' dir='ltr'><strong>oonsilio</strong></span> <span class='ocrx_word' id='word_1_206' title='bbox 1012 2960 1149 3029; x_wconf 87' lang='lat' dir='ltr'><strong>filiorum</strong></span> <span class='ocrx_word' id='word_1_207' title='bbox 1168 2979 1207 3028; x_wconf 87' lang='lat' dir='ltr'><strong>ac</strong></span> <span class='ocrx_word' id='word_1_208' title='bbox 1228 2968 1380 3046; x_wconf 87' lang='lat' dir='ltr'><strong>nepotum</strong></span> <span class='ocrx_word' id='word_1_209' title='bbox 1400 2979 1544 3044; x_wconf 84' lang='lat' dir='ltr'><strong>snorum,</strong></span> <span class='ocrx_word' id='word_1_210' title='bbox 1572 2980 1630 3045; x_wconf 89' lang='lat' dir='ltr'><strong>pro</strong></span> <span class='ocrx_word' id='word_1_211' title='bbox 1651 2959 1851 3044; x_wconf 85' lang='lat' dir='ltr'><strong>ndipiseendn</strong></span> <span class='ocrx_word' id='word_1_212' title='bbox 1871 2965 1978 3028; x_wconf 86' lang='lat' dir='ltr'><strong>eterne</strong></span> 
     </span>
     <span class='ocr_line' id='line_1_23' title="bbox 433 3061 1978 3150; baseline -0.003 -17"><span class='ocrx_word' id='word_1_213' title='bbox 433 3065 637 3133; x_wconf 79' lang='lat' dir='ltr'><strong>bendmdinis</strong></span> <span class='ocrx_word' id='word_1_214' title='bbox 656 3064 758 3150; x_wconf 80' lang='lat' dir='ltr'><strong>gloria</strong></span> <span class='ocrx_word' id='word_1_215' title='bbox 778 3081 851 3149; x_wconf 84' lang='lat' dir='ltr'><strong>sepe</strong></span> <span class='ocrx_word' id='word_1_216' title='bbox 872 3063 1034 3132; x_wconf 86' lang='lat' dir='ltr'><strong>nominate</strong></span> <span class='ocrx_word' id='word_1_217' title='bbox 1054 3062 1161 3133; x_wconf 88' lang='lat' dir='ltr'><strong>domni</strong></span> <span class='ocrx_word' id='word_1_218' title='bbox 1183 3064 1319 3131; x_wconf 87' lang='lat' dir='ltr'><strong>eontulit</strong></span> <span class='ocrx_word' id='word_1_219' title='bbox 1345 3065 1504 3149; x_wconf 80' lang='lat' dir='ltr'><strong>quendam</strong></span> <span class='ocrx_word' id='word_1_220' title='bbox 1525 3064 1637 3132; x_wconf 84' lang='lat' dir='ltr'><strong>silvam</strong></span> <span class='ocrx_word' id='word_1_221' title='bbox 1658 3081 1730 3131; x_wconf 89' lang='lat' dir='ltr'><strong>eum</strong></span> <span class='ocrx_word' id='word_1_222' title='bbox 1751 3063 1881 3142; x_wconf 77' lang='lat' dir='ltr'><strong>lnoubm</strong></span> <span class='ocrx_word' id='word_1_223' title='bbox 1901 3061 1978 3129; x_wconf 90' lang='lat' dir='ltr'><strong>dno-</strong></span> 
     </span>
     <span class='ocr_line' id='line_1_24' title="bbox 432 3164 1979 3253; baseline -0.002 -17"><span class='ocrx_word' id='word_1_224' title='bbox 432 3165 493 3236; x_wconf 79' lang='lat' dir='ltr'><strong>bus</strong></span> <span class='ocrx_word' id='word_1_225' title='bbox 512 3166 568 3252; x_wconf 83' lang='lat' dir='ltr'><strong>qni</strong></span> <span class='ocrx_word' id='word_1_226' title='bbox 589 3165 700 3253; x_wconf 76' lang='lat' dir='ltr'><strong>Lynyn</strong></span> <span class='ocrx_word' id='word_1_227' title='bbox 719 3165 876 3248; x_wconf 83' lang='lat' dir='ltr'><strong>dicuntur,</strong></span> <span class='ocrx_word' id='word_1_228' title='bbox 903 3164 1049 3234; x_wconf 83' lang='lat' dir='ltr'><strong>similiter</strong></span> <span class='ocrx_word' id='word_1_229' title='bbox 1078 3165 1268 3233; x_wconf 85' lang='lat' dir='ltr'><strong>hereditario</strong></span> <span class='ocrx_word' id='word_1_230' title='bbox 1295 3166 1365 3233; x_wconf 92' lang='lat' dir='ltr'><strong>inre</strong></span> <span class='ocrx_word' id='word_1_231' title='bbox 1392 3167 1635 3252; x_wconf 82' lang='lat' dir='ltr'><strong>inperpetuum</strong></span> <span class='ocrx_word' id='word_1_232' title='bbox 1654 3165 1900 3252; x_wconf 79' lang='lat' dir='ltr'><strong>possideudnm3‘</strong></span> <span class='ocrx_word' id='word_1_233' title='bbox 1916 3183 1979 3250; x_wconf 82' lang='lat' dir='ltr'><strong>que</strong></span> 
     </span>
     <span class='ocr_line' id='line_1_25' title="bbox 431 3267 1979 3354; baseline -0.001 -17"><span class='ocrx_word' id='word_1_234' title='bbox 431 3268 511 3337; x_wconf 83' lang='lat' dir='ltr'><strong>silva</strong></span> <span class='ocrx_word' id='word_1_235' title='bbox 531 3268 744 3354; x_wconf 82' lang='lat' dir='ltr'><strong>predictorum</strong></span> <span class='ocrx_word' id='word_1_236' title='bbox 764 3268 898 3337; x_wconf 82' lang='lat' dir='ltr'><strong>fratrom</strong></span> <span class='ocrx_word' id='word_1_237' title='bbox 925 3267 1051 3336; x_wconf 86' lang='lat' dir='ltr'><strong>adineet</strong></span> <span class='ocrx_word' id='word_1_238' title='bbox 1075 3267 1245 3337; x_wconf 75' lang='lat' dir='ltr'><strong>hereditati</strong></span> <span class='ocrx_word' id='word_1_239' title='bbox 1265 3287 1329 3354; x_wconf 86' lang='lat' dir='ltr'><strong>qne</strong></span> <span class='ocrx_word' id='word_1_240' title='bbox 1349 3269 1519 3338; x_wconf 83' lang='lat' dir='ltr'><strong>Miiostevo</strong></span> <span class='ocrx_word' id='word_1_241' title='bbox 1540 3275 1680 3338; x_wconf 84' lang='lat' dir='ltr'><strong>voeatur.</strong></span> <span class='ocrx_word' id='word_1_242' title='bbox 1723 3267 1771 3336; x_wconf 89' lang='lat' dir='ltr'><strong>Ut</strong></span> <span class='ocrx_word' id='word_1_243' title='bbox 1790 3268 1888 3353; x_wconf 76' lang='lat' dir='ltr'><strong>igitur</strong></span> <span class='ocrx_word' id='word_1_244' title='bbox 1907 3285 1979 3351; x_wconf 90' lang='lat' dir='ltr'><strong>pre·</strong></span> 
     </span>
     <span class='ocr_line' id='line_1_26' title="bbox 432 3369 1978 3458; baseline -0.003 -18"><span class='ocrx_word' id='word_1_245' title='bbox 432 3371 588 3440; x_wconf 76' lang='lat' dir='ltr'><strong>dictorum</strong></span> <span class='ocrx_word' id='word_1_246' title='bbox 609 3371 747 3439; x_wconf 90' lang='lat' dir='ltr'><strong>militnm</strong></span> <span class='ocrx_word' id='word_1_247' title='bbox 766 3370 898 3439; x_wconf 85' lang='lat' dir='ltr'><strong>donaoio</strong></span> <span class='ocrx_word' id='word_1_248' title='bbox 918 3389 956 3438; x_wconf 83' lang='lat' dir='ltr'><strong>nc</strong></span> <span class='ocrx_word' id='word_1_249' title='bbox 977 3376 1089 3438; x_wconf 81' lang='lat' dir='ltr'><strong>nostra</strong></span> <span class='ocrx_word' id='word_1_250' title='bbox 1102 3370 1298 3439; x_wconf 78' lang='lat' dir='ltr'><strong>confirmatio</strong></span> <span class='ocrx_word' id='word_1_251' title='bbox 1311 3379 1442 3458; x_wconf 86' lang='lat' dir='ltr'><strong>propter</strong></span> <span class='ocrx_word' id='word_1_252' title='bbox 1455 3372 1566 3441; x_wconf 82' lang='lat' dir='ltr'><strong>frivole</strong></span> <span class='ocrx_word' id='word_1_253' title='bbox 1579 3371 1776 3441; x_wconf 77' lang='lat' dir='ltr'><strong>obviantium</strong></span> <span class='ocrx_word' id='word_1_254' title='bbox 1788 3369 1978 3454; x_wconf 82' lang='lat' dir='ltr'><strong>proterviam</strong></span> 
     </span>
     <span class='ocr_line' id='line_1_27' title="bbox 432 3472 1979 3560; baseline -0.003 -17"><span class='ocrx_word' id='word_1_255' title='bbox 432 3479 504 3543; x_wconf 82' lang='lat' dir='ltr'><strong>rata</strong></span> <span class='ocrx_word' id='word_1_256' title='bbox 524 3479 559 3542; x_wconf 94' lang='lat' dir='ltr'><strong>et</strong></span> <span class='ocrx_word' id='word_1_257' title='bbox 578 3473 762 3543; x_wconf 80' lang='lat' dir='ltr'><strong>inoonruIsa</strong></span> <span class='ocrx_word' id='word_1_258' title='bbox 782 3478 933 3558; x_wconf 89' lang='lat' dir='ltr'><strong>perpetuo</strong></span> <span class='ocrx_word' id='word_1_259' title='bbox 952 3479 1139 3558; x_wconf 80' lang='lat' dir='ltr'><strong>perseueret</strong></span> <span class='ocrx_word' id='word_1_260' title='bbox 1163 3473 1258 3559; x_wconf 78' lang='lat' dir='ltr'><strong>sigilli</strong></span> <span class='ocrx_word' id='word_1_261' title='bbox 1279 3475 1382 3542; x_wconf 84' lang='lat' dir='ltr'><strong>nostri</strong></span> <span class='ocrx_word' id='word_1_262' title='bbox 1403 3477 1595 3560; x_wconf 76' lang='lat' dir='ltr'><strong>appensione</strong></span> <span class='ocrx_word' id='word_1_263' title='bbox 1615 3474 1744 3560; x_wconf 79' lang='lat' dir='ltr'><strong>dignum</strong></span> <span class='ocrx_word' id='word_1_264' title='bbox 1762 3472 1907 3540; x_wconf 85' lang='lat' dir='ltr'><strong>duximus</strong></span> <span class='ocrx_word' id='word_1_265' title='bbox 1927 3490 1979 3540; x_wconf 91' lang='lat' dir='ltr'><strong>ro·</strong></span> 
     </span>
     <span class='ocr_line' id='line_1_28' title="bbox 432 3575 1981 3662; baseline -0.002 -18"><span class='ocrx_word' id='word_1_266' title='bbox 432 3576 604 3645; x_wconf 79' lang='lat' dir='ltr'><strong>horandum</strong></span> <span class='ocrx_word' id='word_1_267' title='bbox 634 3595 673 3644; x_wconf 88' lang='lat' dir='ltr'><strong>ac</strong></span> <span class='ocrx_word' id='word_1_268' title='bbox 697 3576 850 3645; x_wconf 84' lang='lat' dir='ltr'><strong>bnronnm</strong></span> <span class='ocrx_word' id='word_1_269' title='bbox 871 3581 1050 3643; x_wconf 82' lang='lat' dir='ltr'><strong>nostrorum</strong></span> <span class='ocrx_word' id='word_1_270' title='bbox 1071 3576 1126 3660; x_wconf 85' lang='lat' dir='ltr'><strong>qni</strong></span> <span class='ocrx_word' id='word_1_271' title='bbox 1147 3575 1366 3645; x_wconf 82' lang='lat' dir='ltr'><strong>interfuerunt</strong></span> <span class='ocrx_word' id='word_1_272' title='bbox 1385 3578 1576 3661; x_wconf 88' lang='lat' dir='ltr'><strong>testimonio,</strong></span> <span class='ocrx_word' id='word_1_273' title='bbox 1598 3593 1733 3662; x_wconf 84' lang='lat' dir='ltr'><strong>quornm</strong></span> <span class='ocrx_word' id='word_1_274' title='bbox 1753 3576 1812 3644; x_wconf 86' lang='lat' dir='ltr'><strong>heo</strong></span> <span class='ocrx_word' id='word_1_275' title='bbox 1832 3581 1907 3643; x_wconf 85' lang='lat' dir='ltr'><strong>nunt</strong></span> <span class='ocrx_word' id='word_1_276' title='bbox 1922 3591 1981 3641; x_wconf 92' lang='lat' dir='ltr'><strong>no·</strong></span> 
     </span>
     <span class='ocr_line' id='line_1_29' title="bbox 432 3676 1979 3764; baseline -0.001 -17"><span class='ocrx_word' id='word_1_277' title='bbox 432 3679 532 3747; x_wconf 82' lang='lat' dir='ltr'><strong>mina:</strong></span> <span class='ocrx_word' id='word_1_278' title='bbox 554 3678 744 3764; x_wconf 84' lang='lat' dir='ltr'><strong>Predpelens</strong></span> <span class='ocrx_word' id='word_1_279' title='bbox 765 3678 925 3762; x_wconf 84' lang='lat' dir='ltr'><strong>pnlntinus</strong></span> <span class='ocrx_word' id='word_1_280' title='bbox 944 3676 1255 3763; x_wconf 72' lang='lat' dir='ltr'><strong>noster‚‚Bogu1nius</strong></span> <span class='ocrx_word' id='word_1_281' title='bbox 1277 3679 1468 3747; x_wconf 85' lang='lat' dir='ltr'><strong>casteilnnus</strong></span> <span class='ocrx_word' id='word_1_282' title='bbox 1487 3679 1719 3761; x_wconf 82' lang='lat' dir='ltr'><strong>Poenaniensis‚</strong></span> <span class='ocrx_word' id='word_1_283' title='bbox 1734 3677 1889 3747; x_wconf 75' lang='lat' dir='ltr'><strong>Iohannes</strong></span> <span class='ocrx_word' id='word_1_284' title='bbox 1905 3695 1979 3745; x_wconf 85' lang='lat' dir='ltr'><strong>onn-</strong></span> 
     </span>
     <span class='ocr_line' id='line_1_30' title="bbox 433 3779 1979 3866; baseline -0.003 -16"><span class='ocrx_word' id='word_1_285' title='bbox 433 3781 578 3850; x_wconf 84' lang='lat' dir='ltr'><strong>oellerins</strong></span> <span class='ocrx_word' id='word_1_286' title='bbox 599 3787 716 3865; x_wconf 83' lang='lat' dir='ltr'><strong>noster,</strong></span> <span class='ocrx_word' id='word_1_287' title='bbox 738 3780 944 3866; x_wconf 83' lang='lat' dir='ltr'><strong>Sandivogius</strong></span> <span class='ocrx_word' id='word_1_288' title='bbox 965 3779 1049 3848; x_wconf 84' lang='lat' dir='ltr'><strong>filius</strong></span> <span class='ocrx_word' id='word_1_289' title='bbox 1070 3781 1208 3863; x_wconf 77' lang='lat' dir='ltr'><strong>Paionia,</strong></span> <span class='ocrx_word' id='word_1_290' title='bbox 1230 3781 1395 3850; x_wconf 73' lang='lat' dir='ltr'><strong>Beniamin</strong></span> <span class='ocrx_word' id='word_1_291' title='bbox 1417 3782 1607 3851; x_wconf 76' lang='lat' dir='ltr'><strong>metellanns</strong></span> <span class='ocrx_word' id='word_1_292' title='bbox 1627 3782 1669 3850; x_wconf 89' lang='lat' dir='ltr'><strong>de</strong></span> <span class='ocrx_word' id='word_1_293' title='bbox 1688 3782 1851 3863; x_wconf 85' lang='lat' dir='ltr'><strong>Premunt,</strong></span> <span class='ocrx_word' id='word_1_294' title='bbox 1871 3779 1979 3846; x_wconf 76' lang='lat' dir='ltr'><strong>Nason</strong></span> 
     </span>
    </p>
   </div>
   <div class='ocr_carea' id='block_1_6' title="bbox 432 3881 1979 4057">
    <p class='ocr_par' dir='ltr' id='par_1_8' title="bbox 432 3881 1979 4057">
     <span class='ocr_line' id='line_1_31' title="bbox 432 3881 1979 3971; baseline -0.001 -20"><span class='ocrx_word' id='word_1_295' title='bbox 432 3882 517 3952; x_wconf 85' lang='lat' dir='ltr'><strong>tilius</strong></span> <span class='ocrx_word' id='word_1_296' title='bbox 536 3882 669 3968; x_wconf 78' lang='lat' dir='ltr'><strong>Bognte</strong></span> <span class='ocrx_word' id='word_1_297' title='bbox 713 3885 796 3953; x_wconf 82' lang='lat' dir='ltr'><strong>Aeta</strong></span> <span class='ocrx_word' id='word_1_298' title='bbox 812 3888 887 3951; x_wconf 87' lang='lat' dir='ltr'><strong>snnt</strong></span> <span class='ocrx_word' id='word_1_299' title='bbox 907 3882 966 3951; x_wconf 88' lang='lat' dir='ltr'><strong>hee</strong></span> <span class='ocrx_word' id='word_1_300' title='bbox 989 3882 1024 3949; x_wconf 93' lang='lat' dir='ltr'><strong>in</strong></span> <span class='ocrx_word' id='word_1_301' title='bbox 1044 3881 1173 3951; x_wconf 85' lang='lat' dir='ltr'><strong>Gnesna</strong></span> <span class='ocrx_word' id='word_1_302' title='bbox 1192 3901 1274 3952; x_wconf 87' lang='lat' dir='ltr'><strong>anno</strong></span> <span class='ocrx_word' id='word_1_303' title='bbox 1292 3884 1420 3953; x_wconf 86' lang='lat' dir='ltr'><strong>Domini</strong></span> <span class='ocrx_word' id='word_1_304' title='bbox 1441 3883 1553 3954; x_wconf 67' lang='lat' dir='ltr'><strong>mcc.</strong></span> <span class='ocrx_word' id='word_1_305' title='bbox 1570 3885 1779 3971; x_wconf 77' lang='lat' dir='ltr'><strong>sexagesimo,</strong></span> <span class='ocrx_word' id='word_1_306' title='bbox 1806 3882 1979 3952; x_wconf 82' lang='lat' dir='ltr'><strong>indictione</strong></span> 
     </span>
     <span class='ocr_line' id='line_1_32' title="bbox 433 3986 840 4057; baseline 0 -35"><span class='ocrx_word' id='word_1_307' title='bbox 433 3986 542 4057; x_wconf 54' lang='lat' dir='ltr'><strong><em>m</em></strong></span> <span class='ocrx_word' id='word_1_308' title='bbox 839 4017 840 4022; x_wconf 10' lang='lat' dir='ltr'><strong>i</strong></span> 
     </span>
    </p>
   </div>
   <div class='ocr_carea' id='block_1_7' title="bbox 433 4154 1981 4350">
    <p class='ocr_par' dir='ltr' id='par_1_9' title="bbox 433 4154 1981 4350">
     <span class='ocr_line' id='line_1_33' title="bbox 535 4154 1981 4246; baseline -0.003 -19"><span class='ocrx_word' id='word_1_309' title='bbox 535 4157 724 4244; x_wconf 80' lang='lat' dir='ltr'><strong>Pmndyum,</strong></span> <span class='ocrx_word' id='word_1_310' title='bbox 746 4163 895 4241; x_wconf 70' lang='lat' dir='ltr'><strong>Purudpt</strong></span> <span class='ocrx_word' id='word_1_311' title='bbox 917 4157 1110 4242; x_wconf 81' lang='lat' dir='ltr'><strong>issodavseo,</strong></span> <span class='ocrx_word' id='word_1_312' title='bbox 1134 4161 1332 4226; x_wconf 72' lang='lat' dir='ltr'><strong>Mtodomko.</strong></span> <span class='ocrx_word' id='word_1_313' title='bbox 1355 4159 1471 4246; x_wconf 86' lang='lat' dir='ltr'><strong>cunin,</strong></span> <span class='ocrx_word' id='word_1_314' title='bbox 1495 4164 1605 4228; x_wconf 69' lang='lat' dir='ltr'><strong>Kopion</strong></span> <span class='ocrx_word' id='word_1_315' title='bbox 1626 4157 1748 4246; x_wconf 77' lang='lat' dir='ltr'><strong>Lynyn,</strong></span> <span class='ocrx_word' id='word_1_316' title='bbox 1770 4160 1866 4226; x_wconf 73' lang='lat' dir='ltr'><strong>ntae.</strong></span> <span class='ocrx_word' id='word_1_317' title='bbox 1888 4154 1981 4224; x_wconf 82' lang='lat' dir='ltr'><strong>Milo·</strong></span> 
     </span>
     <span class='ocr_line' id='line_1_34' title="bbox 433 4261 1104 4350; baseline 0.003 -23"><span class='ocrx_word' id='word_1_318' title='bbox 433 4264 534 4344; x_wconf 81' lang='lat' dir='ltr'><strong>storo,</strong></span> <span class='ocrx_word' id='word_1_319' title='bbox 559 4264 734 4328; x_wconf 70' lang='lat' dir='ltr'><strong>dmentem.</strong></span> <span class='ocrx_word' id='word_1_320' title='bbox 767 4261 934 4346; x_wconf 84' lang='lat' dir='ltr'><strong>Premunt,</strong></span> <span class='ocrx_word' id='word_1_321' title='bbox 955 4264 1104 4350; x_wconf 62' lang='grc' dir='ltr'><strong>Ρηαιιςι.</strong></span> 
     </span>
    </p>
   </div>
   <div class='ocr_carea' id='block_1_8' title="bbox 1103 4555 1315 4647">
    <p class='ocr_par' dir='ltr' id='par_1_10' title="bbox 1103 4555 1315 4647">
     <span class='ocr_line' id='line_1_35' title="bbox 1103 4555 1315 4647; baseline 0.019 -4"><span class='ocrx_word' id='word_1_322' title='bbox 1103 4559 1178 4647; x_wconf 86' lang='lat' dir='ltr'><strong>Nn.</strong></span> <span class='ocrx_word' id='word_1_323' title='bbox 1214 4555 1315 4646; x_wconf 64' lang='lat'><strong>384</strong></span> 
     </span>
    </p>
   </div>
   <div class='ocr_carea' id='block_1_9' title="bbox 434 4753 1981 5166">
    <p class='ocr_par' dir='ltr' id='par_1_11' title="bbox 434 4753 1981 5065">
     <span class='ocr_line' id='line_1_36' title="bbox 536 4753 1981 4863; baseline -0.003 -23"><span class='ocrx_word' id='word_1_324' title='bbox 536 4755 730 4842; x_wconf 82' lang='lat' dir='ltr'><strong>Boleelaun</strong></span> <span class='ocrx_word' id='word_1_325' title='bbox 764 4756 946 4840; x_wconf 76' lang='lat' dir='ltr'><strong>secundus</strong></span> <span class='ocrx_word' id='word_1_326' title='bbox 983 4757 1065 4858; x_wconf 83' lang='lat' dir='ltr'><strong>(sin)</strong></span> <span class='ocrx_word' id='word_1_327' title='bbox 1100 4758 1177 4840; x_wconf 87' lang='lat' dir='ltr'><strong>dux</strong></span> <span class='ocrx_word' id='word_1_328' title='bbox 1211 4756 1361 4842; x_wconf 86' lang='lat' dir='ltr'><strong>Polonie</strong></span> <span class='ocrx_word' id='word_1_329' title='bbox 1396 4763 1538 4842; x_wconf 77' lang='lat'>1260</span> <span class='ocrx_word' id='word_1_330' title='bbox 1577 4758 1666 4863; x_wconf 77' lang='lat' dir='ltr'><strong>dpr.</strong></span> <span class='ocrx_word' id='word_1_331' title='bbox 1700 4759 1787 4854; x_wconf 79' lang='lat'><strong>24,</strong></span> <span class='ocrx_word' id='word_1_332' title='bbox 1825 4753 1981 4857; x_wconf 67' lang='lat' dir='ltr'><strong>duonum</strong></span> 
     </span>
     <span class='ocr_line' id='line_1_37' title="bbox 434 4874 1980 4966; baseline -0.002 -20"><span class='ocrx_word' id='word_1_333' title='bbox 434 4874 556 4946; x_wconf 79' lang='lat' dir='ltr'><strong>confert</strong></span> <span class='ocrx_word' id='word_1_334' title='bbox 576 4878 684 4946; x_wconf 87' lang='lat' dir='ltr'><strong>eomiti</strong></span> <span class='ocrx_word' id='word_1_335' title='bbox 705 4877 837 4946; x_wconf 85' lang='lat' dir='ltr'><strong>Niooluo</strong></span> <span class='ocrx_word' id='word_1_336' title='bbox 859 4896 916 4945; x_wconf 88' lang='lat' dir='ltr'><strong>sno</strong></span> <span class='ocrx_word' id='word_1_337' title='bbox 938 4878 1165 4946; x_wconf 85' lang='lat' dir='ltr'><strong>snoeumermio</strong></span> <span class='ocrx_word' id='word_1_338' title='bbox 1179 4878 1408 4948; x_wconf 82' lang='lat' dir='ltr'><strong>haereditatem</strong></span> <span class='ocrx_word' id='word_1_339' title='bbox 1423 4879 1565 4966; x_wconf 78' lang='lat' dir='ltr'><strong>Wysokn</strong></span> <span class='ocrx_word' id='word_1_340' title='bbox 1578 4897 1650 4948; x_wconf 88' lang='lat' dir='ltr'><strong>oum</strong></span> <span class='ocrx_word' id='word_1_341' title='bbox 1668 4875 1876 4964; x_wconf 76' lang='lat' dir='ltr'><strong>pertinentiis,</strong></span> <span class='ocrx_word' id='word_1_342' title='bbox 1898 4893 1980 4943; x_wconf 87' lang='lat' dir='ltr'><strong>eum·</strong></span> 
     </span>
     <span class='ocr_line' id='line_1_38' title="bbox 434 4979 984 5065; baseline 0 -18"><span class='ocrx_word' id='word_1_343' title='bbox 434 4997 497 5065; x_wconf 86' lang='lat' dir='ltr'><strong>que</strong></span> <span class='ocrx_word' id='word_1_344' title='bbox 516 4979 660 5064; x_wconf 89' lang='lat' dir='ltr'><strong>plurimis</strong></span> <span class='ocrx_word' id='word_1_345' title='bbox 682 4980 852 5064; x_wconf 75' lang='lat' dir='ltr'><strong>privilegiis</strong></span> <span class='ocrx_word' id='word_1_346' title='bbox 872 4980 984 5047; x_wconf 88' lang='lat' dir='ltr'><strong>munit</strong></span> 
     </span>
    </p>

    <p class='ocr_par' dir='ltr' id='par_1_12' title="bbox 545 5083 1395 5166">
     <span class='ocr_line' id='line_1_39' title="bbox 545 5083 1395 5166; baseline 0.008 -19"><span class='ocrx_word' id='word_1_347' title='bbox 545 5086 727 5149; x_wconf 73' lang='lat' dir='ltr'><strong>Worszona</strong></span> <span class='ocrx_word' id='word_1_348' title='bbox 760 5088 885 5151; x_wconf 67' lang='lat' dir='ltr'><strong>mette.</strong></span> <span class='ocrx_word' id='word_1_349' title='bbox 900 5083 1026 5166; x_wconf 65' lang='lat' dir='ltr'><strong>pem</strong></span> <span class='ocrx_word' id='word_1_350' title='bbox 1058 5087 1111 5152; x_wconf 82' lang='lat' dir='ltr'><strong>Ks.</strong></span> <span class='ocrx_word' id='word_1_351' title='bbox 1133 5087 1176 5151; x_wconf 75' lang='lat' dir='ltr'><strong>M.</strong></span> <span class='ocrx_word' id='word_1_352' title='bbox 1198 5087 1250 5152; x_wconf 74' lang='lat'><strong>84.</strong></span> <span class='ocrx_word' id='word_1_353' title='bbox 1267 5090 1320 5164; x_wconf 80' lang='lat' dir='ltr'><strong>sod</strong></span> <span class='ocrx_word' id='word_1_354' title='bbox 1341 5089 1395 5154; x_wconf 75' lang='lat'><strong>34.</strong></span> 
     </span>
    </p>
   </div>
   <div class='ocr_carea' id='block_1_10' title="bbox 434 5235 1983 5522">
    <p class='ocr_par' dir='ltr' id='par_1_13' title="bbox 434 5235 1983 5522">
     <span class='ocr_line' id='line_1_40' title="bbox 536 5235 1983 5325; baseline 0.003 -20"><span class='ocrx_word' id='word_1_355' title='bbox 536 5235 575 5305; x_wconf 91' lang='lat' dir='ltr'><strong>In</strong></span> <span class='ocrx_word' id='word_1_356' title='bbox 604 5237 729 5306; x_wconf 87' lang='lat' dir='ltr'><strong>nomine</strong></span> <span class='ocrx_word' id='word_1_357' title='bbox 754 5236 880 5306; x_wconf 88' lang='lat' dir='ltr'><strong>Domini</strong></span> <span class='ocrx_word' id='word_1_358' title='bbox 902 5258 1003 5308; x_wconf 86' lang='lat' dir='ltr'><strong>nmen.</strong></span> <span class='ocrx_word' id='word_1_359' title='bbox 1048 5238 1099 5307; x_wconf 75' lang='lat' dir='ltr'><strong>Ab</strong></span> <span class='ocrx_word' id='word_1_360' title='bbox 1128 5239 1267 5308; x_wconf 83' lang='lat' dir='ltr'><strong>humana</strong></span> <span class='ocrx_word' id='word_1_361' title='bbox 1293 5238 1417 5309; x_wconf 74' lang='lat' dir='ltr'><strong>sandius</strong></span> <span class='ocrx_word' id='word_1_362' title='bbox 1448 5238 1617 5309; x_wconf 81' lang='lat' dir='ltr'><strong>elabuntur</strong></span> <span class='ocrx_word' id='word_1_363' title='bbox 1644 5237 1810 5324; x_wconf 81' lang='lat' dir='ltr'><strong>memorie,</strong></span> <span class='ocrx_word' id='word_1_364' title='bbox 1834 5255 1897 5325; x_wconf 81' lang='lat' dir='ltr'><strong>que</strong></span> <span class='ocrx_word' id='word_1_365' title='bbox 1924 5258 1983 5310; x_wconf 82' lang='lat' dir='ltr'><strong>nec</strong></span> 
     </span>
     <span class='ocr_line' id='line_1_41' title="bbox 434 5338 1982 5431; baseline 0.005 -24"><span class='ocrx_word' id='word_1_366' title='bbox 434 5338 552 5425; x_wconf 83' lang='lat' dir='ltr'><strong>scripto</strong></span> <span class='ocrx_word' id='word_1_367' title='bbox 572 5357 630 5408; x_wconf 88' lang='lat' dir='ltr'><strong>neo</strong></span> <span class='ocrx_word' id='word_1_368' title='bbox 648 5359 724 5410; x_wconf 85' lang='lat' dir='ltr'><strong>voee</strong></span> <span class='ocrx_word' id='word_1_369' title='bbox 745 5341 873 5410; x_wconf 78' lang='lat' dir='ltr'><strong>testium</strong></span> <span class='ocrx_word' id='word_1_370' title='bbox 891 5341 1130 5425; x_wconf 88' lang='lat' dir='ltr'><strong>euntinnnntur;</strong></span> <span class='ocrx_word' id='word_1_371' title='bbox 1153 5342 1226 5412; x_wconf 88' lang='lat' dir='ltr'><strong>ideo</strong></span> <span class='ocrx_word' id='word_1_372' title='bbox 1247 5361 1375 5414; x_wconf 70' lang='lat' dir='ltr'><strong>noomse</strong></span> <span class='ocrx_word' id='word_1_373' title='bbox 1396 5349 1456 5427; x_wconf 83' lang='lat' dir='ltr'><strong>est,</strong></span> <span class='ocrx_word' id='word_1_374' title='bbox 1478 5349 1517 5411; x_wconf 91' lang='lat' dir='ltr'><strong>ut</strong></span> <span class='ocrx_word' id='word_1_375' title='bbox 1529 5362 1581 5413; x_wconf 88' lang='lat' dir='ltr'><strong>res</strong></span> <span class='ocrx_word' id='word_1_376' title='bbox 1593 5342 1852 5428; x_wconf 76' lang='lat' dir='ltr'><strong>dipmnemorie</strong></span> <span class='ocrx_word' id='word_1_377' title='bbox 1864 5344 1982 5431; x_wconf 79' lang='lat' dir='ltr'><strong>scripto</strong></span> 
     </span>
     <span class='ocr_line' id='line_1_42' title="bbox 1777 5461 1829 5522; baseline 0 0"><span class='ocrx_word' id='word_1_378' title='bbox 1777 5461 1829 5522; x_wconf 71' lang='lat'><strong>4⁸⁸</strong></span> 
     </span>
    </p>
   </div>
   <div class='ocr_carea' id='block_1_11' title="bbox 0 0 2444 6180">
    <p class='ocr_par' dir='ltr' id='par_1_14' title="bbox 0 0 2444 6180">
     <span class='ocr_line' id='line_1_43' title="bbox 0 0 2444 6180; baseline 0 0"><span class='ocrx_word' id='word_1_379' title='bbox 0 0 2444 6180; x_wconf 95' lang='lat' dir='ltr'><strong> </strong></span> 
     </span>
    </p>
   </div>
  </div>
 </body>
</html>
