<?xml version="1.0" encoding="UTF-8"?>
<!DOCTYPE html PUBLIC "-//W3C//DTD XHTML 1.0 Transitional//EN"
    "http://www.w3.org/TR/xhtml1/DTD/xhtml1-transitional.dtd">
<html xmlns="http://www.w3.org/1999/xhtml" xml:lang="en" lang="en">
 <head>
  <title>
</title>
<meta http-equiv="Content-Type" content="text/html;charset=utf-8" />
  <meta name='ocr-system' content='tesseract 3.04.00' />
  <meta name='ocr-capabilities' content='ocr_page ocr_carea ocr_par ocr_line ocrx_word'/>
</head>
<body>
  <div class='ocr_page' id='page_1' title='image "./codexdiplomatic03zakrgoog_0302.png"; bbox 0 0 4860 6180; ppageno 0'>
   <div class='ocr_carea' id='block_1_1' title="bbox 437 393 601 472">
    <p class='ocr_par' dir='ltr' id='par_1_1' title="bbox 437 393 601 472">
     <span class='ocr_line' id='line_1_1' title="bbox 437 393 601 472; baseline 0.006 -2"><span class='ocrx_word' id='word_1_1' title='bbox 437 393 512 472; x_wconf 77' lang='grc'>868</span> <span class='ocrx_word' id='word_1_2' title='bbox 597 463 601 471; x_wconf 95' lang='grc'>.</span> 
     </span>
    </p>
   </div>
   <div class='ocr_carea' id='block_1_2' title="bbox 433 594 1987 790">
    <p class='ocr_par' dir='ltr' id='par_1_2' title="bbox 433 594 1987 790">
     <span class='ocr_line' id='line_1_2' title="bbox 433 594 1986 684; baseline -0.001 -16"><span class='ocrx_word' id='word_1_3' title='bbox 433 595 502 668; x_wconf 86' lang='lat' dir='ltr'>lieri</span> <span class='ocrx_word' id='word_1_4' title='bbox 521 601 673 684; x_wconf 86' lang='lat' dir='ltr'>poterunt</span> <span class='ocrx_word' id='word_1_5' title='bbox 699 598 897 670; x_wconf 80' lang='lat' dir='ltr'>obtinebunt</span> <span class='ocrx_word' id='word_1_6' title='bbox 942 599 986 668; x_wconf 79' lang='lat' dir='ltr'>st</span> <span class='ocrx_word' id='word_1_7' title='bbox 1012 606 1051 668; x_wconf 89' lang='lat' dir='ltr'>nt</span> <span class='ocrx_word' id='word_1_8' title='bbox 1078 597 1197 670; x_wconf 82' lang='lat' dir='ltr'>dietam</span> <span class='ocrx_word' id='word_1_9' title='bbox 1223 598 1330 668; x_wconf 80' lang='lat' dir='ltr'>villum</span> <span class='ocrx_word' id='word_1_10' title='bbox 1358 597 1484 668; x_wconf 74' lang='lat' dir='ltr'>nolu</span> <span class='ocrx_word' id='word_1_11' title='bbox 1508 602 1544 667; x_wconf 90' lang='lat' dir='ltr'>ot</span> <span class='ocrx_word' id='word_1_12' title='bbox 1569 595 1720 666; x_wconf 78' lang='lat' dir='ltr'>libentim</span> <span class='ocrx_word' id='word_1_13' title='bbox 1746 594 1854 666; x_wconf 70' lang='lat' dir='ltr'>voert</span> <span class='ocrx_word' id='word_1_14' title='bbox 1880 595 1986 666; x_wconf 81' lang='lat' dir='ltr'>(lictus</span> 
     </span>
     <span class='ocr_line' id='line_1_3' title="bbox 433 698 1987 790; baseline -0.001 -21"><span class='ocrx_word' id='word_1_15' title='bbox 433 698 590 769; x_wconf 72' lang='lat' dir='ltr'>emota</span> <span class='ocrx_word' id='word_1_16' title='bbox 610 701 724 786; x_wconf 82' lang='lat' dir='ltr'>locere,</span> <span class='ocrx_word' id='word_1_17' title='bbox 746 703 858 772; x_wconf 87' lang='lat' dir='ltr'>dumus</span> <span class='ocrx_word' id='word_1_18' title='bbox 876 702 937 771; x_wconf 90' lang='lat' dir='ltr'>sibi</span> <span class='ocrx_word' id='word_1_19' title='bbox 955 702 1135 770; x_wconf 83' lang='lat' dir='ltr'>libertatern</span> <span class='ocrx_word' id='word_1_20' title='bbox 1156 701 1241 769; x_wconf 84' lang='lat' dir='ltr'>inira</span> <span class='ocrx_word' id='word_1_21' title='bbox 1260 702 1400 790; x_wconf 82' lang='lat' dir='ltr'>spatium</span> <span class='ocrx_word' id='word_1_22' title='bbox 1421 701 1585 770; x_wconf 82' lang='lat' dir='ltr'>duodecim</span> <span class='ocrx_word' id='word_1_23' title='bbox 1605 717 1771 781; x_wconf 79' lang='lat' dir='ltr'>sonorum,</span> <span class='ocrx_word' id='word_1_24' title='bbox 1794 718 1859 784; x_wconf 84' lang='lat' dir='ltr'>qrra</span> <span class='ocrx_word' id='word_1_25' title='bbox 1877 698 1987 784; x_wconf 78' lang='lat' dir='ltr'>clupea</span> 
     </span>
    </p>
   </div>
   <div class='ocr_carea' id='block_1_3' title="bbox 318 800 1988 893">
    <p class='ocr_par' dir='ltr' id='par_1_3' title="bbox 318 800 1988 893">
     <span class='ocr_line' id='line_1_4' title="bbox 318 800 1988 893; baseline 0.001 -23"><span class='ocrx_word' id='word_1_26' title='bbox 318 807 324 820; x_wconf 91' lang='lat'><strong><em>‘</em></strong></span> <span class='ocrx_word' id='word_1_27' title='bbox 433 800 542 871; x_wconf 78' lang='lat' dir='ltr'>villani</span> <span class='ocrx_word' id='word_1_28' title='bbox 563 801 648 874; x_wconf 86' lang='lat' dir='ltr'>‹licte</span> <span class='ocrx_word' id='word_1_29' title='bbox 665 806 740 876; x_wconf 85' lang='lat' dir='ltr'>ville</span> <span class='ocrx_word' id='word_1_30' title='bbox 761 809 853 877; x_wconf 85' lang='lat' dir='ltr'>unnis</span> <span class='ocrx_word' id='word_1_31' title='bbox 874 807 1006 893; x_wconf 69' lang='lat' dir='ltr'>mugistis</span> <span class='ocrx_word' id='word_1_32' title='bbox 1026 807 1061 875; x_wconf 91' lang='lat' dir='ltr'>in</span> <span class='ocrx_word' id='word_1_33' title='bbox 1082 807 1164 875; x_wconf 89' lang='lat' dir='ltr'>lesto</span> <span class='ocrx_word' id='word_1_34' title='bbox 1184 806 1271 876; x_wconf 84' lang='lat' dir='ltr'>beuti</span> <span class='ocrx_word' id='word_1_35' title='bbox 1293 804 1426 875; x_wconf 75' lang='lat' dir='ltr'>Martini</span> <span class='ocrx_word' id='word_1_36' title='bbox 1446 805 1487 873; x_wconf 87' lang='lat' dir='ltr'>de</span> <span class='ocrx_word' id='word_1_37' title='bbox 1507 803 1626 872; x_wconf 66' lang='lat' dir='ltr'>mensu</span> <span class='ocrx_word' id='word_1_38' title='bbox 1647 801 1835 870; x_wconf 85' lang='lat' dir='ltr'>solubilibus</span> <span class='ocrx_word' id='word_1_39' title='bbox 1848 809 1988 887; x_wconf 84' lang='lat' dir='ltr'>quatuor</span> 
     </span>
    </p>
   </div>
   <div class='ocr_carea' id='block_1_4' title="bbox 433 906 1988 1202">
    <p class='ocr_par' dir='ltr' id='par_1_4' title="bbox 433 906 1988 1202">
     <span class='ocr_line' id='line_1_5' title="bbox 434 906 1987 996; baseline 0 -20"><span class='ocrx_word' id='word_1_40' title='bbox 434 923 598 976; x_wconf 83' lang='lat' dir='ltr'>mensuras</span> <span class='ocrx_word' id='word_1_41' title='bbox 621 909 730 994; x_wconf 87' lang='lat' dir='ltr'>tritici,</span> <span class='ocrx_word' id='word_1_42' title='bbox 751 917 889 996; x_wconf 86' lang='lat' dir='ltr'>quotuor</span> <span class='ocrx_word' id='word_1_43' title='bbox 909 909 1052 996; x_wconf 79' lang='lat' dir='ltr'>siliginis,</span> <span class='ocrx_word' id='word_1_44' title='bbox 1071 917 1209 996; x_wconf 88' lang='lat' dir='ltr'>quatuor</span> <span class='ocrx_word' id='word_1_45' title='bbox 1229 930 1328 980; x_wconf 82' lang='lat' dir='ltr'>arene</span> <span class='ocrx_word' id='word_1_46' title='bbox 1355 917 1389 979; x_wconf 88' lang='lat' dir='ltr'>et</span> <span class='ocrx_word' id='word_1_47' title='bbox 1418 909 1572 978; x_wconf 81' lang='lat' dir='ltr'>fertonem</span> <span class='ocrx_word' id='word_1_48' title='bbox 1595 906 1721 992; x_wconf 77' lang='lat' dir='ltr'>mgenti</span> <span class='ocrx_word' id='word_1_49' title='bbox 1749 906 1870 975; x_wconf 78' lang='lat' dir='ltr'>solvere</span> <span class='ocrx_word' id='word_1_50' title='bbox 1899 912 1987 976; x_wconf 88' lang='lat' dir='ltr'>tene·</span> 
     </span>
     <span class='ocr_line' id='line_1_6' title="bbox 433 1005 1987 1103; baseline 0.001 -25"><span class='ocrx_word' id='word_1_51' title='bbox 433 1005 554 1078; x_wconf 73' lang='lat' dir='ltr'>onnus</span> <span class='ocrx_word' id='word_1_52' title='bbox 573 1012 703 1096; x_wconf 79' lang='lat' dir='ltr'>usunbs,</span> <span class='ocrx_word' id='word_1_53' title='bbox 724 1014 766 1081; x_wconf 78' lang='lat' dir='ltr'>erl</span> <span class='ocrx_word' id='word_1_54' title='bbox 787 1032 966 1103; x_wconf 85' lang='lat' dir='ltr'>mensuram</span> <span class='ocrx_word' id='word_1_55' title='bbox 988 1013 1053 1082; x_wconf 90' lang='lat' dir='ltr'>tria</span> <span class='ocrx_word' id='word_1_56' title='bbox 1074 1013 1179 1080; x_wconf 86' lang='lat' dir='ltr'>cribro</span> <span class='ocrx_word' id='word_1_57' title='bbox 1200 1014 1424 1082; x_wconf 87' lang='lat' dir='ltr'>continentem.</span> <span class='ocrx_word' id='word_1_58' title='bbox 1467 1011 1596 1079; x_wconf 81' lang='lat' dir='ltr'>Dictum</span> <span class='ocrx_word' id='word_1_59' title='bbox 1624 1028 1701 1079; x_wconf 78' lang='lat' dir='ltr'>vero</span> <span class='ocrx_word' id='word_1_60' title='bbox 1731 1028 1859 1078; x_wconf 87' lang='lat' dir='ltr'>censum</span> <span class='ocrx_word' id='word_1_61' title='bbox 1881 1009 1987 1079; x_wconf 83' lang='lat' dir='ltr'>nullus</span> 
     </span>
     <span class='ocr_line' id='line_1_7' title="bbox 434 1110 1988 1202; baseline 0.001 -21"><span class='ocrx_word' id='word_1_62' title='bbox 434 1110 549 1183; x_wconf 79' lang='lat' dir='ltr'>duome</span> <span class='ocrx_word' id='word_1_63' title='bbox 570 1120 728 1197; x_wconf 87' lang='lat' dir='ltr'>tenentur,</span> <span class='ocrx_word' id='word_1_64' title='bbox 750 1116 806 1183; x_wconf 83' lang='lat' dir='ltr'>seri</span> <span class='ocrx_word' id='word_1_65' title='bbox 824 1115 858 1183; x_wconf 91' lang='lat' dir='ltr'>in</span> <span class='ocrx_word' id='word_1_66' title='bbox 879 1116 1024 1184; x_wconf 81' lang='lat' dir='ltr'>domibus</span> <span class='ocrx_word' id='word_1_67' title='bbox 1045 1116 1211 1202; x_wconf 73' lang='lat' dir='ltr'>colligetur</span> <span class='ocrx_word' id='word_1_68' title='bbox 1231 1116 1430 1201; x_wconf 83' lang='lat' dir='ltr'>rilluporum,</span> <span class='ocrx_word' id='word_1_69' title='bbox 1451 1121 1487 1183; x_wconf 92' lang='lat' dir='ltr'>et</span> <span class='ocrx_word' id='word_1_70' title='bbox 1504 1133 1561 1200; x_wconf 89' lang='lat' dir='ltr'>per</span> <span class='ocrx_word' id='word_1_71' title='bbox 1574 1131 1629 1182; x_wconf 86' lang='lat' dir='ltr'>eos</span> <span class='ocrx_word' id='word_1_72' title='bbox 1642 1113 1685 1181; x_wconf 86' lang='lat' dir='ltr'>ud</span> <span class='ocrx_word' id='word_1_73' title='bbox 1698 1131 1778 1199; x_wconf 83' lang='lat' dir='ltr'>quos</span> <span class='ocrx_word' id='word_1_74' title='bbox 1792 1113 1988 1199; x_wconf 69' lang='lat' dir='ltr'>spectabitur</span> 
     </span>
    </p>
   </div>
   <div class='ocr_carea' id='block_1_5' title="bbox 433 1213 2044 1307">
    <p class='ocr_par' dir='ltr' id='par_1_5' title="bbox 433 1213 2044 1307">
     <span class='ocr_line' id='line_1_8' title="bbox 433 1213 2044 1307; baseline 0.001 -22"><span class='ocrx_word' id='word_1_75' title='bbox 433 1213 617 1286; x_wconf 77' lang='lat' dir='ltr'>oeouoetn.</span> <span class='ocrx_word' id='word_1_76' title='bbox 655 1217 902 1303; x_wconf 77' lang='lat' dir='ltr'>Expeditionem</span> <span class='ocrx_word' id='word_1_77' title='bbox 922 1238 995 1286; x_wconf 76' lang='lat' dir='ltr'>uero</span> <span class='ocrx_word' id='word_1_78' title='bbox 1018 1237 1088 1287; x_wconf 88' lang='lat' dir='ltr'>cum</span> <span class='ocrx_word' id='word_1_79' title='bbox 1111 1238 1169 1287; x_wconf 89' lang='lat' dir='ltr'>nos</span> <span class='ocrx_word' id='word_1_80' title='bbox 1189 1218 1293 1287; x_wconf 79' lang='lat' dir='ltr'>ferare</span> <span class='ocrx_word' id='word_1_81' title='bbox 1314 1219 1493 1304; x_wconf 76' lang='lat' dir='ltr'>contigerit,</span> <span class='ocrx_word' id='word_1_82' title='bbox 1515 1234 1643 1285; x_wconf 86' lang='lat' dir='ltr'>currum</span> <span class='ocrx_word' id='word_1_83' title='bbox 1661 1234 1760 1283; x_wconf 92' lang='lat' dir='ltr'>unum</span> <span class='ocrx_word' id='word_1_84' title='bbox 1780 1235 1851 1284; x_wconf 86' lang='lat' dir='ltr'>enm</span> <span class='ocrx_word' id='word_1_85' title='bbox 1865 1216 1989 1286; x_wconf 89' lang='lat' dir='ltr'>duobus</span> <span class='ocrx_word' id='word_1_86' title='bbox 2039 1294 2044 1307; x_wconf 31' lang='lat'><strong><em>⁴</em></strong></span> 
     </span>
    </p>
   </div>
   <div class='ocr_carea' id='block_1_6' title="bbox 435 1318 1989 2212">
    <p class='ocr_par' dir='ltr' id='par_1_6' title="bbox 435 1318 1989 2212">
     <span class='ocr_line' id='line_1_9' title="bbox 435 1318 1989 1406; baseline -0.001 -19"><span class='ocrx_word' id='word_1_87' title='bbox 435 1318 535 1405; x_wconf 65' lang='lat' dir='ltr'>quis,</span> <span class='ocrx_word' id='word_1_88' title='bbox 556 1318 654 1387; x_wconf 85' lang='lat' dir='ltr'>nichil</span> <span class='ocrx_word' id='word_1_89' title='bbox 674 1322 923 1406; x_wconf 88' lang='lat' dir='ltr'>superponendo,</span> <span class='ocrx_word' id='word_1_90' title='bbox 946 1321 1037 1389; x_wconf 90' lang='lat' dir='ltr'>nobis</span> <span class='ocrx_word' id='word_1_91' title='bbox 1058 1322 1186 1389; x_wconf 89' lang='lat' dir='ltr'>mittere</span> <span class='ocrx_word' id='word_1_92' title='bbox 1207 1321 1408 1389; x_wconf 88' lang='lat' dir='ltr'>tenebuntur.</span> <span class='ocrx_word' id='word_1_93' title='bbox 1451 1319 1588 1387; x_wconf 77' lang='lat' dir='ltr'>Ratione</span> <span class='ocrx_word' id='word_1_94' title='bbox 1616 1336 1692 1386; x_wconf 86' lang='lat' dir='ltr'>vero</span> <span class='ocrx_word' id='word_1_95' title='bbox 1714 1335 1896 1385; x_wconf 86' lang='lat' dir='ltr'>mansorum</span> <span class='ocrx_word' id='word_1_96' title='bbox 1916 1337 1989 1386; x_wconf 88' lang='lat' dir='ltr'>suo·</span> 
     </span>
     <span class='ocr_line' id='line_1_10' title="bbox 436 1419 1989 1508; baseline 0.001 -19"><span class='ocrx_word' id='word_1_97' title='bbox 436 1439 508 1489; x_wconf 87' lang='lat' dir='ltr'>rum</span> <span class='ocrx_word' id='word_1_98' title='bbox 528 1420 700 1490; x_wconf 90' lang='lat' dir='ltr'>liberorum</span> <span class='ocrx_word' id='word_1_99' title='bbox 721 1441 801 1508; x_wconf 87' lang='lat' dir='ltr'>quos</span> <span class='ocrx_word' id='word_1_100' title='bbox 823 1423 946 1491; x_wconf 89' lang='lat' dir='ltr'>obtinet</span> <span class='ocrx_word' id='word_1_101' title='bbox 966 1424 1070 1492; x_wconf 80' lang='lat' dir='ltr'>dietm</span> <span class='ocrx_word' id='word_1_102' title='bbox 1091 1423 1246 1492; x_wconf 71' lang='lat' dir='ltr'>scultetus</span> <span class='ocrx_word' id='word_1_103' title='bbox 1266 1428 1300 1491; x_wconf 91' lang='lat' dir='ltr'>et</span> <span class='ocrx_word' id='word_1_104' title='bbox 1321 1422 1372 1490; x_wconf 89' lang='lat' dir='ltr'>sui</span> <span class='ocrx_word' id='word_1_105' title='bbox 1391 1421 1523 1507; x_wconf 75' lang='lat' dir='ltr'>posteri,</span> <span class='ocrx_word' id='word_1_106' title='bbox 1549 1421 1591 1488; x_wconf 82' lang='lat' dir='ltr'>ud</span> <span class='ocrx_word' id='word_1_107' title='bbox 1616 1419 1832 1505; x_wconf 77' lang='lat' dir='ltr'>expeditiones</span> <span class='ocrx_word' id='word_1_108' title='bbox 1857 1419 1906 1488; x_wconf 87' lang='lat' dir='ltr'>ire</span> <span class='ocrx_word' id='word_1_109' title='bbox 1931 1439 1989 1490; x_wconf 86' lang='lat' dir='ltr'>eeu</span> 
     </span>
     <span class='ocr_line' id='line_1_11' title="bbox 435 1521 1989 1611; baseline -0.001 -18"><span class='ocrx_word' id='word_1_110' title='bbox 435 1521 534 1593; x_wconf 67' lang='lat' dir='ltr'>rbem</span> <span class='ocrx_word' id='word_1_111' title='bbox 558 1524 688 1593; x_wconf 86' lang='lat' dir='ltr'>mittero</span> <span class='ocrx_word' id='word_1_112' title='bbox 713 1524 844 1593; x_wconf 90' lang='lat' dir='ltr'>minime</span> <span class='ocrx_word' id='word_1_113' title='bbox 871 1531 1028 1595; x_wconf 82' lang='lat' dir='ltr'>tenentur.</span> <span class='ocrx_word' id='word_1_114' title='bbox 1083 1525 1133 1594; x_wconf 85' lang='lat' dir='ltr'>Ne</span> <span class='ocrx_word' id='word_1_115' title='bbox 1158 1545 1233 1595; x_wconf 80' lang='lat' dir='ltr'>vero</span> <span class='ocrx_word' id='word_1_116' title='bbox 1260 1545 1356 1611; x_wconf 90' lang='lat' dir='ltr'>snper</span> <span class='ocrx_word' id='word_1_117' title='bbox 1382 1525 1444 1592; x_wconf 91' lang='lat' dir='ltr'>biis</span> <span class='ocrx_word' id='word_1_118' title='bbox 1469 1524 1504 1591; x_wconf 91' lang='lat' dir='ltr'>in</span> <span class='ocrx_word' id='word_1_119' title='bbox 1530 1529 1692 1609; x_wconf 87' lang='lat' dir='ltr'>posterum</span> <span class='ocrx_word' id='word_1_120' title='bbox 1718 1522 1891 1606; x_wconf 72' lang='lat' dir='ltr'>dubitetur,</span> <span class='ocrx_word' id='word_1_121' title='bbox 1917 1542 1989 1609; x_wconf 87' lang='lat' dir='ltr'>pre·</span> 
     </span>
     <span class='ocr_line' id='line_1_12' title="bbox 435 1622 1989 1713; baseline -0.001 -18"><span class='ocrx_word' id='word_1_122' title='bbox 435 1629 557 1696; x_wconf 79' lang='lat' dir='ltr'>senten</span> <span class='ocrx_word' id='word_1_123' title='bbox 578 1627 724 1713; x_wconf 76' lang='lat' dir='ltr'>popinam</span> <span class='ocrx_word' id='word_1_124' title='bbox 746 1628 901 1697; x_wconf 85' lang='lat' dir='ltr'>conscribi</span> <span class='ocrx_word' id='word_1_125' title='bbox 921 1627 1051 1695; x_wconf 86' lang='lat' dir='ltr'>lecimus</span> <span class='ocrx_word' id='word_1_126' title='bbox 1071 1627 1166 1712; x_wconf 78' lang='lat' dir='ltr'>sigilli</span> <span class='ocrx_word' id='word_1_127' title='bbox 1188 1627 1290 1696; x_wconf 86' lang='lat' dir='ltr'>nostri</span> <span class='ocrx_word' id='word_1_128' title='bbox 1310 1622 1483 1695; x_wconf 87' lang='lat' dir='ltr'>monimine</span> <span class='ocrx_word' id='word_1_129' title='bbox 1504 1625 1691 1707; x_wconf 84' lang='lat' dir='ltr'>roborando,</span> <span class='ocrx_word' id='word_1_130' title='bbox 1710 1623 1912 1710; x_wconf 84' lang='lat' dir='ltr'>presentrbue</span> <span class='ocrx_word' id='word_1_131' title='bbox 1926 1625 1989 1693; x_wconf 85' lang='lat' dir='ltr'>biis</span> 
     </span>
     <span class='ocr_line' id='line_1_13' title="bbox 436 1725 1986 1816; baseline -0.003 -17"><span class='ocrx_word' id='word_1_132' title='bbox 436 1725 582 1814; x_wconf 74' lang='lat' dir='ltr'>testibus,</span> <span class='ocrx_word' id='word_1_133' title='bbox 595 1728 762 1799; x_wconf 87' lang='lat' dir='ltr'>comitibus</span> <span class='ocrx_word' id='word_1_134' title='bbox 775 1730 992 1816; x_wconf 82' lang='lat' dir='ltr'>Predpelkone</span> <span class='ocrx_word' id='word_1_135' title='bbox 1005 1731 1145 1816; x_wconf 83' lang='lat' dir='ltr'>pelotino</span> <span class='ocrx_word' id='word_1_136' title='bbox 1158 1730 1379 1814; x_wconf 80' lang='lat' dir='ltr'>Pornoniensi,</span> <span class='ocrx_word' id='word_1_137' title='bbox 1400 1726 1633 1798; x_wconf 74' lang='lat' dir='ltr'>Ambomboldo</span> <span class='ocrx_word' id='word_1_138' title='bbox 1646 1727 1789 1813; x_wconf 68' lang='lat' dir='ltr'>petrono</span> <span class='ocrx_word' id='word_1_139' title='bbox 1809 1726 1986 1811; x_wconf 81' lang='lat' dir='ltr'>Gulisiensi,</span> 
     </span>
     <span class='ocr_line' id='line_1_14' title="bbox 436 1827 1988 1917; baseline -0.003 -16"><span class='ocrx_word' id='word_1_140' title='bbox 436 1827 591 1917; x_wconf 63' lang='lat' dir='ltr'>manhu</span> <span class='ocrx_word' id='word_1_141' title='bbox 611 1833 783 1901; x_wconf 77' lang='lat' dir='ltr'>costessmo</span> <span class='ocrx_word' id='word_1_142' title='bbox 804 1833 1019 1916; x_wconf 83' lang='lat' dir='ltr'>Poznaniensi,</span> <span class='ocrx_word' id='word_1_143' title='bbox 1041 1832 1183 1901; x_wconf 88' lang='lat' dir='ltr'>lankone</span> <span class='ocrx_word' id='word_1_144' title='bbox 1201 1833 1374 1902; x_wconf 74' lang='lat' dir='ltr'>cnsmlleno</span> <span class='ocrx_word' id='word_1_145' title='bbox 1397 1830 1578 1913; x_wconf 81' lang='lat' dir='ltr'>Gulisiensi,</span> <span class='ocrx_word' id='word_1_146' title='bbox 1598 1830 1729 1899; x_wconf 83' lang='lat' dir='ltr'>Proslao</span> <span class='ocrx_word' id='word_1_147' title='bbox 1752 1830 1924 1899; x_wconf 80' lang='lat' dir='ltr'>custelluno</span> <span class='ocrx_word' id='word_1_148' title='bbox 1946 1829 1988 1897; x_wconf 83' lang='lat' dir='ltr'>de</span> 
     </span>
     <span class='ocr_line' id='line_1_15' title="bbox 437 1930 1986 2021; baseline -0.002 -18"><span class='ocrx_word' id='word_1_149' title='bbox 437 1930 562 2004; x_wconf 68' lang='lat' dir='ltr'>Unio</span> <span class='ocrx_word' id='word_1_150' title='bbox 605 1933 725 2003; x_wconf 78' lang='lat' dir='ltr'>liutem</span> <span class='ocrx_word' id='word_1_151' title='bbox 746 1936 780 2003; x_wconf 95' lang='lat' dir='ltr'>ln</span> <span class='ocrx_word' id='word_1_152' title='bbox 801 1936 961 2004; x_wconf 80' lang='lat' dir='ltr'>Pomaria</span> <span class='ocrx_word' id='word_1_153' title='bbox 981 1937 1015 2003; x_wconf 94' lang='lat' dir='ltr'>in</span> <span class='ocrx_word' id='word_1_154' title='bbox 1035 1938 1174 2004; x_wconf 79' lang='lat' dir='ltr'>crostim</span> <span class='ocrx_word' id='word_1_155' title='bbox 1195 1935 1412 2021; x_wconf 72' lang='lat' dir='ltr'>apostolorum</span> <span class='ocrx_word' id='word_1_156' title='bbox 1432 1933 1521 2002; x_wconf 87' lang='lat' dir='ltr'>Petri</span> <span class='ocrx_word' id='word_1_157' title='bbox 1542 1939 1577 2001; x_wconf 88' lang='lat' dir='ltr'>et</span> <span class='ocrx_word' id='word_1_158' title='bbox 1600 1933 1694 2001; x_wconf 83' lang='lat' dir='ltr'>Peuli</span> <span class='ocrx_word' id='word_1_159' title='bbox 1719 1933 1885 2002; x_wconf 86' lang='lat' dir='ltr'>beutorum</span> <span class='ocrx_word' id='word_1_160' title='bbox 1902 1951 1986 2000; x_wconf 76' lang='lat' dir='ltr'>enno</span> 
     </span>
     <span class='ocr_line' id='line_1_16' title="bbox 435 2034 1989 2124; baseline -0.001 -17"><span class='ocrx_word' id='word_1_161' title='bbox 435 2036 540 2123; x_wconf 67' lang='lat' dir='ltr'>grube</span> <span class='ocrx_word' id='word_1_162' title='bbox 566 2036 694 2107; x_wconf 86' lang='lat' dir='ltr'>Domini</span> <span class='ocrx_word' id='word_1_163' title='bbox 718 2038 885 2108; x_wconf 73' lang='lat' dir='ltr'>milloeimo</span> <span class='ocrx_word' id='word_1_164' title='bbox 913 2037 1127 2107; x_wconf 84' lang='lat' dir='ltr'>ducentesimo</span> <span class='ocrx_word' id='word_1_165' title='bbox 1151 2039 1345 2124; x_wconf 71' lang='lat' dir='ltr'>magemmo</span> <span class='ocrx_word' id='word_1_166' title='bbox 1374 2042 1475 2120; x_wconf 82' lang='lat' dir='ltr'>sexto,</span> <span class='ocrx_word' id='word_1_167' title='bbox 1498 2054 1557 2122; x_wconf 89' lang='lat' dir='ltr'>per</span> <span class='ocrx_word' id='word_1_168' title='bbox 1581 2053 1694 2104; x_wconf 82' lang='lat' dir='ltr'>mmm</span> <span class='ocrx_word' id='word_1_169' title='bbox 1721 2035 1843 2105; x_wconf 81' lang='lat' dir='ltr'>Muthie</span> <span class='ocrx_word' id='word_1_170' title='bbox 1871 2034 1989 2105; x_wconf 80' lang='lat' dir='ltr'>noturii</span> 
     </span>
     <span class='ocr_line' id='line_1_17' title="bbox 437 2139 662 2212; baseline 0.013 -3"><span class='ocrx_word' id='word_1_171' title='bbox 437 2139 524 2210; x_wconf 72' lang='lat' dir='ltr'>mle</span> <span class='ocrx_word' id='word_1_172' title='bbox 544 2147 662 2212; x_wconf 77' lang='lat' dir='ltr'>nosue</span> 
     </span>
    </p>
   </div>
   <div class='ocr_carea' id='block_1_7' title="bbox 540 2377 1988 2467">
    <p class='ocr_par' dir='ltr' id='par_1_7' title="bbox 540 2377 1988 2467">
     <span class='ocr_line' id='line_1_18' title="bbox 540 2377 1988 2467; baseline -0.001 -18"><span class='ocrx_word' id='word_1_173' title='bbox 540 2379 700 2467; x_wconf 60' lang='grc' dir='ltr'>(ιιι-ιω,</span> <span class='ocrx_word' id='word_1_174' title='bbox 721 2382 845 2451; x_wconf 73' lang='lat' dir='ltr'>Jerwl.</span> <span class='ocrx_word' id='word_1_175' title='bbox 881 2381 1076 2466; x_wconf 83' lang='lat' dir='ltr'>lurrylsorro,</span> <span class='ocrx_word' id='word_1_176' title='bbox 1097 2387 1285 2466; x_wconf 74' lang='lat' dir='ltr'>Jerzplm.</span> <span class='ocrx_word' id='word_1_177' title='bbox 1320 2382 1536 2467; x_wconf 76' lang='lat' dir='ltr'>Semyunowo,</span> <span class='ocrx_word' id='word_1_178' title='bbox 1559 2385 1763 2448; x_wconf 72' lang='lat' dir='ltr'>siciniorum.</span> <span class='ocrx_word' id='word_1_179' title='bbox 1793 2378 1919 2448; x_wconf 78' lang='lat' dir='ltr'>ilerum</span> <span class='ocrx_word' id='word_1_180' title='bbox 1940 2377 1988 2448; x_wconf 89' lang='lat' dir='ltr'>lo·</span> 
     </span>
    </p>
   </div>
   <div class='ocr_carea' id='block_1_8' title="bbox 437 2470 1993 2576">
    <p class='ocr_par' dir='ltr' id='par_1_8' title="bbox 437 2470 1993 2576">
     <span class='ocr_line' id='line_1_19' title="bbox 437 2470 1993 2576; baseline 0.013 -28"><span class='ocrx_word' id='word_1_181' title='bbox 437 2499 519 2565; x_wconf 78' lang='lat' dir='ltr'>m,</span> <span class='ocrx_word' id='word_1_182' title='bbox 548 2486 724 2562; x_wconf 69' lang='lat' dir='ltr'>nme,</span> <span class='ocrx_word' id='word_1_183' title='bbox 757 2491 836 2568; x_wconf 64' lang='lat' dir='ltr'>eps</span> <span class='ocrx_word' id='word_1_184' title='bbox 867 2470 968 2551; x_wconf 63' lang='lat' dir='ltr'>sera</span> <span class='ocrx_word' id='word_1_185' title='bbox 995 2505 1038 2550; x_wconf 72' lang='lat' dir='ltr'>aa</span> <span class='ocrx_word' id='word_1_186' title='bbox 1072 2489 1214 2576; x_wconf 55' lang='lat' dir='ltr'>papae«</span> <span class='ocrx_word' id='word_1_187' title='bbox 1261 2483 1424 2567; x_wconf 70' lang='lat' dir='ltr'>moene,</span> <span class='ocrx_word' id='word_1_188' title='bbox 1457 2486 1664 2550; x_wconf 60' lang='lat' dir='ltr'>mamea</span> <span class='ocrx_word' id='word_1_189' title='bbox 1718 2482 1823 2552; x_wconf 72' lang='lat' dir='ltr'>sums</span> <span class='ocrx_word' id='word_1_190' title='bbox 1852 2480 1993 2567; x_wconf 63' lang='lat' dir='ltr'>rtem·</span> 
     </span>
    </p>
   </div>
   <div class='ocr_carea' id='block_1_9' title="bbox 429 2585 1705 2674">
    <p class='ocr_par' dir='ltr' id='par_1_9' title="bbox 429 2585 1705 2674">
     <span class='ocr_line' id='line_1_20' title="bbox 429 2585 1705 2674; baseline 0.001 -22"><span class='ocrx_word' id='word_1_191' title='bbox 429 2588 552 2669; x_wconf 73' lang='lat' dir='ltr'>joelem</span> <span class='ocrx_word' id='word_1_192' title='bbox 568 2606 603 2669; x_wconf 80' lang='lat' dir='ltr'>p.</span> <span class='ocrx_word' id='word_1_193' title='bbox 625 2609 660 2653; x_wconf 75' lang='lat' dir='ltr'>u.</span> <span class='ocrx_word' id='word_1_194' title='bbox 682 2591 869 2674; x_wconf 68' lang='lat' dir='ltr'>Joezpkm.</span> <span class='ocrx_word' id='word_1_195' title='bbox 934 2586 1024 2657; x_wconf 72' lang='lat' dir='ltr'>mur.</span> <span class='ocrx_word' id='word_1_196' title='bbox 1047 2586 1181 2672; x_wconf 81' lang='lat' dir='ltr'>Glorna,</span> <span class='ocrx_word' id='word_1_197' title='bbox 1208 2586 1336 2654; x_wconf 72' lang='lat' dir='ltr'>olim</span> <span class='ocrx_word' id='word_1_198' title='bbox 1355 2608 1401 2653; x_wconf 71' lang='lat' dir='ltr'>n.</span> <span class='ocrx_word' id='word_1_199' title='bbox 1443 2585 1568 2672; x_wconf 75' lang='lat' dir='ltr'>Uerrio,</span> <span class='ocrx_word' id='word_1_200' title='bbox 1596 2585 1705 2666; x_wconf 62' lang='grc' dir='ltr'>(Μαι.</span> 
     </span>
    </p>
   </div>
   <div class='ocr_carea' id='block_1_10' title="bbox 1109 3001 1325 3096">
    <p class='ocr_par' dir='ltr' id='par_1_10' title="bbox 1109 3001 1325 3096">
     <span class='ocr_line' id='line_1_21' title="bbox 1109 3001 1325 3096; baseline 0 -2"><span class='ocrx_word' id='word_1_201' title='bbox 1109 3004 1187 3096; x_wconf 80' lang='grc' dir='ltr'>Νι.</span> <span class='ocrx_word' id='word_1_202' title='bbox 1222 3001 1325 3094; x_wconf 82' lang='lat'><strong>420.</strong></span> 
     </span>
    </p>
   </div>
   <div class='ocr_carea' id='block_1_11' title="bbox 311 3214 1989 3530">
    <p class='ocr_par' dir='ltr' id='par_1_11' title="bbox 311 3214 1989 3530">
     <span class='ocr_line' id='line_1_22' title="bbox 311 3214 1989 3323; baseline 0.005 -29"><span class='ocrx_word' id='word_1_203' title='bbox 311 3284 319 3294; x_wconf 95' lang='lat'><em>.</em></span> <span class='ocrx_word' id='word_1_204' title='bbox 441 3214 446 3222; x_wconf 82' lang='grc'><strong>’</strong></span> <span class='ocrx_word' id='word_1_205' title='bbox 539 3216 735 3303; x_wconf 76' lang='grc' dir='ltr'>ΒοΙοιΙιιι</span> <span class='ocrx_word' id='word_1_206' title='bbox 761 3220 840 3304; x_wconf 84' lang='lat' dir='ltr'>iux</span> <span class='ocrx_word' id='word_1_207' title='bbox 864 3217 1015 3305; x_wconf 88' lang='lat' dir='ltr'>Polouie</span> <span class='ocrx_word' id='word_1_208' title='bbox 1042 3224 1183 3304; x_wconf 81' lang='lat'>1266</span> <span class='ocrx_word' id='word_1_209' title='bbox 1208 3241 1239 3303; x_wconf 80' lang='lat' dir='ltr'>u</span> <span class='ocrx_word' id='word_1_210' title='bbox 1264 3219 1320 3318; x_wconf 81' lang='lat' dir='ltr'>rt,</span> <span class='ocrx_word' id='word_1_211' title='bbox 1343 3221 1387 3303; x_wconf 90' lang='lat' dir='ltr'>in</span> <span class='ocrx_word' id='word_1_212' title='bbox 1411 3217 1565 3323; x_wconf 78' lang='lat' dir='ltr'>blusoo3</span> <span class='ocrx_word' id='word_1_213' title='bbox 1604 3234 1770 3306; x_wconf 73' lang='lat' dir='ltr'>enorme</span> <span class='ocrx_word' id='word_1_214' title='bbox 1810 3235 1989 3305; x_wconf 73' lang='lat' dir='ltr'>cosmus</span> 
     </span>
     <span class='ocr_line' id='line_1_23' title="bbox 347 3335 1988 3488; baseline -0.002 -77"><span class='ocrx_word' id='word_1_215' title='bbox 347 3407 349 3411; x_wconf 86' lang='grc'><em>,</em></span> <span class='ocrx_word' id='word_1_216' title='bbox 438 3335 875 3410; x_wconf 81' lang='lat' dir='ltr'>rieLubinadrudrosuo</span> <span class='ocrx_word' id='word_1_217' title='bbox 890 3339 1076 3409; x_wconf 71' lang='lat' dir='ltr'>inmeditate</span> <span class='ocrx_word' id='word_1_218' title='bbox 1097 3339 1234 3425; x_wconf 75' lang='lat' dir='ltr'>Poporo</span> <span class='ocrx_word' id='word_1_219' title='bbox 1247 3337 1380 3426; x_wconf 82' lang='lat' dir='ltr'>polskie,</span> <span class='ocrx_word' id='word_1_220' title='bbox 1402 3343 1515 3408; x_wconf 82' lang='lat' dir='ltr'>oonua</span> <span class='ocrx_word' id='word_1_221' title='bbox 1527 3337 1866 3488; x_wconf 70' lang='lat' dir='ltr'>petitionmr&#39;lbm</span> <span class='ocrx_word' id='word_1_222' title='bbox 1886 3357 1988 3427; x_wconf 87' lang='lat' dir='ltr'>quon·</span> 
     </span>
     <span class='ocr_line' id='line_1_24' title="bbox 435 3419 1265 3530; baseline 0.001 -19"><span class='ocrx_word' id='word_1_223' title='bbox 435 3419 511 3511; x_wconf 76' lang='lat' dir='ltr'>riom</span> <span class='ocrx_word' id='word_1_224' title='bbox 532 3440 590 3510; x_wconf 92' lang='lat' dir='ltr'>lilii</span> <span class='ocrx_word' id='word_1_225' title='bbox 610 3441 808 3530; x_wconf 76' lang='lat' dir='ltr'>Dprslcrrgii</span> <span class='ocrx_word' id='word_1_226' title='bbox 828 3439 869 3512; x_wconf 80' lang='lat' dir='ltr'>de</span> <span class='ocrx_word' id='word_1_227' title='bbox 889 3441 1077 3512; x_wconf 78' lang='lat' dir='ltr'>Walimeno</span> <span class='ocrx_word' id='word_1_228' title='bbox 1094 3440 1265 3511; x_wconf 69' lang='lat' dir='ltr'>demeum.</span> 
     </span>
    </p>
   </div>
   <div class='ocr_carea' id='block_1_12' title="bbox 540 3545 1930 3633">
    <p class='ocr_par' dir='ltr' id='par_1_12' title="bbox 540 3545 1930 3633">
     <span class='ocr_line' id='line_1_25' title="bbox 540 3545 1930 3633; baseline 0.004 -6"><span class='ocrx_word' id='word_1_229' title='bbox 540 3548 682 3627; x_wconf 54' lang='lat' dir='ltr'>wrm</span> <span class='ocrx_word' id='word_1_230' title='bbox 704 3552 819 3630; x_wconf 59' lang='lat' dir='ltr'>uario</span> <span class='ocrx_word' id='word_1_231' title='bbox 863 3551 976 3628; x_wconf 70' lang='lat' dir='ltr'>lrurl</span> <span class='ocrx_word' id='word_1_232' title='bbox 996 3549 1257 3632; x_wconf 61' lang='lat' dir='ltr'>meroem,-</span> <span class='ocrx_word' id='word_1_233' title='bbox 1271 3547 1435 3613; x_wconf 63' lang='lat' dir='ltr'>inim</span> <span class='ocrx_word' id='word_1_234' title='bbox 1451 3549 1692 3627; x_wconf 70' lang='lat' dir='ltr'>orzovimmio</span> <span class='ocrx_word' id='word_1_235' title='bbox 1708 3550 1852 3633; x_wconf 61' lang='lat' dir='ltr'>ma</span> <span class='ocrx_word' id='word_1_236' title='bbox 1926 3545 1930 3554; x_wconf 86' lang='lat'>&#39;</span> 
     </span>
    </p>
   </div>
   <div class='ocr_carea' id='block_1_13' title="bbox 437 3647 1991 3818">
    <p class='ocr_par' dir='ltr' id='par_1_13' title="bbox 437 3647 1991 3818">
     <span class='ocr_line' id='line_1_26' title="bbox 437 3647 1991 3818; baseline -0.001 -100"><span class='ocrx_word' id='word_1_237' title='bbox 437 3647 682 3818; x_wconf 52' lang='grc' dir='ltr'>Μιῧιωι</span> <span class='ocrx_word' id='word_1_238' title='bbox 725 3652 893 3718; x_wconf 70' lang='lat' dir='ltr'>moereo</span> <span class='ocrx_word' id='word_1_239' title='bbox 911 3649 1080 3733; x_wconf 61' lang='lat' dir='ltr'>maesse</span> <span class='ocrx_word' id='word_1_240' title='bbox 1102 3654 1241 3732; x_wconf 71' lang='lat' dir='ltr'>nepam</span> <span class='ocrx_word' id='word_1_241' title='bbox 1261 3654 1299 3733; x_wconf 86' lang='lat' dir='ltr'>n,</span> <span class='ocrx_word' id='word_1_242' title='bbox 1317 3651 1369 3715; x_wconf 78' lang='lat' dir='ltr'>te.</span> <span class='ocrx_word' id='word_1_243' title='bbox 1382 3686 1428 3701; x_wconf 95' lang='lat'><em>-</em></span> <span class='ocrx_word' id='word_1_244' title='bbox 1441 3647 1624 3733; x_wconf 55' lang='lat' dir='ltr'>aemon,</span> <span class='ocrx_word' id='word_1_245' title='bbox 1648 3653 1719 3717; x_wconf 73' lang='lat' dir='ltr'>coo.</span> <span class='ocrx_word' id='word_1_246' title='bbox 1741 3654 1860 3732; x_wconf 63' lang='lat' dir='ltr'>epea</span> <span class='ocrx_word' id='word_1_247' title='bbox 1880 3652 1991 3734; x_wconf 69' lang='lat' dir='ltr'>neor.</span> 
     </span>
    </p>
   </div>
   <div class='ocr_carea' id='block_1_14' title="bbox 436 3989 1994 5412">
    <p class='ocr_par' dir='ltr' id='par_1_14' title="bbox 436 3989 1994 5412">
     <span class='ocr_line' id='line_1_27' title="bbox 440 3989 1993 4077; baseline 0.001 -18"><span class='ocrx_word' id='word_1_248' title='bbox 440 4036 461 4053; x_wconf 68' lang='lat'><strong><em>„</em></strong></span> <span class='ocrx_word' id='word_1_249' title='bbox 540 3989 581 4059; x_wconf 87' lang='lat' dir='ltr'>In</span> <span class='ocrx_word' id='word_1_250' title='bbox 597 3990 726 4061; x_wconf 90' lang='lat' dir='ltr'>nomine</span> <span class='ocrx_word' id='word_1_251' title='bbox 744 3990 873 4060; x_wconf 84' lang='lat' dir='ltr'>Domini</span> <span class='ocrx_word' id='word_1_252' title='bbox 893 4009 995 4058; x_wconf 85' lang='lat' dir='ltr'>umen.</span> <span class='ocrx_word' id='word_1_253' title='bbox 1025 3990 1074 4058; x_wconf 87' lang='lat' dir='ltr'>Ile</span> <span class='ocrx_word' id='word_1_254' title='bbox 1094 3990 1375 4075; x_wconf 72' lang='lat' dir='ltr'>guesneniam</span> <span class='ocrx_word' id='word_1_255' title='bbox 1393 3991 1522 4076; x_wconf 71' lang='lat' dir='ltr'>manib</span> <span class='ocrx_word' id='word_1_256' title='bbox 1536 3995 1711 4077; x_wconf 74' lang='lat' dir='ltr'>emergeret</span> <span class='ocrx_word' id='word_1_257' title='bbox 1724 3991 1850 4077; x_wconf 69' lang='lat' dir='ltr'>qumfio</span> <span class='ocrx_word' id='word_1_258' title='bbox 1864 3996 1898 4059; x_wconf 90' lang='lat' dir='ltr'>et</span> <span class='ocrx_word' id='word_1_259' title='bbox 1911 3991 1993 4060; x_wconf 84' lang='lat' dir='ltr'>dara</span> 
     </span>
     <span class='ocr_line' id='line_1_28' title="bbox 437 4091 1992 4181; baseline 0.002 -19"><span class='ocrx_word' id='word_1_260' title='bbox 437 4091 628 4181; x_wconf 77' lang='lat' dir='ltr'>columpnis,</span> <span class='ocrx_word' id='word_1_261' title='bbox 650 4094 713 4163; x_wconf 83' lang='lat' dir='ltr'>nim&#39;</span> <span class='ocrx_word' id='word_1_262' title='bbox 732 4114 830 4165; x_wconf 84' lang='lat' dir='ltr'>reuse</span> <span class='ocrx_word' id='word_1_263' title='bbox 849 4095 999 4163; x_wconf 91' lang='lat' dir='ltr'>memorie</span> <span class='ocrx_word' id='word_1_264' title='bbox 1016 4113 1123 4162; x_wconf 91' lang='lat' dir='ltr'>rerum</span> <span class='ocrx_word' id='word_1_265' title='bbox 1141 4093 1258 4162; x_wconf 81' lang='lat' dir='ltr'>oblivio</span> <span class='ocrx_word' id='word_1_266' title='bbox 1278 4114 1336 4180; x_wconf 88' lang='lat' dir='ltr'>per</span> <span class='ocrx_word' id='word_1_267' title='bbox 1355 4100 1499 4164; x_wconf 80' lang='lat' dir='ltr'>eternam</span> <span class='ocrx_word' id='word_1_268' title='bbox 1520 4096 1632 4179; x_wconf 86' lang='lat' dir='ltr'>scripti</span> <span class='ocrx_word' id='word_1_269' title='bbox 1652 4094 1838 4163; x_wconf 72' lang='lat' dir='ltr'>nne-oriam</span> <span class='ocrx_word' id='word_1_270' title='bbox 1850 4093 1992 4165; x_wconf 78' lang='lat' dir='ltr'>euform-</span> 
     </span>
     <span class='ocr_line' id='line_1_29' title="bbox 439 4195 1992 4283; baseline 0 -19"><span class='ocrx_word' id='word_1_271' title='bbox 439 4200 501 4264; x_wconf 81' lang='lat' dir='ltr'>mr.</span> <span class='ocrx_word' id='word_1_272' title='bbox 544 4195 621 4266; x_wconf 80' lang='lat' dir='ltr'>lieo</span> <span class='ocrx_word' id='word_1_273' title='bbox 643 4217 702 4266; x_wconf 90' lang='lat' dir='ltr'>nos</span> <span class='ocrx_word' id='word_1_274' title='bbox 722 4197 888 4265; x_wconf 88' lang='lat' dir='ltr'>Bolesluus</span> <span class='ocrx_word' id='word_1_275' title='bbox 908 4197 968 4264; x_wconf 86' lang='lat' dir='ltr'>Dei</span> <span class='ocrx_word' id='word_1_276' title='bbox 989 4197 1094 4282; x_wconf 77' lang='lat' dir='ltr'>gratie</span> <span class='ocrx_word' id='word_1_277' title='bbox 1114 4196 1180 4265; x_wconf 86' lang='lat' dir='ltr'>dux</span> <span class='ocrx_word' id='word_1_278' title='bbox 1200 4197 1330 4265; x_wconf 87' lang='lat' dir='ltr'>Polonie</span> <span class='ocrx_word' id='word_1_279' title='bbox 1356 4203 1467 4266; x_wconf 89' lang='lat' dir='ltr'>notum</span> <span class='ocrx_word' id='word_1_280' title='bbox 1495 4196 1627 4266; x_wconf 81' lang='lat' dir='ltr'>lecimus</span> <span class='ocrx_word' id='word_1_281' title='bbox 1650 4197 1805 4265; x_wconf 78' lang='lat' dir='ltr'>omiserais</span> <span class='ocrx_word' id='word_1_282' title='bbox 1833 4203 1901 4264; x_wconf 89' lang='lat' dir='ltr'>tam</span> <span class='ocrx_word' id='word_1_283' title='bbox 1920 4216 1992 4283; x_wconf 86' lang='lat' dir='ltr'>pre·</span> 
     </span>
     <span class='ocr_line' id='line_1_30' title="bbox 436 4295 1993 4385; baseline 0.001 -18"><span class='ocrx_word' id='word_1_284' title='bbox 436 4295 581 4367; x_wconf 71' lang='lat' dir='ltr'>mouns</span> <span class='ocrx_word' id='word_1_285' title='bbox 601 4318 699 4385; x_wconf 85' lang='lat' dir='ltr'>quam</span> <span class='ocrx_word' id='word_1_286' title='bbox 719 4299 836 4367; x_wconf 82' lang='lat' dir='ltr'>tuturis</span> <span class='ocrx_word' id='word_1_287' title='bbox 857 4305 1035 4383; x_wconf 79' lang='lat' dir='ltr'>presentent</span> <span class='ocrx_word' id='word_1_288' title='bbox 1057 4299 1204 4383; x_wconf 79' lang='lat' dir='ltr'>peginam</span> <span class='ocrx_word' id='word_1_289' title='bbox 1225 4299 1424 4384; x_wconf 84' lang='lat' dir='ltr'>inspecturis,</span> <span class='ocrx_word' id='word_1_290' title='bbox 1445 4298 1531 4385; x_wconf 87' lang='lat' dir='ltr'>quod</span> <span class='ocrx_word' id='word_1_291' title='bbox 1552 4319 1625 4369; x_wconf 89' lang='lat' dir='ltr'>cum</span> <span class='ocrx_word' id='word_1_292' title='bbox 1645 4300 1680 4367; x_wconf 92' lang='lat' dir='ltr'>in</span> <span class='ocrx_word' id='word_1_293' title='bbox 1700 4305 1812 4367; x_wconf 86' lang='lat' dir='ltr'>nostru</span> <span class='ocrx_word' id='word_1_294' title='bbox 1830 4300 1993 4384; x_wconf 82' lang='lat' dir='ltr'>presentia</span> 
     </span>
     <span class='ocr_line' id='line_1_31' title="bbox 438 4396 1993 4496; baseline 0.001 -27"><span class='ocrx_word' id='word_1_295' title='bbox 438 4405 474 4469; x_wconf 86' lang='lat' dir='ltr'>et</span> <span class='ocrx_word' id='word_1_296' title='bbox 492 4396 675 4471; x_wconf 73' lang='lat' dir='ltr'>neruorum</span> <span class='ocrx_word' id='word_1_297' title='bbox 696 4401 850 4470; x_wconf 71' lang='grc' dir='ltr'>διιοιιιιιιι</span> <span class='ocrx_word' id='word_1_298' title='bbox 871 4402 956 4468; x_wconf 88' lang='lat' dir='ltr'>inter</span> <span class='ocrx_word' id='word_1_299' title='bbox 976 4401 1137 4469; x_wconf 86' lang='lat' dir='ltr'>dominum</span> <span class='ocrx_word' id='word_1_300' title='bbox 1157 4400 1307 4470; x_wconf 87' lang='lat' dir='ltr'>Iacobum</span> <span class='ocrx_word' id='word_1_301' title='bbox 1327 4401 1474 4469; x_wconf 85' lang='lat' dir='ltr'>ebbotenr</span> <span class='ocrx_word' id='word_1_302' title='bbox 1495 4402 1536 4496; x_wconf 83' lang='lat' dir='ltr'>de</span> <span class='ocrx_word' id='word_1_303' title='bbox 1555 4401 1661 4469; x_wconf 85' lang='lat' dir='ltr'>Lubin</span> <span class='ocrx_word' id='word_1_304' title='bbox 1680 4420 1721 4471; x_wconf 80' lang='lat' dir='ltr'>ex</span> <span class='ocrx_word' id='word_1_305' title='bbox 1741 4421 1807 4470; x_wconf 82' lang='lat' dir='ltr'>una</span> <span class='ocrx_word' id='word_1_306' title='bbox 1827 4408 1929 4486; x_wconf 81' lang='lat' dir='ltr'>purte,</span> <span class='ocrx_word' id='word_1_307' title='bbox 1957 4408 1993 4470; x_wconf 91' lang='lat' dir='ltr'>et</span> 
     </span>
     <span class='ocr_line' id='line_1_32' title="bbox 437 4502 1993 4590; baseline 0 -18"><span class='ocrx_word' id='word_1_308' title='bbox 437 4502 521 4573; x_wconf 85' lang='lat' dir='ltr'>luter</span> <span class='ocrx_word' id='word_1_309' title='bbox 541 4503 695 4574; x_wconf 83' lang='lat' dir='ltr'>&#39;l&#39;lromnrn</span> <span class='ocrx_word' id='word_1_310' title='bbox 716 4506 874 4589; x_wconf 87' lang='lat' dir='ltr'>quondum</span> <span class='ocrx_word' id='word_1_311' title='bbox 894 4505 994 4572; x_wconf 86' lang='lat' dir='ltr'>lilium</span> <span class='ocrx_word' id='word_1_312' title='bbox 1014 4505 1209 4590; x_wconf 77' lang='lat' dir='ltr'>Dyrsicmpii</span> <span class='ocrx_word' id='word_1_313' title='bbox 1229 4504 1270 4572; x_wconf 82' lang='lat' dir='ltr'>rie</span> <span class='ocrx_word' id='word_1_314' title='bbox 1290 4503 1439 4572; x_wconf 81' lang='lat' dir='ltr'>Volisero</span> <span class='ocrx_word' id='word_1_315' title='bbox 1459 4524 1499 4572; x_wconf 85' lang='lat' dir='ltr'>er</span> <span class='ocrx_word' id='word_1_316' title='bbox 1519 4504 1633 4587; x_wconf 87' lang='lat' dir='ltr'>ultera,</span> <span class='ocrx_word' id='word_1_317' title='bbox 1654 4523 1811 4590; x_wconf 80' lang='lat' dir='ltr'>supereo</span> <span class='ocrx_word' id='word_1_318' title='bbox 1830 4510 1923 4590; x_wconf 84' lang='lat' dir='ltr'>purte</span> <span class='ocrx_word' id='word_1_319' title='bbox 1936 4503 1993 4572; x_wconf 86' lang='lat' dir='ltr'>be·</span> 
     </span>
     <span class='ocr_line' id='line_1_33' title="bbox 437 4596 1993 4692; baseline 0.001 -17"><span class='ocrx_word' id='word_1_320' title='bbox 437 4605 583 4675; x_wconf 67' lang='lat' dir='ltr'>miuus</span> <span class='ocrx_word' id='word_1_321' title='bbox 604 4601 725 4692; x_wconf 90' lang='lat' dir='ltr'>Popino</span> <span class='ocrx_word' id='word_1_322' title='bbox 747 4608 858 4675; x_wconf 88' lang='lat' dir='ltr'>domos</span> <span class='ocrx_word' id='word_1_323' title='bbox 880 4613 989 4675; x_wconf 84' lang='lat' dir='ltr'>sancte</span> <span class='ocrx_word' id='word_1_324' title='bbox 1010 4608 1113 4676; x_wconf 80' lang='lat' dir='ltr'>Meris</span> <span class='ocrx_word' id='word_1_325' title='bbox 1129 4607 1170 4676; x_wconf 86' lang='lat' dir='ltr'>de</span> <span class='ocrx_word' id='word_1_326' title='bbox 1190 4606 1305 4690; x_wconf 85' lang='lat' dir='ltr'>Lubin,</span> <span class='ocrx_word' id='word_1_327' title='bbox 1326 4626 1424 4691; x_wconf 78' lang='lat' dir='ltr'>quem</span> <span class='ocrx_word' id='word_1_328' title='bbox 1444 4606 1528 4676; x_wconf 83' lang='lat' dir='ltr'>idem</span> <span class='ocrx_word' id='word_1_329' title='bbox 1548 4596 1627 4675; x_wconf 77' lang='lat' dir='ltr'>rn‘o.</span> <span class='ocrx_word' id='word_1_330' title='bbox 1653 4626 1717 4675; x_wconf 92' lang='lat' dir='ltr'>non</span> <span class='ocrx_word' id='word_1_331' title='bbox 1743 4606 1784 4676; x_wconf 84' lang='lat' dir='ltr'>(le</span> <span class='ocrx_word' id='word_1_332' title='bbox 1809 4607 1894 4675; x_wconf 89' lang='lat' dir='ltr'>insto</span> <span class='ocrx_word' id='word_1_333' title='bbox 1923 4607 1993 4676; x_wconf 86' lang='lat' dir='ltr'>iuro</span> 
     </span>
     <span class='ocr_line' id='line_1_34' title="bbox 438 4707 1993 4795; baseline -0.001 -17"><span class='ocrx_word' id='word_1_334' title='bbox 438 4707 500 4778; x_wconf 82' lang='lat' dir='ltr'>ribi</span> <span class='ocrx_word' id='word_1_335' title='bbox 520 4715 741 4795; x_wconf 82' lang='lat' dir='ltr'>usurpereret,</span> <span class='ocrx_word' id='word_1_336' title='bbox 763 4716 875 4778; x_wconf 82' lang='lat' dir='ltr'>exorta</span> <span class='ocrx_word' id='word_1_337' title='bbox 896 4710 1009 4778; x_wconf 87' lang='lat' dir='ltr'>inisset</span> <span class='ocrx_word' id='word_1_338' title='bbox 1029 4711 1165 4779; x_wconf 85' lang='lat' dir='ltr'>motoria</span> <span class='ocrx_word' id='word_1_339' title='bbox 1185 4710 1377 4795; x_wconf 78' lang='lat' dir='ltr'>questionis:</span> <span class='ocrx_word' id='word_1_340' title='bbox 1401 4709 1529 4778; x_wconf 81' lang='lat' dir='ltr'>tunrlem</span> <span class='ocrx_word' id='word_1_341' title='bbox 1551 4729 1610 4795; x_wconf 87' lang='lat' dir='ltr'>per</span> <span class='ocrx_word' id='word_1_342' title='bbox 1623 4715 1729 4794; x_wconf 80' lang='lat' dir='ltr'>purten</span> <span class='ocrx_word' id='word_1_343' title='bbox 1743 4709 1818 4777; x_wconf 88' lang='lat' dir='ltr'>binc</span> <span class='ocrx_word' id='word_1_344' title='bbox 1831 4708 1905 4777; x_wconf 81' lang='lat' dir='ltr'>inde</span> <span class='ocrx_word' id='word_1_345' title='bbox 1918 4729 1993 4795; x_wconf 89' lang='lat' dir='ltr'>pro·</span> 
     </span>
     <span class='ocr_line' id='line_1_35' title="bbox 437 4802 1994 4898; baseline 0.001 -18"><span class='ocrx_word' id='word_1_346' title='bbox 437 4811 550 4898; x_wconf 83' lang='lat' dir='ltr'>positis</span> <span class='ocrx_word' id='word_1_347' title='bbox 571 4810 750 4880; x_wconf 80' lang='lat' dir='ltr'>rosionibus</span> <span class='ocrx_word' id='word_1_348' title='bbox 771 4817 806 4879; x_wconf 91' lang='lat' dir='ltr'>et</span> <span class='ocrx_word' id='word_1_349' title='bbox 825 4811 1070 4896; x_wconf 74' lang='lat' dir='ltr'>allegationibus</span> <span class='ocrx_word' id='word_1_350' title='bbox 1089 4811 1232 4894; x_wconf 80' lang='lat' dir='ltr'>(liversis,</span> <span class='ocrx_word' id='word_1_351' title='bbox 1253 4811 1367 4896; x_wconf 85' lang='lat' dir='ltr'>quibus</span> <span class='ocrx_word' id='word_1_352' title='bbox 1393 4802 1540 4880; x_wconf 88' lang='lat' dir='ltr'>omuibus</span> <span class='ocrx_word' id='word_1_353' title='bbox 1566 4818 1601 4880; x_wconf 91' lang='lat' dir='ltr'>et</span> <span class='ocrx_word' id='word_1_354' title='bbox 1627 4811 1760 4896; x_wconf 70' lang='lat' dir='ltr'>singule</span> <span class='ocrx_word' id='word_1_355' title='bbox 1787 4812 1938 4881; x_wconf 56' lang='lat' dir='ltr'>&amp;cussis</span> <span class='ocrx_word' id='word_1_356' title='bbox 1958 4817 1994 4880; x_wconf 88' lang='lat' dir='ltr'>et</span> 
     </span>
     <span class='ocr_line' id='line_1_36' title="bbox 438 4913 1994 5001; baseline -0.001 -17"><span class='ocrx_word' id='word_1_357' title='bbox 438 4913 605 4998; x_wconf 75' lang='lat' dir='ltr'>munionis,</span> <span class='ocrx_word' id='word_1_358' title='bbox 627 4913 714 4983; x_wconf 79' lang='lat' dir='ltr'>(licto</span> <span class='ocrx_word' id='word_1_359' title='bbox 736 4914 863 4982; x_wconf 86' lang='lat' dir='ltr'>domino</span> <span class='ocrx_word' id='word_1_360' title='bbox 885 4915 993 4984; x_wconf 89' lang='lat' dir='ltr'>ubbeti</span> <span class='ocrx_word' id='word_1_361' title='bbox 1019 4921 1054 4984; x_wconf 86' lang='lat' dir='ltr'>et</span> <span class='ocrx_word' id='word_1_362' title='bbox 1078 4916 1179 5001; x_wconf 86' lang='lat' dir='ltr'>ipsius</span> <span class='ocrx_word' id='word_1_363' title='bbox 1206 4914 1398 4982; x_wconf 87' lang='lat' dir='ltr'>monasterio</span> <span class='ocrx_word' id='word_1_364' title='bbox 1424 4914 1565 4983; x_wconf 71' lang='lat' dir='ltr'>linnlitm</span> <span class='ocrx_word' id='word_1_365' title='bbox 1589 4914 1770 4984; x_wconf 86' lang='lat' dir='ltr'>ndiudicatu</span> <span class='ocrx_word' id='word_1_366' title='bbox 1797 4914 1994 5001; x_wconf 74' lang='lat' dir='ltr'>dignoscitur</span> 
     </span>
     <span class='ocr_line' id='line_1_37' title="bbox 437 5015 1994 5105; baseline 0 -19"><span class='ocrx_word' id='word_1_367' title='bbox 437 5035 534 5105; x_wconf 81' lang='lat' dir='ltr'>mpru</span> <span class='ocrx_word' id='word_1_368' title='bbox 554 5017 718 5086; x_wconf 86' lang='lat' dir='ltr'>nominata</span> <span class='ocrx_word' id='word_1_369' title='bbox 738 5017 898 5085; x_wconf 73' lang='lat' dir='ltr'>bmeditas</span> <span class='ocrx_word' id='word_1_370' title='bbox 919 5037 958 5086; x_wconf 82' lang='lat' dir='ltr'>ex</span> <span class='ocrx_word' id='word_1_371' title='bbox 978 5017 1101 5102; x_wconf 78' lang='lat' dir='ltr'>integro</span> <span class='ocrx_word' id='word_1_372' title='bbox 1127 5018 1204 5088; x_wconf 85' lang='lat' dir='ltr'>cum&#39;</span> <span class='ocrx_word' id='word_1_373' title='bbox 1225 5015 1371 5085; x_wconf 91' lang='lat' dir='ltr'>omnibns</span> <span class='ocrx_word' id='word_1_374' title='bbox 1398 5016 1592 5084; x_wconf 85' lang='lat' dir='ltr'>utilitatibus</span> <span class='ocrx_word' id='word_1_375' title='bbox 1620 5022 1655 5084; x_wconf 91' lang='lat' dir='ltr'>et</span> <span class='ocrx_word' id='word_1_376' title='bbox 1683 5017 1897 5102; x_wconf 81' lang='lat' dir='ltr'>pertinenciis,</span> <span class='ocrx_word' id='word_1_377' title='bbox 1923 5017 1994 5086; x_wconf 86' lang='lat' dir='ltr'>iuro</span> 
     </span>
     <span class='ocr_line' id='line_1_38' title="bbox 439 5118 1993 5206; baseline -0.001 -16"><span class='ocrx_word' id='word_1_378' title='bbox 439 5119 631 5190; x_wconf 62' lang='lat' dir='ltr'>meltune</span> <span class='ocrx_word' id='word_1_379' title='bbox 649 5119 683 5188; x_wconf 94' lang='lat' dir='ltr'>in</span> <span class='ocrx_word' id='word_1_380' title='bbox 705 5125 892 5206; x_wconf 88' lang='lat' dir='ltr'>perpetuom</span> <span class='ocrx_word' id='word_1_381' title='bbox 914 5120 1112 5206; x_wconf 73' lang='lat' dir='ltr'>possidente</span> <span class='ocrx_word' id='word_1_382' title='bbox 1156 5120 1194 5188; x_wconf 90' lang='lat' dir='ltr'>ln</span> <span class='ocrx_word' id='word_1_383' title='bbox 1215 5119 1305 5188; x_wconf 90' lang='lat' dir='ltr'>cuius</span> <span class='ocrx_word' id='word_1_384' title='bbox 1326 5119 1375 5186; x_wconf 89' lang='lat' dir='ltr'>rei</span> <span class='ocrx_word' id='word_1_385' title='bbox 1394 5119 1620 5201; x_wconf 81' lang='lat' dir='ltr'>testimonium,</span> <span class='ocrx_word' id='word_1_386' title='bbox 1648 5138 1689 5187; x_wconf 90' lang='lat' dir='ltr'>ne</span> <span class='ocrx_word' id='word_1_387' title='bbox 1716 5118 1834 5204; x_wconf 78' lang='lat' dir='ltr'>uliquis</span> <span class='ocrx_word' id='word_1_388' title='bbox 1855 5125 1922 5188; x_wconf 86' lang='lat' dir='ltr'>tum</span> <span class='ocrx_word' id='word_1_389' title='bbox 1942 5138 1993 5188; x_wconf 88' lang='lat' dir='ltr'>eo·</span> 
     </span>
     <span class='ocr_line' id='line_1_39' title="bbox 439 5221 1993 5307; baseline -0.001 -15"><span class='ocrx_word' id='word_1_390' title='bbox 439 5221 535 5292; x_wconf 81' lang='lat' dir='ltr'>lmrnl</span> <span class='ocrx_word' id='word_1_391' title='bbox 556 5228 666 5291; x_wconf 87' lang='lat' dir='ltr'>nostre</span> <span class='ocrx_word' id='word_1_392' title='bbox 688 5223 921 5292; x_wconf 82' lang='lat' dir='ltr'>coninuucioui</span> <span class='ocrx_word' id='word_1_393' title='bbox 939 5241 1020 5290; x_wconf 89' lang='lat' dir='ltr'>ausu</span> <span class='ocrx_word' id='word_1_394' title='bbox 1040 5222 1231 5293; x_wconf 71' lang='lat' dir='ltr'>limantio</span> <span class='ocrx_word' id='word_1_395' title='bbox 1252 5221 1359 5290; x_wconf 82' lang='lat' dir='ltr'>valeat</span> <span class='ocrx_word' id='word_1_396' title='bbox 1379 5222 1546 5304; x_wconf 72' lang='lat' dir='ltr'>oontrmre,</span> <span class='ocrx_word' id='word_1_397' title='bbox 1568 5226 1749 5306; x_wconf 86' lang='lat' dir='ltr'>presentem</span> <span class='ocrx_word' id='word_1_398' title='bbox 1770 5221 1917 5307; x_wconf 74' lang='lat' dir='ltr'>peginam</span> <span class='ocrx_word' id='word_1_399' title='bbox 1935 5241 1993 5291; x_wconf 92' lang='lat' dir='ltr'>no-</span> 
     </span>
     <span class='ocr_line' id='line_1_40' title="bbox 439 5321 1993 5412; baseline 0.001 -17"><span class='ocrx_word' id='word_1_400' title='bbox 439 5324 499 5395; x_wconf 85' lang='lat' dir='ltr'>stri</span> <span class='ocrx_word' id='word_1_401' title='bbox 535 5323 633 5412; x_wconf 72' lang='lat' dir='ltr'>sigilli</span> <span class='ocrx_word' id='word_1_402' title='bbox 666 5323 840 5396; x_wconf 88' lang='lat' dir='ltr'>munimine</span> <span class='ocrx_word' id='word_1_403' title='bbox 875 5325 1103 5396; x_wconf 80' lang='lat' dir='ltr'>confirmemus</span> <span class='ocrx_word' id='word_1_404' title='bbox 1161 5328 1278 5397; x_wconf 76' lang='lat' dir='ltr'>Actum</span> <span class='ocrx_word' id='word_1_405' title='bbox 1311 5329 1346 5394; x_wconf 91' lang='lat' dir='ltr'>et</span> <span class='ocrx_word' id='word_1_406' title='bbox 1375 5321 1488 5395; x_wconf 84' lang='lat' dir='ltr'>datum</span> <span class='ocrx_word' id='word_1_407' title='bbox 1520 5325 1555 5395; x_wconf 91' lang='lat' dir='ltr'>in</span> <span class='ocrx_word' id='word_1_408' title='bbox 1590 5323 1709 5395; x_wconf 80' lang='lat' dir='ltr'>illruoo</span> <span class='ocrx_word' id='word_1_409' title='bbox 1744 5343 1829 5394; x_wconf 82' lang='lat' dir='ltr'>enno</span> <span class='ocrx_word' id='word_1_410' title='bbox 1865 5324 1993 5396; x_wconf 84' lang='lat' dir='ltr'>Domini</span> 
     </span>
    </p>
   </div>
   <div class='ocr_carea' id='block_1_15' title="bbox 2315 2441 2342 3411">
    <p class='ocr_par' dir='ltr' id='par_1_15' title="bbox 2315 2441 2342 3411">
     <span class='ocr_line' id='line_1_41' title="bbox 2315 2441 2342 3411; textangle 90"><span class='ocrx_word' id='word_1_411' title='bbox 2338 3375 2342 3411; x_wconf 68' lang='lat'>-</span> <span class='ocrx_word' id='word_1_412' title='bbox 2315 2441 2342 3314; x_wconf 40' lang='lat' dir='ltr'>ffl——Q-afflafflss</span> 
     </span>
    </p>
   </div>
   <div class='ocr_carea' id='block_1_16' title="bbox 0 0 2445 6180">
    <p class='ocr_par' dir='ltr' id='par_1_16' title="bbox 0 0 2445 6180">
     <span class='ocr_line' id='line_1_42' title="bbox 0 0 2445 6180; baseline 0 0"><span class='ocrx_word' id='word_1_413' title='bbox 0 0 2445 6180; x_wconf 95' lang='lat' dir='ltr'> </span> 
     </span>
    </p>
   </div>
  </div>
 </body>
</html>
