4860 6180
433 525 661 631 enas

344 800 347 806 a
432 753 524 835 mna
544 771 628 823 enno
648 755 754 839 gnere
782 755 910 822 nomini
937 752 1219 835 ucenrrxxnn,
1243 753 1418 821 mnenon
1438 752 1510 834 nn,
1537 750 1617 819 fena
1637 755 1729 819 sexu
1746 749 1890 835 psalma
1907 755 1983 817 nne
2092 760 2094 764 ·

434 857 623 926 dominicum
645 858 724 926 Esto
746 858 852 941 michi,
875 877 932 943 per
953 875 1065 925 manus
1086 857 1226 923 Thilonis
1246 857 1363 924 noemi
1386 856 1471 924 curie
1491 860 1609 922 nostre.

537 1061 720 1146 Lentiensis,
739 1067 778 1130 de
794 1066 872 1152 dod.
915 1062 1113 1148 Tropoesino,
1139 1063 1303 1148 Trpbczyu.
1347 1059 1513 1144 lindensis,
1536 1063 1575 1125 de
1595 1062 1695 1125 etna.

1103 1360 1177 1445 Νι.
1210 1354 1311 1443 536.

539 1552 726 1640 &nundus
753 1555 912 1639 homiui
939 1559 1017 1640 dux
1042 1555 1191 1638 Polonio
1218 1552 1572 1655 1284Ftbr.19,
1598 1554 1641 1637 in
1659 1551 1779 1655 Sinam
1798 1569 1920 1637 onera
1933 1586 1985 1636 eo

434 1675 506 1745 miti
527 1663 669 1760 Zegotba
689 1679 831 1762 palatino
854 1676 1052 1745 cracoviensi
1072 1676 1265 1744 hereditates
1286 1675 1467 1760 Niecanuo
1490 1675 1726 1759 Wierabiczauy
1748 1680 1782 1741 ct
1796 1673 1901 1756 buliu,
1916 1691 1986 1739 eus·

435 1789 498 1864 que
518 1778 629 1846 multis
649 1781 821 1865 privilegiis
843 1780 956 1847 munit.
1534 1849 1539 1856 ,

541 1885 685 1962 Meam,
707 1888 825 1965 crypta
869 1885 919 1948 Να
938 1883 1062 1962 endan
1078 1881 1445 1961 montemfortem
1463 1878 1661 1961 pomurmicz.
1677 1882 1907 1960 mzpeioezono
1917 1881 1986 1957 pie-

436 1982 509 2071 cred
529 1987 755 2066 manutium
775 1988 903 2072 tefam
924 1993 1068 2062 pnleezpe
1085 1992 1168 2056 xv).
1890 2041 1893 2045 .

544 2088 727 2154 Worsma.
778 2090 946 2152 Arabim
981 2083 1110 2167 dionae,
1140 2087 1277 2165 Biplovnu
1314 2087 1370 2151 Nr.
1403 2085 1476 2148 602.
1516 2119 1562 2134 -
1595 2083 1824 2167 Seonezprislr‘,
1866 2083 1986 2161 Wzom,

434 2191 491 2256 nn.
513 2191 565 2253 ιγ.
586 2225 632 2240 -
651 2193 784 2267 mena,
806 2193 1003 2276 nezanum
1027 2191 1281 2267 mmmmm.
1305 2223 1348 2235 -
1368 2191 1413 2255 n.
1445 2190 1625 2269 neman,
1651 2169 1770 2252 tronea
1798 2188 1837 2249 ao
1862 2181 1988 2262 ernon

313 2352 319 2358 ,.
437 2293 542 2374 Potest
562 2294 591 2368 1,
608 2311 686 2373 pap.
705 2293 780 2359 131.

536 2493 575 2561 In
592 2495 719 2564 nemim
740 2494 868 2562 Domini
889 2512 991 2562 amen.
1035 2492 1120 2560 Dum
1137 2491 1216 2559 vivit
1235 2491 1346 2559 littere
1365 2492 1446 2559 vivit
1465 2497 1500 2560 et
1512 2492 1598 2561 aetio
1612 2492 1778 2560 commissa
1792 2491 1909 2572 littere,
1933 2509 1988 2558 cn·

435 2595 487 2663 ins
507 2597 643 2665 mercia
664 2597 768 2664 nutrit
787 2596 971 2664 memoriam
993 2600 1026 2663 et
1044 2594 1194 2662 roborata
1213 2593 1346 2677 suscipit
1368 2594 1605 2663 incrementum.
1640 2593 1743 2679 Igitur
1756 2612 1815 2662 uos
1831 2594 1987 2662 secundm

433 2697 570 2767 Premizl
590 2697 651 2766 nei
670 2698 779 2783 gracia
799 2697 864 2765 dux
886 2696 1016 2764 Polonie
1036 2703 1148 2765 notum
1169 2695 1301 2763 facimus
1322 2696 1476 2763 universis
1497 2703 1564 2764 mm
1585 2696 1784 2782 presentibus
1814 2714 1910 2781 quarn
1939 2694 1989 2761 fn·

435 2799 517 2868 turis
535 2806 713 2884 presentem
734 2800 881 2884 paginam
901 2798 1099 2884 inspecturis,
1121 2799 1206 2882 quod
1227 2799 1387 2865 intuentes
1411 2797 1503 2866 fidele
1524 2799 1691 2867 nereidum
1717 2804 1751 2867 et
1779 2798 1859 2865 utile
1879 2798 1988 2866 dilecti

438 2920 477 2972 ac
496 2903 643 2987 specialis
664 2903 766 2970 nostri
788 2902 923 2985 boronus
945 2901 1137 2970 honorabilis
1159 2901 1219 2967 viri
1241 2900 1364 2968 eomitis
1386 2901 1524 2986 Zegotbe
1545 2900 1679 2985 palatini
1696 2899 1922 2983 Crotoniensis,
1949 2899 1989 2966 de

436 3010 548 3074 nostra
567 3023 632 3073 non
653 3005 728 3072 ficta
747 3005 913 3072 voluntate
933 3009 967 3072 et
987 3002 1107 3070 salubri
1128 3001 1237 3069 habito
1258 3008 1438 3070 nostrorum
1453 3002 1605 3071 barormm
1620 3004 1750 3071 oonsilio
1772 3008 1900 3071 nostras
1925 3001 1988 3068 sibi

305 3136 309 3145 ·
436 3106 565 3192 suisque
586 3108 818 3176 sumessnribus
839 3105 987 3190 legitimis
1009 3104 1150 3172 dedimus
1168 3104 1371 3193 bemditates,
1392 3122 1455 3188 que
1476 3104 1643 3191 Neezayno
1665 3113 1699 3172 et
1721 3104 1935 3188 Wirbiczayui
1956 3110 1990 3170 et

434 3208 550 3278 Luline
572 3228 667 3295 quam
688 3209 861 3294 vulgariter
881 3212 1113 3292 nuncupantur,
1137 3226 1207 3274 cum
1229 3205 1373 3274 omnibns
1403 3207 1597 3275 utilitatibus
1624 3214 1660 3276 et
1687 3208 1900 3292 pertinenciis,
1927 3224 2004 3291 quc.

434 3330 518 3380 nnnc
537 3311 582 3379 ibi
600 3318 677 3379 sunt
696 3319 731 3380 et
751 3312 867 3379 exoriri
888 3316 1039 3395 poterunt
1056 3309 1090 3375 in
1111 3307 1263 3392 futurum,
1285 3310 1355 3376 iure
1373 3307 1564 3377 hereditario
1579 3311 1613 3378 in
1626 3317 1813 3395 perpetuum
1827 3309 1990 3394 possiden·

434 3412 502 3483 das.
546 3413 753 3483 Absolventas
774 3415 860 3499 ipsas
881 3413 1073 3480 beralitates
1095 3409 1137 3479 ab
1155 3412 1240 3479 omni
1262 3411 1426 3479 exactione
1447 3411 1595 3480 Polonica
1615 3431 1678 3498 que
1691 3420 1800 3481 nostro
1816 3413 1991 3480 dinoscitur

436 3516 575 3586 dominio
596 3517 765 3601 pertinere,
787 3535 808 3584 a
828 3535 935 3597 naraz,
955 3534 976 3583 a
997 3533 1106 3599 pavor,
1128 3533 1147 3581 a
1169 3513 1295 3598 prevod,
1314 3532 1335 3581 a
1356 3519 1472 3596 strena,
1494 3534 1515 3582 a
1535 3515 1723 3599 podverove,
1738 3535 1758 3583 a
1771 3515 1934 3602 poradine,
1950 3514 1990 3582 ab

301 3638 304 3643 ’
435 3619 537 3704 opole,
558 3639 580 3687 a
598 3618 687 3700 bove,
707 3637 728 3686 a
748 3636 854 3701 vacca,
873 3637 894 3684 a
914 3619 1010 3685 castri
1032 3619 1199 3701 citatione3
1220 3621 1268 3687 ita
1287 3620 1372 3705 quod
1394 3620 1496 3688 ineole
1510 3620 1763 3706 supradictarum
1777 3618 1990 3686 dormitatum

436 3739 501 3788 non
528 3721 596 3789 sina
625 3727 733 3788 nostro
763 3720 865 3804 sigillo
893 3738 998 3786 coram
1024 3721 1114 3788 nobis
1139 3727 1344 3806 compareant
1372 3724 1543 3806 provocati,
1570 3729 1605 3791 et
1631 3725 1665 3791 in
1702 3739 1889 3807 quocunque
1917 3738 1990 3788 con·

440 3822 604 3908 dampnati
624 3823 752 3904 fuerint,
774 3821 878 3888 dictus
899 3839 1002 3889 eomes
1024 3823 1166 3906 Zegotba
1186 3829 1221 3890 et
1240 3824 1290 3890 sui
1311 3842 1506 3892 suoeeaeeres
1535 3825 1669 3909 legitimi
1698 3825 1855 3893 utilitates
1882 3822 1989 3890 indicii

443 3931 596 4011 perpetue
618 3925 795 4010 percipiant
808 3943 847 3991 ex
861 3925 993 4007 integro.
1021 3923 1232 3992 Homicidium
1250 3931 1467 4009 perpetratum
1482 3928 1566 3994 iuter
1587 3929 1672 4012 ipsos
1697 3927 1826 4008 incolas,
1852 3925 1991 4008 integra·

438 4026 515 4094 liter
535 4027 612 4112 ipsis
634 4027 735 4093 cedat.
779 4027 900 4093 Damus
918 4028 978 4110 ipsi
1000 4028 1107 4093 comiti
1130 4027 1268 4112 Zegotbe
1289 4029 1386 4095 etiam
1408 4036 1443 4096 et
1463 4048 1520 4098 sne
1540 4030 1722 4115 posteritati
1747 4029 1880 4096 liberum
1906 4027 1991 4094 arbi-

440 4129 536 4196 trium
556 4128 680 4196 easdem
703 4129 894 4199 beralitates
916 4128 1043 4210 donare,
1066 4129 1210 4211 vendere,
1234 4137 1427 4198 commutare
1446 4131 1553 4213 libere,
1577 4133 1628 4199 cui
1654 4132 1732 4216 ipsis
1760 4130 1918 4198 videbitur
1939 4148 1992 4196 ex·

435 4231 543 4317 pedire
576 4237 716 4315 tempore
748 4231 944 4315 procedente.
990 4229 1143 4297 Omnibus
1174 4233 1275 4298 eciam
1308 4232 1424 4300 ibidem
1454 4240 1588 4302 utantur
1615 4233 1736 4300 iuribus
1760 4239 1856 4316 prout
1882 4238 1993 4298 nostru

435 4335 596 4402 consuevit
617 4335 718 4401 cuma:
741 4333 833 4414 lemn,
855 4334 971 4414 duello,
995 4340 1029 4400 et
1050 4353 1145 4418 super
1166 4353 1282 4418 aquam
1304 4336 1501 4403 mittendam.
1546 4336 1594 4402 Ut
1619 4343 1727 4402 autem
1753 4341 1864 4401 nostru
1892 4334 1992 4401 racio-

436 4435 550 4502 nabilis
570 4436 701 4503 donacio
722 4442 875 4519 pcrpetuo
897 4435 1088 4502 inviolabilis
1111 4442 1299 4519 perseveret,
1323 4444 1500 4520 presentem
1522 4438 1669 4522 paginam
1691 4437 1792 4504 nostri
1815 4436 1909 4519 sigilli
1924 4452 1992 4501 mu·

436 4537 554 4604 nimine
571 4537 717 4604 duximus
739 4537 993 4604 continuandam.
1038 4537 1093 4603 liii
1121 4544 1197 4604 sunt
1218 4543 1331 4604 testas:
1356 4556 1459 4605 comes
1480 4538 1631 4606 Nicolaus
1646 4539 1740 4605 iudex
1759 4538 1992 4617 Poznanionsis‚

439 4657 543 4706 eomes
566 4638 755 4706 Cechoslaus
778 4640 926 4722 pincerna
947 4639 1144 4720 Kalisionsis‚
1167 4658 1271 4706 comes
1293 4640 1470 4724 linguslaus
1491 4641 1681 4708 castellanus
1703 4643 1742 4708 de
1764 4641 1848 4707 nsoe
1862 4646 1896 4707 et
1916 4639 1991 4706 sub

438 4743 629 4808 camerarius
650 4741 883 4822 Pozunniensis,
906 4760 1010 4807 comes
1029 4741 1187 4825 Woyoeeh
1215 4741 1464 4810 subcamerarius
1489 4743 1688 4826 deliniamenta,
1714 4744 1860 4813 dominus
1881 4741 1994 4809 Victor

442 4851 629 4927 procurator
650 4843 844 4909 Kalisiensis.
889 4842 1008 4909 Datum
1031 4844 1064 4908 in
1086 4843 1175 4910 Silue
1198 4844 1229 4909 in
1250 4844 1375 4927 placitis
1402 4845 1518 4911 habitis
1540 4864 1610 4912 eum
1639 4847 1765 4912 ‹lomirro
1793 4844 1993 4912 cracoviensi

436 4944 470 5010 in
491 4944 649 5011 dominica
672 4945 749 5009 llstn
770 4945 873 5025 uitelli,
895 4964 978 5010 nuntio
1000 4946 1105 5027 gracie
1123 4946 1248 5013 Domini
1269 4946 1571 5030 llcclrxxxllu,
1600 4947 1775 5014 indictione
1796 4946 1991 5027 duodecima,

436 5065 494 5130 per
515 5065 626 5113 monus
647 5046 788 5111 'l'lnilonis
808 5047 922 5112 notarii
945 5048 1031 5113 curie
1053 5053 1169 5113 antro.

436 5349 459 5418 S
540 5249 910 5334 Neereyno,1voec=‹p·uo.
945 5251 1169 5338 Wirbimayni
1198 5255 1434 5335 Wierrbieznuy.
1463 5253 1589 5336 Lulino‚
1614 5253 1717 5321 Lulin.
1758 5253 1850 5338 Usce,
1879 5259 1989 5334 werd.

461 5350 535 5435 irus,
561 5355 694 5416 Sierudz.
