4860 6180
1709 413 1718 426 ·
1814 389 1889 465 455

350 592 454 665 aulum
476 595 516 664 da
534 614 638 680 panno
660 595 756 664 rubeo
777 615 836 680 pro
854 594 954 677 signo,
975 599 1118 662 assutam
1136 595 1202 662 sive
1216 598 1381 664 consutum
1399 599 1474 662 ante
1488 601 1598 678 pectus
1613 595 1645 663 in
1660 598 1750 681 parte
1763 593 1893 661 sinistra

349 699 384 766 in
403 702 491 767 veste
511 699 676 783 superiori,
695 718 789 784 quam
811 698 1018 766 communiter
1040 703 1074 765 et
1095 698 1281 782 regulariter
1301 703 1432 782 portant
1452 698 1587 783 desuper
1608 705 1712 768 vestas
1726 717 1800 766 suas
1814 697 1892 765 olias

349 818 446 888 quum
468 806 559 870 extra
578 802 688 871 domos
707 803 772 869 sive
791 800 1001 868 habitationes
1015 809 1130 869 exeam
1142 801 1192 869 vcl
1205 800 1361 885 merdant,
1383 801 1433 868 vel
1447 801 1572 885 publiea
1586 821 1781 888 quocumque
1799 801 1893 870 modo

350 908 526 990 appareant
546 911 603 972 aot
623 925 658 974 so
679 905 848 974 exhibeant
867 904 916 971 vcl
939 905 1121 987 ostendant3
1149 912 1183 973 et
1201 905 1378 973 huiusmodi
1404 905 1528 990 signum
1555 906 1657 974 infra.
1670 956 1699 973 ..
1743 904 1843 987 Quod,
1863 904 1893 971 si

348 1008 383 1075 in
404 1006 582 1076 huiusmodi
603 1010 693 1093 signo
715 1008 902 1077 msumendo
923 1007 1006 1076 infra
1026 1010 1196 1077 terminum
1218 1009 1445 1094 supradictum,
1467 1015 1526 1077 aot
1543 1012 1639 1077 etiam
1660 1009 1700 1075 de
1721 1014 1827 1075 cetero
1841 1005 1894 1074 de·

348 1111 476 1180 terendo
497 1118 594 1197 prout
612 1113 755 1198 superios
776 1120 827 1180 est
847 1131 1039 1197 expressum,
1060 1112 1148 1180 lodei
1167 1111 1283 1197 prelati
1304 1113 1353 1180 vel
1373 1132 1482 1180 eorum
1503 1114 1601 1198 aliqui
1615 1118 1814 1180 contumaees
1827 1108 1893 1177 foe·

350 1215 417 1283 rint
436 1213 578 1297 rebelles,
597 1223 713 1284 extunc
735 1215 986 1285 Christianorum
1007 1217 1226 1283 commercium
1247 1235 1306 1283 nec
1326 1236 1389 1284 non
1411 1218 1514 1302 ignem
1535 1225 1569 1285 ot
1591 1235 1705 1301 aquam
1719 1213 1780 1281 sibi
1801 1231 1894 1280 nova·

350 1320 418 1387 rint
431 1317 642 1388 interdictam.
673 1318 846 1386 Christiani
867 1337 951 1401 vero,
973 1320 1028 1403 qui
1050 1325 1161 1387 eontra
1182 1320 1438 1388 constitutionem
1453 1321 1631 1388 huiusmodi
1644 1317 1775 1403 prelatis
1789 1315 1894 1383 Iudeis

351 1421 386 1490 in
406 1421 532 1491 merciis
553 1427 753 1504 eommotme,
775 1429 832 1489 aut
853 1421 898 1489 cis
919 1421 1023 1505 ignem
1044 1421 1094 1488 vel
1113 1440 1227 1505 aquam
1248 1422 1335 1505 dare,
1355 1431 1414 1490 aut
1434 1424 1557 1508 aliquos
1586 1423 1699 1490 Iodeos
1719 1421 1754 1487 ln
1775 1419 1895 1488 nmilia

352 1525 498 1607 retinam,
519 1529 578 1592 aut
598 1525 676 1610 ipsis
697 1525 801 1593 Iudeis
822 1524 1020 1593 familiariter
1039 1525 1199 1607 adherere,
1218 1532 1276 1591 aut
1296 1543 1368 1592 oum
1389 1527 1435 1594 eis
1455 1528 1489 1593 in
1504 1526 1634 1607 familia,
1657 1525 1744 1592 cuma
1759 1524 1825 1591 sive
1838 1523 1894 1590 do·

349 1646 403 1696 mo
421 1633 509 1696 stare
528 1630 784 1713 presumpserint,
808 1629 878 1713 ipso
905 1626 989 1695 iacto
1017 1629 1120 1696 sciant
1144 1627 1204 1695 sibi
1231 1628 1405 1712 ingressam
1433 1630 1562 1698 eeclesia
1590 1628 1807 1708 interdictam
1837 1645 1895 1694 nec

350 1729 438 1816 prius
456 1729 503 1798 eis
523 1729 557 1797 in
575 1731 737 1800 aeclesiam
758 1738 867 1816 pateat
887 1731 1057 1815 ingressas,
1077 1750 1183 1816 quam,
1203 1731 1244 1799 ad
1264 1731 1446 1800 mandatum
1459 1734 1607 1818 episcopi,
1628 1731 1762 1813 abbatis,
1781 1747 1894 1816 prepo-

349 1833 414 1915 siti,
435 1832 645 1902 archidiaconi
666 1853 722 1902 seu
742 1833 910 1902 cmusHbet
930 1834 1061 1901 alterius
1083 1835 1207 1920 prelati,
1225 1835 1259 1901 in
1277 1835 1366 1902 cuius
1388 1835 1513 1918 dioooei,
1535 1836 1672 1904 dominia
1687 1834 1736 1902 val
1750 1832 1894 1900 iurisdie-

350 1936 437 2005 tione
455 1934 629 2004 christiam
650 1936 828 2007 huiusmodi
850 1944 1093 2019 enumerantur,
1114 1937 1282 2004 suffiamti
1304 1937 1363 2005 sob
1384 1944 1471 2006 oerta
1491 1958 1574 2024 pena
1592 1938 1737 2006 audone
1750 1936 1893 2023 prestita,

350 2039 435 2126 quod
455 2040 587 2108 ulterius
608 2040 642 2108 ia
659 2040 777 2110 talibus
798 2060 862 2109 non
884 2041 1047 2124 excedam,
1068 2041 1110 2109 ad
1127 2041 1303 2125 mgressum
1323 2041 1453 2108 eoelesie
1472 2041 1591 2110 marist
1611 2040 1762 2108 restituti
1806 2038 1896 2119 Quod

350 2149 457 2212 autem
477 2144 686 2212 constitutum
707 2151 756 2212 ast
776 2144 817 2211 da
838 2143 953 2227 Iudeis,
976 2145 1036 2213 hoc
1056 2144 1096 2211 da
1117 2142 1309 2226 Sarruaenis,
1327 2143 1497 2212 Ismaelitis
1511 2151 1546 2212 et
1559 2142 1734 2228 quibusque
1747 2142 1818 2210 aliis
1832 2160 1895 2208 noa
1931 2159 1934 2164 ⁴

350 2245 524 2316 uolentibus
538 2247 739 2332 baptismatis
752 2247 989 2316 Sacramentum
1002 2248 1171 2317 sumimus
1186 2246 1409 2314 inviolabiliter
1424 2247 1666 2328 observandum
1680 2246 1741 2314 hoc
1754 2251 1895 2331 excepto,

296 2360 299 2366 ·
337 2350 434 2436 ‘quod
455 2349 510 2418 obi
530 2349 619 2418 Iudai
640 2357 771 2436 portant
792 2352 944 2420 droulum
965 2371 1023 2438 pro
1043 2352 1133 2437 signo
1153 2349 1296 2432 rubeum,
1324 2349 1381 2418 aiii
1408 2351 1582 2437 supradicti
1607 2350 1731 2436 signam
1752 2366 1896 2418 amaeam

350 2458 519 2523 tmeanbm
538 2452 669 2523 delmre

453 2561 499 2624 lde
520 2561 631 2625 Iudaei
651 2562 764 2625 tritam
790 2564 951 2640 reciproca.
995 2558 1144 2629 Preterea
1157 2557 1354 2640 'statuimus
1381 2557 1466 2642 quod
1491 2556 1622 2638 tributa,
1647 2556 1823 2640 vectigalia,
1845 2562 1892 2623 tc·

352 2659 445 2729 lones
466 2679 524 2729 sea
544 2661 679 2746 pedagia
697 2661 748 2729 vel
768 2661 878 2746 quevis
898 2661 964 2728 alia
983 2660 1110 2746 publica
1129 2659 1243 2743 effide,
1265 2660 1380 2742 Iudeis,
1402 2659 1577 2741 Saracenis,
1599 2659 1776 2741 Ismaelitis,
1798 2657 1896 2727 schis-

351 2763 487 2846 mah’cis,
508 2781 566 2831 sen
586 2751 833 2849 quibuscumque
853 2764 925 2831 aliis
946 2763 987 2832 ab
1007 2765 1122 2833 unione
1142 2762 1216 2831 fidei
1235 2763 1389 2831 catholieo
1408 2763 1531 2845 alienis,
1552 2762 1733 2830 nullatenus
1753 2755 1896 2830 manmit

351 2871 473 2948 tanarr3
495 2871 530 2934 et
549 2867 729 2952 specialiter
748 2867 873 2952 prelati,
895 2867 1097 2935 ecclesianrm
1115 2886 1243 2934 suarum
1264 2866 1385 2933 reditus
1410 2884 1467 2933 seo
1493 2871 1664 2950 proventus
1690 2865 1736 2933 eis
1761 2865 1895 2934 vendere

353 2988 416 3038 non
436 2968 576 3037 audeant
595 2970 645 3037 vel
666 2969 778 3039 locare.
824 2970 914 3051 Qood
935 2971 963 3037 si
984 2972 1056 3054 quis
1077 2975 1188 3038 eontra
1209 2969 1268 3037 boc
1285 2969 1392 3035 venire
1412 2969 1648 3054 presumpserit,
1675 2969 1703 3036 si
1729 2969 1896 3053 episcopus

350 3072 456 3156 inerit,
475 3072 517 3141 ab
534 3074 717 3142 moratione
734 3073 971 3159 pontificalium,
1004 3073 1167 3142 inferiores
1199 3091 1274 3140 vero
1301 3072 1415 3158 prelati
1449 3090 1506 3139 seu
1534 3073 1649 3156 alerici,
1673 3073 1896 3158 cmuscomqoe
1997 3111 2002 3121 ·

349 3176 415 3244 siat
434 3175 563 3258 ordinis,
585 3176 747 3262 dqnitatb
768 3196 806 3245 sc
825 3182 940 3258 atabrs,
958 3175 1001 3243 ab
1018 3177 1200 3244 executione
1218 3193 1346 3243 suarum
1359 3175 1504 3242 ordinum
1525 3193 1583 3260 per
1603 3181 1668 3244 tres
1682 3194 1805 3244 mensas
1825 3177 1894 3260 ipso

352 3277 438 3348 facto
458 3278 604 3347 rorant
617 3297 651 3359 se
673 3299 848 3366 suspensos.
877 3278 938 3346 Vel
950 3281 978 3346 si
999 3279 1082 3348 infra
1103 3285 1168 3348 tres
1190 3297 1313 3347 meuses
1330 3280 1416 3364 ipsos
1435 3297 1499 3347 uon
1520 3279 1708 3364 expulerint,
1725 3279 1897 3364 iclexpul·

351 3400 402 3451 sos
424 3383 698 3468 resmompserint,
719 3383 1049 3452 excommunicationis
1066 3383 1255 3450 senoenbam
1270 3382 1339 3467 ipso
1352 3381 1436 3448 {aab
1450 3382 1623 3450 incunant.
1663 3381 1776 3450 laicos
1790 3389 1897 3450 autem

318 3522 324 3535 ·
351 3485 572 3570 cuiuscumque
592 3486 730 3569 honoris,
753 3487 950 3569 conditionis,
972 3486 1147 3571 dignitatis
1169 3484 1393 3571 praeminentia
1412 3485 1478 3552 sive
1499 3490 1613 3568 status,
1634 3486 1689 3570 qul
1708 3485 1744 3553 in
1764 3484 1896 3570 deroga·

351 3588 470 3657 tionem
489 3589 723 3657 censbtotionis
743 3592 898 3675 presentis
919 3590 1097 3658 huiusmodi
1119 3587 1224 3657 officia
1244 3587 1349 3656 Iudeis
1369 3588 1419 3655 vel
1433 3587 1601 3672 prohibitis
1615 3589 1804 3672 supradictis
1819 3607 1896 3673 qno·
1989 3609 1995 3620 ·

351 3708 484 3777 mmque
505 3691 597 3760 modo
617 3690 837 3776 oouomi'serint,
856 3693 906 3760 vel
928 3713 982 3761 eos
1002 3693 1269 3762 manusnotat
1289 3691 1497 3759 sustinuerint
1518 3691 1552 3757 in
1573 3690 1682 3760 officiis
1696 3693 1894 3778 supradietis,

350 3798 415 3861 tam
436 3793 492 3861 diu
511 3794 656 3861 volumus
679 3796 1006 3864 excommunicationis
1027 3795 1183 3864 sententie
1197 3812 1326 3862 manare
1339 3793 1506 3876 subiectas,
1528 3795 1637 3878 donoc,
1657 3795 1762 3864 Iudeis
1777 3802 1810 3863 ct
1824 3796 1895 3864 aliis

352 3895 529 3964 infidehbus
549 3896 681 3982 prefatis
701 3897 742 3965 ab
762 3896 874 3966 officiis
894 3900 1010 3967 amotis
1031 3906 1064 3966 et
1085 3899 1193 3967 eiectis
1214 3896 1413 3991 supradictis,
1435 3902 1471 3963 et
1490 3898 1626 3982 prestita
1640 3897 1806 3967 sufficienti
1821 3918 1894 3967 coo·

350 3999 436 4068 bone
456 3998 629 4067 heremis
649 4001 725 4082 suis,
747 4001 832 4084 qnod
852 4000 955 4068 nullos
976 4021 1016 4069 ex
1037 4000 1188 4086 predictis
1212 4001 1252 4067 da
1273 4006 1378 4068 cetero
1404 3999 1438 4065 in
1459 4000 1565 4083 aliqua
1592 3999 1754 4086 recipient,
1780 4002 1896 4071 retine·

351 4099 431 4169 bont
449 4106 509 4169 aut
528 4101 691 4170 habebunt
710 4102 822 4186 afficio,
845 4105 937 4171 iaxta
953 4103 1085 4178 formam
1106 4104 1247 4180 Ecclesia
1268 4102 1387 4170 fuerint
1408 4101 1554 4170 absoluti.

437 4203 499 4271 'De
518 4208 724 4271 mantas
743 4211 950 4273 schamam.
994 4207 1151 4293 Perpetuo
1168 4206 1368 4292 prohibemus
1390 4204 1504 4287 edicto,
1527 4207 1612 4290 quod
1632 4207 1824 4276 schismatici
1845 4227 1895 4275 so·

350 4305 496 4375 cerdotes
516 4305 550 4375 in
571 4309 665 4375 terris
687 4316 794 4377 nosue
816 4310 982 4394 legationis
1003 4310 1140 4379 officime
1161 4310 1308 4378 acoiaeias
1329 4327 1391 4376 non
1411 4308 1566 4391 mirantur,
1590 4329 1647 4378 naa
1668 4312 1897 4396 permittantur

352 4409 469 4478 habere
489 4409 540 4477 vel
560 4409 706 4478 edificare
725 4411 845 4497 absque
865 4412 1113 4496 diocesanorom,
1134 4415 1167 4480 in
1189 4431 1322 4498 quorum
1352 4411 1527 4478 dioccsibus
1552 4411 1603 4479 vel
1628 4412 1895 4482 iurisdictionibus

351 4518 595 4595 commorantur,
629 4512 757 4581 lieentia
788 4521 822 4581 et
856 4534 1009 4582 consenso
1040 4534 1122 4582 nova
1147 4515 1287 4582 oratoria
1312 4514 1362 4580 vel
1391 4513 1537 4598 capellas,
1566 4521 1599 4581 et
1624 4514 1813 4584 Christianis
1839 4537 1896 4586 nac

350 4615 558 4684 schismaticis
579 4615 758 4683 ministrare
779 4618 993 4686 aeclesiastica
1013 4617 1224 4687 Sacramerm
1268 4617 1395 4702 ipsique
1416 4615 1590 4683 Christiani
1610 4619 1836 4702 prohibeantur
1849 4622 1896 4688 di·

349 4718 491 4786 strictius
511 4718 649 4802 ipsorum
670 4719 938 4788 schismaticorum
957 4720 1061 4789 officia
1080 4720 1190 4788 audire
1218 4720 1268 4787 vel
1294 4720 1336 4788 ad
1356 4738 1395 4788 aa
1414 4719 1571 4802 accelera
1593 4727 1650 4787 aut
1669 4721 1710 4789 ab
1729 4725 1776 4790 eis
1797 4725 1894 4793 etiam

350 4821 457 4904 aliqua
477 4820 615 4905 recipere
637 4819 848 4890 Sacramenta
892 4826 920 4890 A
942 4824 1057 4909 quibus
1077 4825 1170 4892 dictis
1191 4822 1336 4890 omnibus
1356 4822 1548 4890 schismatici
1575 4842 1632 4907 per
1660 4843 1824 4896 censuram
1845 4847 1896 4897 ec·

352 4922 557 4990 clesiasticam
579 4930 755 5007 moeaotirr,
777 4945 873 5010 quam
894 4927 922 4994 si
944 4926 1025 4995 iarte
1046 4927 1302 5012 contempserint,
1324 4944 1381 5012 per
1401 4925 1542 4993 seculare
1562 4924 1724 4996 brachium
1742 4931 1896 4999 atalibus

351 5030 596 5112 compescuntur.

454 5133 501 5194 Be
518 5135 598 5194 merri
615 5137 730 5210 poprdo
753 5137 929 5198 charliaco.
974 5133 1018 5199 Et
1037 5133 1112 5218 qnia
1139 5134 1226 5217 pium
1252 5138 1312 5215 cst,
1335 5132 1397 5198 imo
1421 5130 1562 5199 debitum
1589 5136 1674 5200 omni
1704 5134 1895 5220 Christiano,

351 5238 383 5298 et
402 5231 550 5317 precipua
572 5232 605 5299 in
623 5234 808 5302 moealotali
832 5236 1004 5302 constituto
1025 5235 1143 5317 ordine,
1167 5254 1224 5320 pro
1246 5253 1368 5303 sommo
1389 5233 1547 5319 pontifico,
1569 5237 1625 5319 qui
1647 5243 1742 5321 capnt
1762 5247 1812 5305 ast
1826 5240 1895 5305 uni·

356 5335 484 5404 rumhs
503 5334 643 5404 Ecclesia
663 5341 698 5403 ot
717 5345 821 5405 rector
839 5339 945 5425 populi
969 5337 1150 5422 Christiani,
1171 5337 1213 5407 ad
1235 5337 1335 5406 Deam
1357 5357 1465 5424 procus
1486 5338 1535 5406 vol
1553 5341 1711 5409 orationes
1725 5340 1893 5426 offundere,
