4476 6180
1740 301 1814 376 401

272 500 539 575 oontirmntiouem
561 523 652 571 suam
674 522 709 572 so
736 502 776 572 do
803 500 866 568 biis
894 499 1130 584 quomodolibet
1157 500 1381 569 intromittunt
1437 499 1694 571 Gonmudlotores
1721 507 1819 581 (eta).

273 608 391 678 Datum
409 606 555 694 Lugduni
575 605 652 676 xvi
673 605 833 676 mendas
854 602 1030 687 Februarii,
1049 603 1252 690 pontificatus
1272 603 1375 673 nostri
1394 622 1478 673 nuno
1498 605 1646 675 seeundo

940 903 1015 990 m.
1046 862 1160 988 45⁷:

376 1102 572 1208 Gregorius
598 1100 1013 1208 Ppli12751lobr.
1039 1104 1088 1196 Β,
1113 1098 1303 1203 Lugdunit
1332 1117 1499 1188 ooufirmnt
1525 1117 1726 1187 deustionem
1755 1117 1820 1185 500

275 1245 456 1297 mansorum
479 1225 728 1310 eireu'stnguum
754 1223 930 1293 Hisbitsmo
955 1220 1152 1304 aliorumque
1179 1225 1362 1305 stagnorum
1387 1226 1423 1290 et
1449 1220 1537 1290 fluvii
1558 1220 1640 1304 Pila,
1662 1221 1820 1307 quondam

273 1331 346 1403 ab.
368 1349 411 1398 m.
429 1327 605 1396 wladislao
626 1328 705 1397 duee
726 1327 874 1395 Poloniao
895 1324 1006 1393 Ordiui
1027 1341 1054 1392 s.
1076 1323 1198 1392 Marino
1219 1321 1483 1393 ‘lboutonirorum
1504 1323 1631 1394 misen

292 1437 294 1440 ’
376 1438 516 1513 Pernam.
542 1437 660 1514 orygis
686 1453 709 1498 a
734 1432 858 1514 liorem
884 1449 928 1496 nn
952 1431 1073 1496 otmari
1093 1430 1247 1508 jeroam
1274 1433 1456 1510 oyptoniui.
1479 1435 1706 1512 przgmierzouo
1725 1429 1821 1495 belim

274 1536 445 1625 Gregorius
465 1535 523 1621 Pp.
545 1534 585 1603 X.

297 1696 299 1698 ,
376 1641 573 1721 myrteto.
618 1641 735 1720 Komoi
759 1641 864 1704 Stuott
885 1639 1002 1702 Arubio.

377 1845 550 1931 Gregorius
570 1845 734 1930 opiscopus
755 1862 864 1912 servus
884 1860 1045 1910 sorvorum
1067 1840 1136 1925 Dei,
1155 1841 1408 1911 dileetistiliis..
1430 1844 1609 1930 preoeptori
1623 1851 1657 1913 et
1669 1845 1821 1915 bomem

276 1947 452 2036 Hospitalis
473 1952 581 2016 sancte
599 1946 702 2016 Mario
721 1945 985 2015 'l’beutonioorum
1005 1946 1039 2013 in
1059 1944 1189 2013 Prussia
1209 1945 1344 2014 sulutem
1364 1947 1618 2032 etapostolioam
1631 1947 1821 2018 benedictio·

277 2072 356 2122 nem
402 2050 482 2120 (ium
503 2051 635 2120 anobis
656 2051 777 2135 petitur
798 2048 882 2135 quod
903 2049 1022 2117 iustum
1039 2054 1090 2116 est
1110 2054 1144 2116 et
1164 2046 1341 2132 honestum,
1364 2055 1429 2118 tam
1450 2051 1540 2136 vigor
1552 2049 1704 2137 equitatis
1725 2069 1820 2134 quam

279 2156 354 2226 ordo
376 2155 475 2242 exigit
495 2155 637 2237 rebonis,
664 2159 702 2221 ut
721 2153 755 2220 id
776 2173 832 2238 per
852 2152 1095 2221 sollicitudinem
1123 2149 1218 2219 officii
1246 2153 1349 2219 nostri
1377 2153 1417 2221 ad
1443 2153 1584 2221 debitum
1614 2153 1821 2239 perduramus

278 2259 431 2328 effoetum.
475 2257 626 2325 Eambita
655 2255 809 2341 siquidem
835 2254 924 2324 uobis
954 2258 1059 2322 vostra
1086 2253 1199 2337 petitio
1227 2253 1419 2338 mutinobat,
1449 2254 1533 2341 quod
1559 2256 1641 2324 bone
1671 2257 1822 2326 memorie

279 2361 473 2431 Wolotslsns
493 2361 558 2427 dux
587 2359 716 2428 Polouie
738 2359 865 2444 cupiens
886 2363 1012 2436 terrem
1029 2357 1063 2422 iu
1083 2355 1213 2424 celestis
1231 2353 1315 2425 felini
1338 2360 1522 2428 mmmeroio
1544 2366 1746 2443 commutare,
1768 2379 1822 2428 vo·

279 2465 326 2533 bls
347 2469 382 2533 et
402 2463 513 2533 Oruini
538 2469 645 2530 uestro
674 2465 861 2548 quingentos
886 2476 1011 2528 mansos
1040 2458 1125 2527 eires
1153 2465 1300 2544 stagnum
1327 2460 1503 2530 Hisbitsma
1532 2482 1590 2531 neo
1616 2483 1681 2530 nou
1703 2469 1738 2532 et
1757 2463 1822 2534 alia

280 2575 394 2655 stagna
413 2567 461 2634 illi
483 2566 669 2647 adiacentis,
692 2570 727 2633 et
746 2563 875 2631 fluvium
895 2551 1020 2630 nomine
1039 2560 1119 2646 Pylu
1139 2579 1178 2628 en
1198 2561 1310 2630 eodem
1328 2570 1442 2650 stagno
1462 2564 1638 2634 Hisbitsme
1662 2565 1821 2651 fluentem,

280 2671 320 2739 ud
338 2689 411 2740 eum
432 2669 619 2755 spectantis,
642 2686 713 2735 oum
734 2665 878 2734 omuibus
898 2663 1098 2733 libertatibus
1119 2669 1153 2732 et
1172 2664 1424 2735 immunitatibus
1448 2687 1487 2737 uo
1513 2669 1634 2738 iuribus
1662 2675 1697 2737 et
1724 2670 1823 2756 perti·

279 2776 394 2845 uentiis
413 2773 581 2843 eorundem
603 2771 691 2842 vobis
713 2771 847 2841 eontulit
867 2769 985 2838 iutuitu
1005 2769 1144 2854 pietatis,
1167 2775 1262 2853 pmut
1282 2770 1316 2837 in
1338 2770 1454 2839 litteris
1474 2772 1548 2841 inde
1579 2771 1729 2841 conseatis
1749 2791 1823 2842 suo·

280 2897 340 2964 que
360 2877 464 2964 sigillo
483 2876 613 2943 munitis
633 2875 756 2960 plenius
777 2873 893 2941 dieitur
912 2873 1074 2940 eoubueri
1118 2872 1186 2939 Nos
1207 2873 1317 2958 itaque
1338 2875 1452 2943 vestris
1473 2874 1754 2965 supplicationibus
1775 2875 1823 2942 in·
1947 2959 1950 2962 ⁴

280 2980 398 3064 obusti,
420 2979 504 3066 quod
522 2998 616 3063 super
634 2978 694 3047 hoo
714 2977 755 3046 ab
776 2977 885 3045 eodem
903 2976 982 3044 duee
1003 2976 1053 3061 pie
1074 2995 1111 3044 so
1141 2976 1269 3062 provide
1299 2976 1417 3046 fectum
1440 2984 1490 3046 est
1517 2987 1624 3046 ratum
1644 2982 1680 3047 et
1698 2977 1823 3046 firmum

281 3085 443 3168 babentes
465 3083 498 3150 id
520 3081 710 3151 auctoritate
727 3079 901 3165 apostolius
922 3078 1139 3148 ooufirmamus
1153 3084 1187 3147 et
1200 3081 1357 3164 presentis
1371 3081 1481 3166 scripti
1495 3082 1671 3168 prunonio
1685 3098 1823 3149 eommu-

182 3213 192 3223 ·
282 3188 393 3255 nimus.
436 3185 526 3254 Nulli
545 3203 618 3269 ergo
637 3183 764 3251 omnino
784 3182 875 3269 (eto).
919 3181 1042 3268 Siquis
1062 3187 1169 3252 sutem
1190 3182 1282 3270 (eto).
1325 3184 1446 3255 Dutum
1473 3184 1620 3272 Lugduni
1641 3183 1743 3254 Nonis
1763 3184 1824 3254 Fo-

281 3289 409 3375 imarii,
430 3287 633 3376 pontifiuatus
654 3286 757 3356 nostri
774 3305 857 3356 auno
879 3286 984 3355 ternio.
1536 3279 1539 3288 ’

384 3492 538 3581 Stagnum
555 3492 742 3576 Hisbitsma,
763 3513 784 3558 ι
803 3496 967 3560 mosomo
988 3489 1165 3574 Moeno
1188 3497 1253 3563 See.
1297 3493 1388 3562 Fluu.
1409 3493 1498 3580 Pyle,
1525 3499 1651 3563 zoom
1681 3498 1749 3563 Pilo
1776 3499 1823 3564 rt

947 3790 1022 3878 Nu.
1058 3786 1158 3878 458.
1271 3834 1275 3841 ,

386 3990 543 4076 Promisi
570 3990 648 4073 dux
673 3990 821 4073 Polouie
847 3993 981 4071 1275
1006 3987 1094 4092 apr.
1121 3994 1164 4088 7,
1196 3989 1239 4072 iu
1266 3988 1488 4090 trabernas
1501 4008 1610 4078 omiti
1628 4008 1759 4079 illone
1773 4030 1826 4079 vo

284 4113 389 4182 ustori
409 4112 614 4284 il’ozdrinm'teusi
636 4110 841 4180 hereditatem
860 4110 982 4197 Gostyri
1004 4116 1115 4180 contra
1140 4112 1324 4196 petitionem
1351 4113 1475 4182 eomitis
1500 4112 1643 4183 Mstbise
1669 4114 1710 4184 oo
1730 4115 1826 4186 Pote-

283 4235 371 4302 mo
390 4235 553 4386 {gorgo
574 4322 613 4384 Χ.
629 4321 667 4383 Χ.
695 4318 931 4398 Ozortorgrlicb.
964 4318 1283 4386 scireburnensem.
1305 4323 1423 4400 (Kopio
1443 4324 1642 4401 :eruginata
1660 4323 1825 4409 mojdupp·

286 4441 358 4505 otoo
379 4429 424 4511 ris
442 4423 570 4505 niegdyi
590 4445 618 4486 ru
639 4426 768 4488 Arcltim
796 4421 904 4486 Gto‘rort
926 4442 952 4483 w
978 4422 1168 4497 Warszamre,
1189 4421 1352 4503 stibrene
1373 4424 1479 4488 bro-ilo
1496 4427 1655 4510 pieczfoi).

388 4627 426 4695 Iu
447 4629 573 4696 nomine
593 4628 720 4696 Domini
743 4647 843 4695 omen.
873 4625 1025 4707 Quoniam
1046 4627 1205 4708 generatio
1226 4630 1360 4712 proterit
1381 4635 1414 4697 et
1433 4629 1595 4714 generatio
1604 4629 1747 4713 'advenit
1769 4648 1827 4699 neo

286 4738 336 4802 est
355 4733 523 4818 quicquam
542 4733 601 4800 sub
621 4732 687 4800 sole
708 4732 792 4816 quoi
811 4730 924 4798 stabile
947 4729 1045 4814 possit
1065 4747 1102 4795 ao
1121 4748 1306 4813 permanens
1328 4733 1468 4817 inveniri,
1490 4752 1531 4801 uo
1546 4734 1728 4801 mortalium
1743 4731 1828 4803 iacta

286 4836 381 4921 (ligus
402 4836 646 4903 eommoudnmle
666 4835 817 4902 memorio
838 4832 999 4900 oblivionis
1021 4831 1187 4899 ‹liserimon
1208 4835 1333 4902 vnlonut
1347 4837 1515 4918 incurrere,
1536 4843 1680 4904 veterum
1699 4836 1828 4922 provido

288 4937 426 5023 providit
445 4938 610 5019 industrie,
633 4939 842 5023 seriptotauus
864 4955 902 5003 oa
922 4936 1016 5017 longa
1036 4935 1069 4999 iu
1091 4941 1232 5018 tempora
1252 4938 1397 5004 solidare.
1441 4938 1562 5006 Noseat
1587 4940 1685 5024 igibrr
1706 4938 1828 5007 molior·

288 5060 401 5109 uorum
422 5060 460 5109 so
478 5041 654 5107 futurorum
676 5042 814 5119 lirlolium
837 5039 1032 5118 universitas,
1062 5038 1146 5121 quod
1174 5058 1279 5107 eornm
1306 5041 1396 5107 nobis
1421 5041 1615 5111 Premislouo
1644 5042 1702 5110 Ilei
1724 5041 1829 5126 gratis

288 5144 368 5213 (lues
387 5142 527 5225 Polouie,
549 5163 652 5211 contos
674 5145 812 5212 liutbius
834 5145 873 5212 ulo
893 5143 1039 5224 l‘osugow
1061 5142 1206 5209 mmmm
1235 5143 1400 5211 Nieoluum
1428 5151 1609 5213 venatorem
1635 5145 1828 5212 I'ozuumien·

290 5266 355 5315 sem
376 5246 417 5315 ‹le
438 5246 613 5315 berolitetr
634 5265 695 5332 qno
716 5249 851 5317 (lostinn
871 5245 1041 5330 vulgariter
1063 5254 1260 5333 nuncupatur
1281 5254 1398 5317 temere
1411 5248 1535 5317 monuit
1547 5268 1587 5317 ao
1601 5249 1737 5333 indiguo,
1759 5249 1829 5318 uul-

1637 5371 1670 5426 bl
