4860 6180
999 949 1074 1033 Nc.
1106 945 1206 1033 590.
1254 939 1415 1051 (liiii-i

533 1144 770 1229 Wiucencius
798 1145 997 1229 daemona.
1024 1145 1321 1249 archiepiscopus
1347 1152 1485 1226 1222
1519 1145 1593 1229 Iul.
1623 1149 1710 1240 20,
1743 1145 1786 1228 lu
1822 1144 1986 1247 duosam

431 1264 869 1354 commodarumque
890 1269 1116 1336 monasterium
1137 1267 1177 1333 de
1198 1267 1310 1333 heleno
1333 1272 1473 1351 tempore
1493 1267 1545 1332 sui
1567 1264 1766 1350 praesulatus
1793 1265 1985 1349 possidebat,

431 1373 465 1436 et
485 1368 588 1453 ipsum
608 1371 835 1439 monasterium
856 1369 916 1437 sub
937 1369 1147 1453 patrocinium
1167 1368 1253 1435 beati
1271 1368 1438 1438 Adalborti
1459 1368 1601 1452 suscipit

538 1474 735 1553 ilamensi
755 1479 871 1554 crespio.
896 1477 1121 1554 poteierdzony
1139 1491 1251 1552 przez:
1271 1470 1462 1538 Benedictus
1483 1470 1523 1537 de
1545 1470 1655 1537 bledla
1682 1469 1851 1537 canonicus
1880 1475 1914 1536 et
1941 1471 1988 1538 ri·

432 1573 535 1641 carius
556 1572 589 1639 in
612 1573 828 1658 spiritualibus
851 1592 888 1642 uc
909 1574 1051 1642 ciliciolis
1072 1573 1227 1658 peremtis
1249 1579 1309 1640 etc.
1327 1573 1410 1638 loco
1428 1572 1495 1639 Iun
1511 1573 1563 1654 22,
1588 1572 1725 1653 Gneaue,
1750 1595 1777 1635 so
1795 1578 1987 1652 perpensare

433 1682 564 1759 moer,
591 1699 672 1758 [ηιμ
694 1678 811 1758 lto'rym
838 1681 936 1760 presby
962 1699 1056 1743 araur
1081 1683 1144 1743 nici
1168 1679 1319 1756 jedonabn.
1349 1676 1456 1742 ro'tooo.
1477 1683 1490 1740 i
1510 1696 1654 1741 cremore
1684 1680 1726 1740 od
1748 1675 1990 1757 przyocc'eszonlj

432 1781 559 1862 nicode}
576 1786 721 1868 pieczfoi.
772 1785 811 1844 W
829 1783 929 1847 lemica
950 1785 1024 1847 obolo
1045 1781 1280 1847 oioiodozem'o:
1301 1778 1407 1847 Iacobi
1427 1778 1549 1845 Mathia
1570 1777 1611 1844 de
1630 1776 1780 1846 Lancicia
1793 1778 1910 1862 publici
1925 1784 1987 1846 ete.

433 1884 548 1951 netuli
567 1889 643 1966 eta,
667 1887 755 1948 Zocok
769 1891 855 1965 troci
876 1885 1085 1966 norpeoooonp.
1564 1888 1567 1892 ’

542 1988 738 2073 quroniec.
782 1991 902 2053 Arcum
924 1993 1108 2053 momenti.
1154 1990 1331 2067 diplomata

535 2190 574 2259 ln
600 2191 727 2260 nonrine
754 2200 864 2262 sancte
894 2197 929 2260 et
957 2191 1117 2259 individue
1145 2192 1311 2259 Trinitatis
1336 2210 1438 2259 amen
1482 2188 1551 2274 sno
1573 2188 1776 2257 Wincencius
1801 2187 1862 2257 Dei
1880 2191 1988 2274 gracia

373 2306 376 2311 '
434 2294 627 2364 Gneunensis
647 2297 911 2382 archiepiscopus,
934 2295 1221 2364 christifidelibus
1242 2301 1306 2363 tarn
1329 2293 1527 2381 presentibus
1547 2311 1644 2376 quam
1665 2291 1781 2360 iuturis
1802 2293 1937 2361 salutern
1952 2295 1986 2361 iu

433 2405 628 2483 perpetuum
673 2398 820 2466 Omnium
842 2400 968 2483 quidem
989 2398 1127 2466 filiorum
1156 2406 1336 2467 nostrorum
1366 2397 1565 2465 devotionem
1591 2400 1724 2480 paterno
1746 2401 1842 2480 prout
1867 2397 1988 2465 iustum

433 2506 483 2569 αἱ
503 2498 620 2569 affectu
640 2502 870 2587 amplectimur,
892 2521 1001 2569 uerum
1022 2521 1077 2570 eos
1098 2502 1152 2586 qui
1180 2501 1281 2569 divini
1303 2501 1419 2569 amoris
1440 2498 1662 2584 ignesulidius
1676 2497 1925 2567 flammescentes
1938 2518 1989 2568 re·

432 2602 542 2689 ligiose
567 2603 829 2689 durannum
857 2605 988 2690 eligunt,
1021 2604 1149 2690 speciali
1175 2603 1277 2671 nostn
1305 2603 1422 2671 amoris
1452 2601 1569 2669 affectu
1597 2620 1635 2669 ac
1661 2601 1856 2685 diligenciori
1883 2601 1985 2669 nostri

432 2707 612 2790 presulatus
633 2707 769 2791 presidio
792 2712 881 2774 tauto
903 2707 1061 2792 digniores
1082 2706 1276 2789 estimamm,
1301 2725 1364 2791 quo
1386 2704 1591 2772 excedentius
1612 2704 1699 2788 ipsos
1718 2705 1804 2789 apud
1819 2703 1988 2772 Domuum

432 2809 532 2895 glorie
552 2815 661 2877 nostre
681 2827 828 2877 coronam
851 2829 920 2878 esse
941 2808 1134 2877 confidimns
1178 2808 1301 2877 Horum
1322 2827 1397 2893 ergo
1424 2813 1576 2892 perpetue
1601 2808 1673 2891 paci
1702 2815 1736 2874 et
1761 2808 1988 2890 tranquillitati

433 2911 621 2996 prospicere,
643 2931 701 2980 nos
720 2918 786 2980 tarn
808 2918 943 2997 paterna
964 2911 1143 2979 sollicitudo
1164 2930 1260 2996 quam
1279 2911 1351 2996 ipsa
1376 2911 1501 2979 iusticie
1530 2910 1713 2978 medullitus
1742 2907 1917 2976 inflammat
1938 2929 1989 2977 ra·
2117 2945 2119 2948 >

433 3013 497 3096 cio;
519 3018 557 3082 ut
577 3013 724 3082 uidelicet
744 3020 865 3099 quanto
887 3015 1038 3099 quieoins,
1061 3019 1152 3081 muto
1175 3022 1210 3082 et
1229 3014 1403 3081 studiosius
1422 3012 1536 3080 diuinis
1554 3013 1655 3080 dediti
1676 3013 1826 3094 serviciis,
1849 3030 1988 3080 mmanu-

433 3117 484 3184 nis
504 3116 618 3183 salutis
639 3115 778 3184 militent
798 3115 1000 3199 profectibus.
1031 3116 1108 3184 Inde
1130 3116 1286 3202 estquod
1308 3121 1374 3183 tarn
1395 3115 1594 3200 presentibus
1615 3134 1712 3199 quam
1734 3113 1850 3182 lutaris
1872 3121 1987 3183 notum
2022 3176 2027 3184 .

433 3235 502 3286 esse
522 3218 677 3301 volumus,
700 3218 850 3287 dilectum
867 3218 968 3287 filium
989 3226 1133 3287 nostrum
1154 3219 1328 3287 Henriourn
1349 3219 1496 3286 abbatem
1517 3218 1629 3285 domus
1652 3217 1837 3301 Lugnensis,
1860 3217 1988 3285 Ordirds

405 3335 414 3347 ·
435 3320 671 3405 cysterciensis,
694 3340 800 3388 caram
821 3321 912 3389 nobis
934 3329 967 3389 et
988 3329 1145 3389 conventu
1166 3322 1301 3389 fratrum
1323 3328 1503 3388 nostrorum
1526 3320 1561 3387 in
1575 3319 1707 3386 ecclesia
1721 3318 1900 3386 Gneznensi
1915 3337 1988 3386 con·

434 3422 608 3506 obtenoenr,
631 3443 688 3508 pro
710 3423 950 3491 confirmacione
971 3424 1164 3491 decimarum
1186 3425 1316 3492 ecclesie
1333 3442 1400 3506 sue,
1418 3441 1499 3507 quas
1521 3423 1625 3489 tenuit
1652 3422 1735 3488 iuste
1756 3427 1906 3489 anostra
1928 3420 1988 3489 Ca·

434 3525 589 3610 pitulique
610 3526 710 3592 nostri
729 3527 929 3608 auctoritate,
951 3526 1064 3594 devote
1083 3528 1306 3612 humiliterque
1327 3527 1566 3611 supplicantem,
1590 3525 1636 3592 sic
1651 3530 1717 3592 mon
1732 3528 1842 3591 umbro
1857 3541 1988 3591 osseum

434 3645 530 3712 quem
552 3626 691 3713 Capituli
713 3630 814 3695 nostri
835 3627 942 3696 favore
963 3629 1077 3712 potitis
1099 3631 1250 3712 unanimi,
1274 3631 1358 3697 iuste
1380 3628 1546 3713 peticionis
1566 3626 1681 3694 ellectu
1694 3627 1856 3694 meruisse.
1887 3626 1989 3710 Igitur
2022 3678 2024 3683 .

434 3728 581 3814 decimes,
602 3749 806 3816 quascunque
826 3732 976 3799 mnditia
997 3732 1132 3800 ecclesia
1153 3732 1329 3817 Lugnensis
1351 3751 1451 3816 usque
1472 3731 1514 3798 ad
1534 3730 1715 3816 presulatus
1729 3729 1831 3797 nostri
1845 3734 1989 3814 tempora

435 3833 584 3902 monice
603 3851 641 3902 sc
662 3833 816 3918 legittime
835 3834 948 3916 tenuit,
970 3834 1078 3901 firmas
1099 3835 1160 3919 ipsi
1181 3836 1311 3903 ecclesie
1332 3835 1472 3903 illibatas
1493 3835 1657 3919 perpetuis
1670 3852 1854 3918 permanere
1867 3840 1989 3918 tempo·

436 3933 524 4002 rubus
544 3954 583 4004 ea
603 3954 667 4021 qua
687 3936 849 4021 fungimur
869 3938 1060 4005 auctoritate
1081 3937 1286 4005 decernimus
1329 3939 1374 4006 Et
1394 3939 1434 4006 de
1454 3937 1635 4005 nemoribus
1657 3943 1690 4004 et
1719 3937 1807 4003 silvis
1827 3937 1861 4003 in
1882 3944 1989 4021 poste·

324 4046 330 4054 '
435 4057 507 4106 rum
527 4038 714 4120 excolendis,
737 4057 801 4106 una
819 4041 990 4125 eademque
1012 4041 1173 4109 macentia
1193 4041 1327 4124 intelligi
1348 4040 1442 4108 debet
1463 4059 1525 4125 que
1546 4040 1586 4107 de
1607 4039 1737 4106 decimis
1759 4040 1912 4123 premissa
1926 4048 1986 4123 est,
2125 4100 2128 4106 r

436 4140 512 4223 quia
531 4146 633 4208 toturn
656 4141 741 4225 quod
763 4143 864 4208 nostri
885 4142 964 4208 iuris
982 4160 1051 4210 esse
1072 4145 1199 4227 poterit,
1222 4144 1385 4210 liberatori
1407 4143 1583 4210 animarum
1606 4149 1785 4209 nostrarum
1800 4142 1989 4209 conferimus

436 4247 471 4309 et
489 4242 597 4311 usibus
619 4242 765 4325 fratrum,
784 4252 821 4311 ut
842 4244 994 4312 bonarum
1014 4246 1174 4312 actionum
1196 4247 1335 4330 ipsorum
1351 4247 1521 4330 participes
1544 4246 1750 4312 inveniamur.
1781 4244 1826 4312 Et
1841 4246 1898 4312 hec
1912 4252 1988 4313 suut

437 4344 563 4411 nomina
583 4345 796 4413 hereticorum
818 4346 994 4430 dequibus
1016 4347 1123 4414 eodem
1142 4347 1261 4415 decime
1282 4350 1479 4433 proveniunt,
1506 4367 1568 4430 quo
1593 4349 1728 4431 propriis
1749 4348 1909 4415 uocabulis
1931 4347 1989 4413 du-

438 4448 539 4514 ximus
557 4449 772 4531 exprimcnda:
797 4449 970 4531 Bartozege
991 4449 1111 4515 scilicet
1133 4448 1268 4535 Slospni,
1290 4452 1457 4533 scenos-0,
1489 4451 1707 4530 Dambrouici,
1736 4449 1890 4533 Golanch,
1920 4451 1989 4517 Sla-

437 4550 553 4633 cbouo,
582 4551 771 4632 Dauuboae,
802 4551 972 4632 Oolruaino,
1001 4551 1209 4635 Moruchouu,
1244 4554 1407 4634 nucoouo,
1434 4553 1647 4635 Bliselrowico,
1677 4553 1804 4634 Olesno,
1835 4553 1987 4638 Pangron

438 4652 643 4734 Gosuausane,
667 4653 798 4731 Canino,
823 4653 1006 4737 Coprivnnd,
1030 4653 1222 4736 Chimolino,
1246 4655 1410 4737 Cumanae,
1435 4654 1565 4736 Crosrro,
1594 4654 1696 4721 forum
1720 4655 1752 4720 in
1772 4655 1893 4738 Lugdu,
1920 4657 1988 4725 blo-

437 4756 755 4839 morronssrpilzslro,
779 4756 1087 4839 Ztrussowc,1nsis.
1134 4757 1281 4824 Psctcrca
1304 4759 1396 4824 iustis
1422 4757 1693 4842 postulationibus
1721 4757 1837 4840 prolati
1862 4759 1988 4826 abbatis

438 4857 489 4941 pie
510 4865 693 4938 annuentes,
716 4858 883 4940 Luporouse
904 4858 1066 4926 cenobium
1090 4878 1161 4925 cnm
1180 4861 1330 4942 prorsorris,
1351 4861 1444 4927 rubus
1458 4865 1491 4927 et
1504 4860 1763 4944 possessionibus,
1786 4879 1989 4944 quascunque

438 4961 470 5025 iu
491 4963 720 5044 presenciarum
741 4962 823 5027 iusto
845 4960 984 5044 possidet
1007 4961 1054 5026 vel
1077 4961 1161 5026 inusto
1184 4962 1277 5027 titulo
1300 4962 1454 5046 iustisque
1481 4962 1582 5028 oratis
1608 4963 1753 5045 aquirere
1779 4964 1907 5046 putarit,
1929 4962 1988 5031 sub

438 5063 610 5147 patrocinio
633 5065 716 5130 beuti
739 5064 903 5130 lisirdborti
925 5070 959 5129 ot
980 5071 1087 5129 nostru
1109 5063 1298 5130 ‹lciorrsionis
1319 5072 1416 5147 atquo
1437 5065 1640 5132 ecclosiastioi
1662 5065 1843 5131 muniminis
1865 5071 1988 5149 protec-

438 5167 527 5232 ciono
547 5167 743 5249 srcsoipinrus,
766 5185 950 5249 rrrrrucurquo
974 5167 1122 5232 iniustam
1154 5168 1356 5248 intrusionem,
1386 5168 1569 5234 violenciam
1594 5175 1628 5232 ct
1656 5167 1989 5251 oppressionemque

438 5287 630 5354 mmcuuquc
652 5271 815 5350 oriciorum,
839 5290 896 5355 por
916 5270 1129 5336 ecclesiastice
1151 5269 1361 5336 districciouis
1383 5270 1570 5335 seutentiam
1597 5268 1638 5334 ab
1659 5268 1737 5352 ipsis
1763 5270 1987 5354 propulsando.

438 5370 486 5436 Ut
506 5371 603 5453 igitur
623 5371 681 5439 luc
703 5373 808 5438 onoma
830 5379 901 5439 ratu
923 5379 956 5438 ct
978 5374 1214 5455 inperpetuum
1237 5373 1420 5439 irreorrculsa
1445 5378 1658 5456 promeruerant,
1681 5392 1809 5456 precone
1834 5375 1987 5458 scriptum

438 5474 538 5540 nostri
560 5480 593 5541 et
613 5474 749 5558 Carpituli
772 5476 946 5558 sigillonem
969 5476 1160 5558 appensione
1181 5477 1419 5558 oonrrnunimus,
1448 5495 1533 5558 quyu
1555 5484 1589 5542 ot
1619 5476 1756 5542 vimnau
1778 5477 1915 5543 iiclodiuur
1938 5482 1988 5543 at·

439 5578 611 5647 testaceiouc
633 5578 823 5658 roboramus,
847 5598 980 5662 quonum
1011 5579 1067 5643 locu
1089 5586 1164 5643 steort
1187 5579 1327 5646 arcontius:
1359 5578 1520 5662 tapnim
1548 5581 1648 5646 norim·
1676 5581 1864 5663 prepositus,
1897 5579 1987 5665 liuga
