4860 6180
1103 775 1179 862 Nc.
1211 768 1312 859 300.

536 970 693 1056 Promisi
720 975 798 1056 dux
823 971 974 1055 Palania
993 977 1137 1053 1252
1155 973 1292 1050 Mart.
1311 975 1382 1063 12,
1399 964 1442 1048 in
1459 964 1624 1065 Poannnp
1651 979 1765 1064 recipit
1791 975 1833 1043 ae
1860 977 1984 1059 petitos

433 1111 505 1161 nem
523 1093 707 1162 Theoderici
728 1095 871 1180 magistri
894 1093 1070 1179 Hospitalis
1091 1096 1125 1162 in
1146 1093 1285 1177 Parnoi,
1312 1093 1346 1158 in
1367 1090 1450 1158 villis
1469 1087 1607 1174 Ziclpcin
1628 1091 1662 1154 ct
1684 1083 1769 1151 Kolo
1789 1100 1983 1151 commoran-

433 1199 483 1264 tes
503 1196 537 1264 in
559 1215 647 1263 suam
673 1199 908 1281 protectionem

539 1301 676 1370 nomm.
721 1306 840 1370 Areae.
865 1306 1005 1384 acuat
1043 1301 1111 1370 no.
1129 1307 1229 1386 praete
1248 1306 1278 1370 n
1296 1321 1372 1385 pars
1391 1295 1461 1382 ada,
1478 1300 1531 1376 aa
1553 1298 1582 1360 a.

537 1504 670 1574 Promisi
699 1507 759 1575 Dei
784 1509 891 1594 procia
914 1508 980 1576 dax
1009 1509 1149 1593 Paionia,
1177 1510 1323 1578 omnibus
1344 1510 1378 1577 in
1401 1506 1548 1575 Zalocino
1568 1507 1603 1569 ct
1623 1499 1710 1568 Colo.
1723 1496 1986 1566 commorantibus

434 1609 540 1693 gracie
567 1627 623 1678 sne
651 1611 877 1695 plenitudinem
902 1620 936 1682 et
963 1631 1055 1680 omne
1084 1613 1210 1681 bonum.
1254 1612 1463 1681 Notiiicamus
1483 1607 1583 1688 robis,
1610 1603 1695 1689 quod
1716 1602 1757 1670 ob
1778 1599 1986 1686 reucrcpciam

433 1711 493 1779 Dei
516 1717 550 1781 et
570 1718 678 1781 sancte
700 1713 820 1797 crucis,
842 1717 882 1783 ad
897 1717 1082 1801 peticionem
1106 1723 1140 1785 et
1161 1717 1349 1785 instanciam
1372 1715 1487 1783 nobilis
1501 1711 1562 1778 uiri
1577 1707 1720 1793 magistri
1734 1703 1918 1773 lbeoelorici
1932 1703 1986 1770 do·

434 1835 505 1885 mus
535 1816 710 1901 Hospitalis
735 1820 776 1888 de
801 1821 937 1903 Poznan¹
965 1839 1020 1887 ros
1049 1828 1083 1888 ct
1111 1840 1219 1888 omncs
1249 1821 1291 1888 ad
1311 1839 1368 1889 vos
1387 1819 1581 1904 pertinentes
1603 1815 1636 1880 in
1658 1817 1801 1879 nostram
1821 1806 1987 1891 specialem

434 1919 602 2005 recipimus
620 1923 860 2005 promocionem,
890 1923 1086 1992 conferentes
1111 1925 1199 1992 vobis
1219 1946 1241 1992 a
1261 1923 1352 1991 nobis
1373 1929 1407 1991 ct
1428 1942 1448 1989 a
1471 1919 1588 1988 noenu
1610 1915 1756 1984 omnibus
1777 1909 1987 1979 omnimodam

434 2021 614 2091 libertatem
637 2029 671 2092 et
691 2026 903 2094 securitatem.
948 2026 985 2093 In
1008 2028 1097 2096 cuim
1118 2027 1164 2095 roi
1183 2027 1399 2095 testimonium
1421 2029 1599 2110 presentem
1621 2026 1764 2088 nostram
1777 2017 1919 2084 litteram
1933 2033 1987 2080 no·

323 2183 328 2192 .
433 2132 502 2194 otro
523 2125 626 2211 sigillo
648 2128 827 2196 roboratam
848 2130 936 2197 uobis
958 2131 1155 2212 conterimus,
1191 2131 1378 2199 mandantes
1398 2128 1516 2196 nostris
1537 2124 1693 2205 omnibus,
1715 2127 1753 2189 at
1773 2135 1829 2185 vos
1847 2119 1881 2184 in
1903 2116 1988 2184 nullo

433 2228 572 2297 audeant
591 2230 753 2314 impedire.
798 2231 832 2300 si
861 2233 933 2317 quis
959 2239 1066 2300 numm
1095 2252 1176 2301 ausu
1202 2235 1370 2302 temerario
1395 2250 1452 2300 ros
1478 2230 1511 2297 in
1538 2229 1646 2313 aliquo
1673 2231 1785 2294 centm
1806 2221 1988 2289 mandatum

434 2337 580 2399 nootnrrn
600 2334 770 2402 molestare
791 2336 1028 2421 presumpserit,
1051 2343 1203 2419 nostram,
1214 2337 1464 2421 indignacionem
1486 2333 1655 2400 nraximarn
1678 2336 1712 2396 et
1733 2345 1838 2394 rerum
1860 2343 1989 2392 suenum

433 2435 665 2504 ammissionem
684 2440 794 2522 procul
823 2441 908 2506 omni
934 2440 1028 2507 dubio
1050 2459 1085 2507 se
1107 2441 1230 2508 noverit
1251 2440 1460 2509 incursurum.
1505 2437 1623 2504 Datum
1646 2434 1680 2500 in
1701 2432 1828 2499 Poznan
1849 2430 1918 2513 ipso
1940 2428 1989 2494 die

434 2535 520 2606 beati
538 2538 683 2626 Gregorii
705 2560 788 2610 anno
805 2544 911 2628 gracie
932 2544 1099 2612 millesimo
1120 2543 1334 2612 ducentesimo
1356 2539 1616 2629 quinquagesimo
1638 2535 1786 2617 secundo,
1814 2531 1990 2599 indiccione

434 2641 566 2711 dodma

537 2848 696 2933 Zeiocina
720 2854 856 2940 Zlctpcia
901 2850 988 2931 Colo,
1015 2817 1104 2922 Kato.

1108 3151 1183 3238 Nc.
1215 3148 1317 3240 301.
1383 3197 1386 3200 >

536 3344 695 3430 Romal
723 3348 801 3430 dax
828 3347 979 3432 Palania
1016 3352 1151 3429 1252
1183 3370 1212 3432 s.
1239 3348 1284 3448 d,
1310 3348 1354 3431 in
1378 3343 1659 3446 Medwedieoiap
1685 3359 1808 3429 aaron
1837 3364 1991 3427 menaec-

432 3466 481 3534 rio
502 3467 543 3536 de
562 3466 675 3536 lamo
694 3468 787 3536 modo
816 3469 1071 3538 commutationis
1091 3470 1201 3538 villana
1222 3468 1401 3553 Werkorro,
1429 3467 1471 3536 ab
1493 3465 1604 3536 eodan
1624 3463 1764 3534 vicissim
1784 3462 1893 3531 rillarn
1916 3459 1992 3528 Kie-

433 3569 540 3638 drorro
567 3569 732 3656 accipiens
1587 3581 1588 3584 ’

537 3675 677 3753 Pernam.
699 3679 819 3756 eoppae.
865 3677 892 3740 Ζ
912 3673 1017 3741 cneco
1033 3679 1298 3757 przprricszoapcb
1315 3679 1494 3757 mente
1510 3677 1657 3759 pimpci
1676 3674 1816 3752 immiti?
1843 3672 1991 3750 ΖΡῙΜ·

436 3767 504 3853 szlj
522 3778 664 3862 ezczptcle
686 3778 819 3856 mabcpo
843 3796 959 3842 amara
985 3781 1161 3859 trasmae,
1188 3782 1416 3860 capimiaiepo
1430 3777 1595 3856 peceant«,
1621 3778 1880 3856 mmmmm
1899 3790 1991 3853 illm

436 3879 504 3944 aaa
524 3882 648 3966 acisclo
664 3897 868 3960 poprzcczrm
910 3883 1020 3960 Oneon
1049 3880 1123 3965 dudd
1145 3883 1256 3946 dobree
1280 3884 1475 3964 sociem,
1505 3882 1620 3967 lecipcio
1645 3881 1824 3957 masona,
1844 3878 1990 3958 prepote-

432 4000 528 4048 norm
547 4002 575 4045 rr
595 3980 699 4064 muno
719 3982 826 4062 mardi
847 4002 890 4048 aa
910 4001 1040 4048 amu
1057 3984 1179 4064 itatem
1200 3989 1213 4049 i
1233 4003 1425 4066 camme
1439 3985 1613 4064 jcdmobiea·
1631 3989 1781 4061 (pleozec
1806 3989 1905 4057 XVI)

536 4086 668 4152 Ranae.
712 4087 889 4152 Bibliotclca
933 4089 1074 4167 diploma
1093 4089 1147 4152 Nr.
1165 4089 1195 4152 3.

536 4289 575 4358 In
595 4291 722 4360 nomim
742 4290 838 4360 ihesu
861 4290 982 4360 Christi
1001 4311 1104 4361 amen.
1149 4293 1230 4374 Quia
1257 4291 1414 4376 manitas
1435 4292 1574 4362 humane
1594 4291 1787 4362 condicionis
1807 4309 1917 4360 ceram
1936 4305 1995 4373 qaae

432 4394 649 4480 temporaliter
676 4400 832 4480 geruntur
857 4395 1041 4463 memoriam
1067 4395 1121 4462 uix
1147 4401 1205 4462 ant
1229 4414 1302 4463 raro
1325 4395 1443 4464 cuffiam
1459 4395 1576 4464 lubere
1596 4397 1789 4477 matianum,
1820 4410 1993 4478 congraum

432 4495 559 4565 ridetur
572 4502 606 4565 et
626 4498 849 4580 necessaium,
875 4505 913 4565 nt
927 4515 965 4565 ee
988 4516 1050 4581 quc
1071 4497 1163 4564 firma
1179 4503 1213 4564 et
1234 4504 1387 4583 perpetua
1408 4498 1630 4567 desiderantur
1650 4498 1770 4580 haberi,
1785 4498 1906 4582 scripto
1931 4513 1993 4562 mc

431 4597 577 4667 morabili
604 4599 670 4668 sive
702 4600 884 4668 testimonio
907 4599 1064 4684 probabili
1095 4599 1338 4685 perhennentar.
1390 4601 1530 4686 Ideoque
1555 4620 1614 4669 nos
1639 4601 1773 4669 Promisi
1802 4600 1861 4668 Dei
1892 4596 1996 4684 praeit

432 4701 497 4770 dax
518 4703 649 4772 Polonie
678 4705 879 4790 presentibus
905 4712 939 4772 et
969 4704 1085 4772 laturis
1108 4709 1287 4789 presentem
1308 4704 1456 4790 manaen
1477 4705 1669 4790 inspecturis
1691 4710 1802 4773 notum
1820 4722 1890 4772 essa
1910 4701 1996 4769 uolu-

431 4824 513 4890 mus,
536 4808 621 4892 quod
642 4825 700 4892 pro
729 4808 896 4876 uoluntate
929 4813 1040 4876 nestra
1057 4828 1129 4877 curn
1152 4807 1323 4875 venerabili
1344 4808 1471 4877 domino
1492 4808 1590 4876 Petro
1611 4807 1727 4877 abbate
1749 4806 1870 4876 cenobii
1891 4807 1996 4874 beate·

430 4927 503 4977 ram
524 4910 745 4995 apostolorum
766 4911 854 4978 Petri
875 4917 909 4979 et
927 4911 1019 4980 Pauli
1041 4912 1073 4979 in
1096 4911 1210 4979 lelna
1230 4911 1271 4979 de
1291 4930 1448 4980 consensu
1468 4912 1609 4979 omnium
1640 4910 1774 4979 fratrum
1795 4910 1911 4978 ibidem
1932 4908 1997 4975 Dee

431 5013 642 5082 semicnciam
662 5014 944 5082 commutacionem
963 5034 1021 5099 pro
1043 5017 1119 5082 uilla
1141 5034 1203 5100 que
1226 5014 1351 5082 Cmdov
1370 5014 1489 5083 dicitnr
1509 5014 1650 5098 fecimus,
1671 5015 1781 5082 uillam
1802 5032 1865 5098 qne
1878 5011 1997 5080 Virlroa·

431 5123 567 5184 uocatur
586 5135 657 5186 cum
679 5117 826 5185 omnibus
847 5117 1041 5184 utilitatibus
1063 5137 1125 5202 quc
1145 5120 1179 5185 in
1202 5137 1240 5185 ca
1261 5137 1345 5185 nunc
1366 5123 1443 5185 sunt
1463 5118 1515 5186 vel
1536 5118 1571 5184 in
1592 5123 1755 5203 posterum
1768 5118 1893 5185 euenire
1911 5121 1997 5200 pote·

431 5223 511 5287 runt
528 5220 590 5289 sibi
614 5219 825 5304 conferentes,
844 5239 941 5304 quam
962 5221 1004 5288 ob
1022 5223 1233 5290 reverenciam
1256 5220 1371 5308 prelati
1394 5221 1513 5290 (lomim
1541 5221 1577 5290 P.
1600 5230 1635 5291 ct
1655 5222 1822 5292 beatorum
1842 5216 1997 5305 aposarle·

432 5340 503 5390 rutn
531 5324 737 5408 omniumque
766 5322 900 5392 batnon
928 5324 1044 5393 ibidem
1075 5325 1142 5393 Deo
1170 5324 1389 5407 sorvicncium,
1414 5327 1457 5393 ab
1485 5324 1633 5393 omnibns
1654 5324 1870 5394 exactionibus
1887 5321 1998 5408 quibus
