4860 6180
518 489 593 571 tao

516 696 611 765 buius
630 696 854 782 approbatione
876 697 1006 766 concilii
1027 699 1209 779 statuimus,
1232 697 1315 780 quod
1337 698 1427 765 iuxta
1446 699 1587 765 ordinem
1606 702 1640 765 et
1661 715 1779 764 morum
1794 696 1934 764 Feclesie
1948 700 2058 764 nancta
2205 760 2209 767 .

516 799 665 882 Romane,
686 800 800 885 singuli
821 801 999 868 sncenlotis
1020 802 1053 868 in
1075 799 1284 868 celebratione
1306 803 1471 868 nrissorum
1487 819 1615 868 suarum
1629 798 1796 882 sinonem
1811 800 1984 866 orationem
1999 818 2057 884 pro

516 902 586 987 ipae
607 922 727 971 summo
750 903 900 972 Pantilice
920 904 1045 985 iaciant,
1064 904 1210 970 videlicet
1231 903 1294 970 illis
1316 906 1510 988 temporibus
1539 909 1573 970 et
1597 901 1718 984 (liebus,
1745 902 1859 984 quibam
1887 902 2058 969 secundum

515 1024 635 1074 morem
655 1013 689 1074 et
709 1008 850 1075 orrlinenr
871 1008 1085 1091 supradictum
1106 1008 1264 1073 orationes
1282 1007 1363 1074 liunt
1383 1026 1441 1093 pra
1466 1007 1535 1092 ipso
1556 1005 1716 1090 speciales.
1760 1005 1882 1072 lustum
1903 1006 1987 1073 eninr
2009 1013 2060 1073 est

517 1127 625 1179 omnes
645 1129 738 1179 omre
758 1129 815 1196 pro
836 1110 901 1191 illo,
923 1111 977 1194 qui
999 1117 1049 1177 est
1070 1116 1165 1194 caput
1186 1111 1324 1177 emnium
1345 1116 1378 1176 et
1399 1128 1458 1194 pre
1479 1109 1617 1176 oninium
1643 1108 1747 1176 salute
1773 1109 1895 1176 loborat
1919 1113 1953 1175 et
1977 1115 2056 1175 orat

619 1219 665 1280 oe
685 1219 801 1279 melitio
822 1217 978 1280 bomimmr.
1022 1213 1071 1280 Ne
1088 1220 1195 1280 autem
1218 1213 1323 1296 aliquo
1352 1212 1435 1292 dolo,
1466 1212 1577 1280 fraude
1600 1231 1657 1279 seu
1683 1213 1806 1280 malitia
1833 1212 1882 1280 vel
1907 1212 2058 1279 oliectata

516 1313 702 1400 morantia,
725 1314 896 1400 quidquam
925 1322 1034 1383 contra
1059 1316 1299 1384 constitutiones
1327 1314 1465 1399 prefatas
1494 1315 1577 1397 addi,
1607 1316 1716 1397 minui,
1743 1315 1861 1383 mutari
1889 1315 1940 1382 vel
1960 1314 2058 1382 deleri

517 1417 687 1501 contingat,
710 1418 852 1484 volumus
872 1424 906 1484 et
926 1417 1069 1487 districte
1087 1419 1285 1503 precipiendo
1313 1420 1507 1500 maairlamus,
1531 1419 1615 1503 quod
1643 1419 1749 1486 omnia
1776 1417 1925 1504 capitula
1952 1418 2059 1487 cathe-

516 1520 651 1588 drahum
669 1521 870 1588 ecclesiarum
892 1522 990 1587 totius
1008 1529 1115 1589 nostre
1146 1522 1322 1606 legationis,
1343 1522 1427 1588 inira
1446 1520 1527 1587 duos
1555 1540 1678 1589 menses
1701 1540 1740 1588 ex
1766 1540 1829 1606 quc
1856 1521 1978 1605 copiam
2003 1539 2059 1605 po

399 1607 403 1616 ’
518 1624 639 1692 tuerint
659 1623 773 1691 habere
794 1622 973 1706 earundem,
994 1625 1079 1709 ipsas
1100 1623 1254 1692 conscribi
1273 1624 1391 1691 faciam
1406 1622 1502 1690 litera
1513 1643 1632 1708 grossa,
1654 1623 1772 1708 legibili
1785 1630 1881 1707 atque
1894 1623 2059 1704 distincta3

516 1726 664 1812 ipsasque
684 1726 776 1811 ligari
797 1724 916 1793 hciuut
935 1727 969 1793 iu
991 1728 1107 1796 tabulis
1128 1729 1169 1794 ad
1189 1727 1315 1796 modum
1336 1727 1418 1808 libri,
1446 1733 1481 1794 et
1499 1726 1602 1794 ferrea
1627 1733 1741 1794 catena
1768 1745 1924 1794 connexas
1950 1727 1983 1793 in
2009 1745 2060 1792 sa-

516 1829 619 1898 cratio
650 1829 695 1897 sic
725 1829 820 1914 afligi,
849 1829 933 1913 quud
963 1831 1123 1898 commode
1147 1830 1209 1915 legi
1236 1831 1367 1915 possint,
1391 1848 1450 1896 nee
1475 1830 1549 1897 inde
1575 1829 1615 1897 de
1636 1829 1721 1897 incili
1741 1829 1869 1897 valeam
1888 1828 2060 1914 deportari.

517 1931 710 2018 Quicumque
731 1932 971 2001 constitutiones
992 1932 1130 2018 pressus
1147 1933 1188 2001 de
1208 1934 1302 2001 dietis
1315 1933 1462 2000 sacrariis
1476 1931 1600 2000 auterre
1612 1933 1663 2001 vel
1676 1940 1850 2018 asportare,
1872 1952 1928 2002 seu
1941 1932 2061 2018 aliquid

517 2035 553 2103 iu
572 2036 619 2104 eis
639 2035 752 2117 delere,
773 2033 897 2115 addere,
924 2035 1033 2103 radere
1060 2037 1111 2103 vel
1142 2042 1265 2104 mutare
1297 2037 1534 2121 presumpserit,
1562 2041 1596 2104 et
1621 2037 1662 2104 de
1687 2036 1747 2105 hoc
1768 2044 1913 2104 censure
1932 2036 2061 2121 poterit,

518 2137 704 2207 domininon
725 2137 971 2222 indignationem
991 2138 1142 2222 incurrat,
1164 2146 1199 2207 et
1218 2140 1448 2222 nichilominus,
1472 2146 1633 2225 tamqnam
1654 2140 1811 2222 falsarius,
1840 2159 1898 2225 per
1922 2139 2062 2207 diocese

518 2261 595 2311 nuru
614 2242 676 2312 loci
697 2242 783 2309 illius
809 2240 863 2309 ubi
888 2241 948 2310 hoe
973 2244 1172 2328 commiserit,
1201 2245 1251 2312 vel
1280 2263 1339 2329 per
1366 2244 1464 2313 alium
1490 2245 1682 2331 superiorem
1711 2243 1979 2312 animadversione
2003 2262 2062 2328 pa·

519 2345 638 2414 abbir.

623 2448 674 2516 hd
690 2448 750 2516 hec
770 2448 969 2534 precipiendo
990 2449 1184 2530 mandamus,
1204 2448 1287 2534 quod
1310 2448 1424 2533 ungui
1443 2449 1582 2535 episcopi
1602 2449 1768 2534 legationis
1789 2455 1896 2516 nosue
1912 2447 2061 2533 predicte,

519 2550 618 2619 semel
638 2549 750 2640 saltem
772 2551 806 2616 in
827 2570 910 2618 auno
930 2552 964 2618 in
985 2552 1213 2636 episcopalibus
1237 2550 1369 2636 Synodis
1391 2552 1472 2633 suis,
1501 2550 1649 2636 capitula
1669 2571 1744 2619 vero
1766 2551 1991 2620 cathedralium
2012 2570 2063 2618 ec·

520 2653 684 2722 cleaiarum
702 2653 736 2721 iu
753 2653 891 2738 generali
912 2653 1058 2739 Capitale
1079 2661 1209 2740 pmpter
1229 2654 1289 2721 hoe
1310 2653 1463 2736 faciendo,
1482 2660 1597 2739 quater
1622 2655 1656 2722 iu
1677 2665 1770 2736 mun,
1793 2654 1941 2722 videlicet
1961 2653 2064 2720 tribus

519 2755 679 2826 mensibus
699 2756 805 2833 semel,
827 2757 1067 2825 constitutiones
1088 2757 1246 2842 predictas
1267 2757 1448 2824 solemniter
1469 2757 1531 2841 legi
1552 2757 1670 2825 hciant
1690 2766 1725 2826 et
1752 2758 1919 2843 diligenter
1939 2757 2062 2841 exponi

620 2846 716 2928 heito
736 2865 770 2928 et
788 2858 946 2943 publicata
967 2866 1001 2926 et
1018 2861 1191 2945 approbate
1211 2859 1339 2927 fuemnt
1359 2860 1540 2944 supradicte
1561 2861 1803 2929 constitutiones
1823 2881 1879 2946 per
1900 2878 1958 2928 uns
1979 2860 2064 2945 lega·

520 2969 589 3033 tum
606 2963 762 3050 prefatum
783 2963 965 3046 supradicta
986 2964 1180 3049 approbante
1210 2962 1364 3045 Οοιιοίῑὶο,
1391 2982 1490 3043 auno,
1521 2963 1705 3046 iudictionc,
1731 2965 1916 3049 pontificatu
1940 2969 1974 3031 et
1994 2962 2063 3030 loco

421 3132 428 3144 .
520 3068 663 3154 superius
683 3067 853 3147 machus,
875 3067 1090 3150 presentibus:
1113 3068 1263 3151 magistro
1284 3066 1434 3135 ildoncia
1454 3066 1587 3150 plebano
1608 3068 1710 3135 sancti
1737 3067 1851 3148 Quiriti
1878 3065 2064 3132 Parisieusis

519 3170 661 3252 diocesis,
683 3170 782 3238 fratre
802 3168 941 3237 Iohanne
959 3170 1111 3238 monacho
1133 3171 1219 3238 dicto
1246 3169 1432 3251 Lombardo,
1462 3168 1614 3236 monacho
1640 3169 1771 3238 Nicolao
1800 3170 1840 3236 de
1868 3167 2063 3249 Grrarthiue,

520 3279 554 3342 et
571 3273 689 3342 &turo
710 3274 750 3341 de
771 3274 883 3340 Florio
905 3275 1043 3355 nomia,
1070 3279 1104 3341 et
1131 3272 1230 3340 haue
1257 3272 1398 3340 Gerurdo
1419 3272 1460 3339 de
1482 3272 1644 3340 Placentia
1663 3273 1816 3339 monacho
1843 3271 1882 3339 de
1902 3270 2064 3338 Droudola

520 3377 648 3445 Ordinis
670 3376 894 3445 cistersiensis.
938 3377 976 3444 ln
997 3378 1086 3445 cuius
1107 3376 1154 3444 rei
1175 3376 1388 3443 testimonium
1417 3394 1471 3442 eas
1498 3374 1671 3442 munimine
1699 3375 1800 3442 nestri
1819 3373 1914 3458 sigilli
1934 3373 2065 3441 fecimus

520 3479 672 3562 roborari,
694 3498 732 3547 ac
753 3479 848 3547 etiam
869 3478 1085 3564 infrascriptos
1106 3479 1247 3547 notarios
1267 3478 1409 3563 publicos
1425 3478 1472 3546 eis
1485 3477 1648 3560 subscribi,
1670 3477 1819 3564 ipsasque
1831 3496 1940 3544 eorum
1953 3474 2065 3562 sigillis

416 3631 421 3642 ·
519 3583 710 3652 authenticis
731 3583 917 3668 consignari.
1940 3610 1943 3617 =

1189 3777 1263 3863 Nr.
1294 3773 1395 3863 488.

623 3975 780 4060 Premial
807 3977 884 4060 dux
909 3977 1059 4060 Polnnie
1090 3979 1225 4057 1279
1260 3974 1332 4058 dot
1358 3980 1405 4071 4,
1431 3973 1474 4056 iu
1499 3971 1625 4074 Kalio3
1642 3994 1847 4075 pararant,
1862 3986 1993 4055 comitas
2007 3986 2066 4072 sy-

523 4116 646 4166 monem
672 4105 705 4165 et
734 4097 899 4165 Nicolaum
925 4097 966 4165 de
993 4096 1104 4182 Debeo
1133 4096 1339 4163 hereditatem
1374 4094 1541 4161 Zabarton
1574 4092 1765 4160 monasteria
1791 4091 1860 4176 Lod
1886 4089 2067 4192 couarlisse,

521 4200 589 4287 ipse
609 4220 683 4269 vero
704 4201 835 4270 eandem
857 4190 1058 4284 amplissimis
1079 4198 1277 4266 libertatibus
1299 4199 1409 4265 munit

627 4309 767 4385 Prrpnm.
789 4309 906 4386 coppim
952 4307 1091 4368 Sznrrrrlr
1106 4305 1269 4383 periocha]
1292 4322 1456 4384 czrrrroms,
1479 4324 1497 4366 z
1518 4301 1643 4382 ltto'repo
1660 4299 1785 4385 pieczpc'
1806 4302 1920 4366 milio.

632 4411 774 4474 Gniczno.
818 4411 937 4472 Archia
964 4409 1095 4485 Capituli
1118 4408 1275 4484 Metropel.
1300 4408 1353 4470 Nr.
1374 4407 1428 4470 36.

625 4614 808 4681 innomine
830 4612 955 4679 Domini
978 4630 1078 4677 nmen.
1123 4609 1212 4678 Sicut
1240 4608 1395 4692 humliter
1424 4610 1612 4678 molitionis
1641 4608 1778 4676 humane
1802 4614 1936 4674 mortem
1958 4608 2070 4692 nequit

523 4717 624 4785 ritare
646 4716 859 4800 temporalem,
881 4716 927 4782 sie
944 4733 1002 4780 nec
1021 4713 1120 4780 ullum
1142 4719 1249 4779 actum
1270 4712 1354 4795 quod
1376 4714 1410 4778 in
1431 4712 1586 4780 fluctuoso
1608 4713 1730 4796 geritur
1751 4718 1891 4794 tempore
1905 4709 2003 4777 robur
2016 4709 2069 4777 lir-

522 4819 643 4887 mitatis
664 4818 749 4884 valet
770 4817 921 4898 obtinere,
947 4816 1008 4882 nisi
1029 4816 1148 4898 scripta
1170 4813 1357 4882 reiomretur
1381 4821 1415 4882 et
1441 4814 1539 4899 sigilli
1567 4816 1739 4881 munimine
1768 4814 1942 4882 roboretur.
1986 4813 2071 4881 Hinc

523 4921 675 5007 estquod
693 4941 751 4989 nos
773 4921 904 4987 Promisi
924 4919 983 4986 Dei
1004 4921 1110 5001 gracia
1131 4919 1194 4984 riux
1214 4917 1343 4985 l‘olonie
1365 4936 1470 4984 coram
1493 4919 1647 4985 universis
1669 4917 1867 5001 presentibus
1892 4923 1926 4985 et
1953 4915 2070 4983 futuris

523 5032 745 5113 protestamur,
767 5023 849 5108 quod
873 5023 992 5090 nobiles
1019 5023 1075 5087 riri
1103 5022 1233 5089 comites
1261 5023 1301 5089 ile
1324 5021 1446 5104 llabna,
1475 5022 1593 5106 Syman
1618 5029 1653 5089 et
1681 5021 1850 5106 Nycolaus,
1877 5040 1935 5105 pro
1964 5021 2068 5088 mute

523 5129 698 5197 animarum
720 5147 848 5194 suarum
869 5146 907 5192 ue
928 5124 1180 5208 prolusisseruui
1201 5144 1329 5191 suoruur
1351 5125 1553 5193 eerntulerunt
1573 5125 1703 5192 ecclesie
1725 5125 1784 5190 lici
1798 5124 1960 5207 gerritricis
1974 5125 2068 5209 virgi·
2214 5124 2221 5159 ⁴

523 5233 574 5299 uis
596 5231 695 5298 Maris
716 5231 749 5297 in
771 5229 882 5314 Lynrla
902 5228 1107 5295 lwrelitatenr
1129 5248 1217 5295 suam
1241 5247 1302 5311 qne
1323 5229 1506 5296 Sabnrtowo
1528 5230 1718 5309 nominatur,
1741 5247 1811 5294 curn
1827 5226 1969 5294 omnibns
1983 5227 2069 5296 lacu·
2213 5234 2222 5269 ¹

523 5335 583 5402 hus
605 5341 639 5400 et
656 5333 847 5400 utilitatibus
868 5351 929 5414 quie
950 5349 1032 5396 nune
1054 5333 1085 5397 in
1107 5333 1153 5398 riis
1174 5339 1250 5398 sunt
1269 5331 1317 5397 vel
1340 5332 1407 5397 lieri
1429 5338 1587 5414 prtemnt
1631 5331 1699 5397 Nos
1729 5349 1803 5396 verri
1829 5330 1871 5396 eb
1899 5330 2070 5397 remedium

526 5440 629 5507 anime
654 5444 760 5504 nostre
778 5456 816 5504 ac
841 5435 1093 5519 protestamini
1126 5442 1315 5517 nostmrurn,
1349 5433 1499 5502 allectum
1531 5452 1625 5519 quern
1653 5435 1737 5501 dria
1763 5433 1917 5518 prolatam
1943 5433 2069 5501 domum
2214 5410 2221 5491 ὲ
