4860 6180
435 248 510 335 270
548 330 555 342 .

432 480 528 547 qaam
549 460 702 546 pluribus.
748 460 792 527 lit
811 459 886 529 licet
908 479 965 527 nos
989 459 1086 527 Falco
1107 459 1166 527 Dei
1180 459 1288 544 gracia
1301 456 1496 527 Oncrnerrsis
1510 451 1764 541 arciriepisoopus
1777 455 1978 541 imcripcione

434 564 529 632 huius
547 562 656 631 charte
677 569 838 648 primoum-r
866 582 929 630 non
963 556 1137 646 extitimus,
1164 562 1205 629 od
1226 563 1412 647 peticionem
1440 560 1557 627 donnini
1587 560 1720 627 Promisi
1745 559 1873 626 l‘olonie
1894 564 1978 635 «lucis

432 667 632 753 postmodum
653 667 785 735 candem
806 667 936 735 iocirnrn
957 668 1056 736 eciam
1078 667 1181 735 nostri
1201 667 1296 752 sigilli
1320 665 1500 734 nsnmouio
1522 663 1717 731 communiri.

536 872 762 954 Trebniconsis,
785 878 823 942 dc
849 876 1019 939 rrzebrrica
1064 873 1230 956 Owerrsko,
1265 873 1413 939 (loiris-lo.
1457 868 1633 952 Bolochon,
1663 872 1841 936 werdone.
1886 871 1980 943 lindie

437 993 529 1058 nora,
550 980 721 1056 liodojeroo.
769 976 982 1059 ltiarszowiza,
1015 982 1218 1043 llorazemice.
1271 975 1466 1060 Woregniza,
1496 977 1691 1038 nro-zenica
1734 972 1905 1055 lbnienicir,
1937 986 1980 1043 nr'-

436 1085 632 1161 odoudnione.
676 1079 840 1160 Kludewo,
864 1080 1022 1147 Kludono.
1072 1078 1241 1161 Sumolese,
1274 1083 1418 1164 Sanane.
1462 1077 1660 1160 Dobegueve,
1693 1076 1761 1140 dzr‘t
1780 1097 1799 1138 2
1820 1081 1980 1147 aierniecdo

434 1188 540 1249 miecio
577 1185 783 1262 Woldenberp.
827 1181 953 1256 Olesll0‚
993 1182 1107 1247 Olcnio.
1156 1180 1273 1249 Golilltt
1304 1180 1420 1260 Ceslai,
1455 1181 1522 1243 (ki-i
1554 1185 1670 1259 puemitia
1696 1181 1774 1243 Gole.
1819 1177 1979 1267 Giuchtnt,

434 1282 563 1366 bienna,
587 1285 655 1350 dcii
674 1288 728 1349 tud
748 1304 840 1351 sumo.
884 1284 1078 1366 Miluoeviza,
1104 1289 1313 1350 Miioslowicc.
1357 1280 1561 1364 Raskovieze,
1584 1283 1651 1346 dcii
1670 1286 1787 1362 pemmo
1807 1284 1980 1354 Recordare-o.

435 1387 614 1471 Rekituiea,
638 1391 798 1452 Rekitnico
817 1389 867 1452 lnb
888 1394 935 1453 tet
957 1390 1032 1455 dxii.
1055 1392 1234 1469 aroanna.
1279 1385 1411 1468 Santok,
1433 1385 1535 1466 Ruda,
1558 1385 1625 1448 dzir‘
1646 1388 1701 1448 tob
1718 1404 1810 1450 surm.
1840 1383 1981 1471 Beeiron,

436 1493 605 1662 monog
625 1489 758 1574 ueram,
780 1491 940 1557 mulctae
958 1491 1072 1575 Orsen,
1089 1490 1216 1572 pdinr'e‘j
1235 1495 1391 1572 Baniurae,
1413 1494 1534 1555 zniern.
1557 1491 1695 1563 urucam,
1718 1487 1784 1550 uzu
1797 1490 1981 1559 lirezdenbo.

435 1590 555 1679 Smem,
602 1613 675 1661 rena

1101 1894 1176 1982 Nr.
1212 1889 1315 1981 304.

540 2090 756 2176 uminum
773 2091 851 2176 dux
868 2093 1065 2176 lauchieia
1080 2091 1281 2176 alcmonia
1297 2093 1437 2171 1252
1455 2086 1633 2183 lini25,
1650 2085 1735 2189 al3
1759 2019 1924 2170 anemae
1945 2106 1983 2173 au

438 2230 547 2297 preces
566 2212 726 2289 cristiani,
744 2202 904 2297 cuondam
937 2212 1074 2298 episcopi
1105 2212 1261 2293 Prussiae,
1295 2209 1486 2278 monasterio
1519 2208 1559 2275 de
1591 2205 1727 2291 Sulejow
1758 2207 1983 2291 possessiouem

440 2313 536 2382 uillae
556 2313 713 2382 Dabrona
735 2321 768 2382 et
789 2315 923 2383 odarum
945 2314 1046 2382 eidem
1066 2315 1249 2382 vicinarum.
1833 2337 1835 2340 ⁴

543 2421 681 2498 Percurre.
703 2423 832 2500 oreon,
854 2439 876 2482 u
896 2417 1021 2498 ktdreqo
1042 2437 1085 2481 no
1105 2420 1257 2482 amacii
1269 2418 1422 2495 pcdwobra
1445 2424 1549 2496 czteru
1575 2419 1726 2500 pieczocr'e
1746 2419 1985 2495 przyrrrierzono3

441 2520 644 2601 Zpr‘erresze'j
664 2527 676 2585 i
696 2520 822 2601 drepidj
842 2526 1000 2601 pozostoty
1026 2524 1161 2602 americi,
1186 2525 1301 2586 traceio
1321 2523 1542 2600 podlunowoto
1562 2522 1770 2598 praestanto
1799 2519 1927 2597 birdupo
1945 2538 1985 2582 no

439 2628 548 2704 bourie,
583 2625 864 2710 Maponowiqecpo,
886 2628 1113 2704 :pastoralem
1146 2645 1174 2687 ro
1194 2623 1296 2703 lero&
1327 2628 1418 2703 nupia
1438 2631 1569 2703 zolorin.
1618 2624 1758 2695 Omorto
1782 2625 1985 2702 praedatorem

439 2745 467 2789 rr
488 2730 616 2792 nimiu
636 2727 749 2807 Nujdra
770 2729 878 2813 Parme
898 2747 918 2790 z
937 2729 1162 2813 Bzicciottienr,
1181 2732 1271 2807 copis
1292 2730 1465 2807 odlomonu.

549 2833 692 2898 dnicmo.
736 2833 855 2896 Melia
883 2832 1014 2911 Oopdrcd
1037 2832 1197 2912 Metropol.
1219 2833 1275 2897 Nr.
1296 2831 1351 2896 22.

544 3034 582 3102 In
625 3036 752 3103 nomine
772 3034 899 3103 Domini
920 3052 1022 3102 amen.
1067 3034 1159 3103 Licet
1180 3035 1314 3120 quedam
1335 3032 1420 3103 Octa
1440 3033 1640 3102 universitati
1655 3006 1816 3101 hominum
1830 3033 1988 3101 evidenter

229 3158 233 3165 ·
335 3167 337 3171 ·
440 3142 518 3206 nota
538 3139 614 3221 sint,
636 3138 718 3206 solet
739 3145 845 3205 tamen
862 3137 1045 3222 frequenter
1065 3138 1214 3220 accidere,
1238 3138 1322 3222 quod
1350 3137 1498 3205 humanis
1523 3136 1647 3204 actibus
1673 3155 1745 3205 cum
1766 3142 1864 3204 testes
1885 3135 1988 3202 deine

441 3240 516 3323 rint,
539 3246 695 3327 atemptet
716 3241 895 3325 calumpnia
912 3241 1091 3319 novercam
1114 3239 1230 3308 idcirco
1251 3259 1378 3309 neeesse
1410 3246 1461 3308 est
1481 3241 1622 3309 actirmes
1644 3240 1816 3324 legittimus
1843 3258 1905 3324 qua
1926 3257 1987 3306 rne-

440 3345 542 3412 moria
563 3345 712 3430 indigent,
742 3363 800 3430 per
831 3345 941 3429 scripti
974 3343 1202 3412 continenciam
1234 3343 1267 3409 in
1295 3343 1445 3411 noticiam
1474 3343 1651 3411 transmitti
1672 3348 1878 3428 posterorum.
1924 3340 1987 3409 Nos

440 3447 540 3532 igitur
559 3448 739 3515 Kazimirus
761 3447 821 3514 Dei
841 3449 949 3532 gracia
966 3447 1031 3513 dux
1050 3446 1218 3513 Lanehicie
1247 3453 1281 3513 et
1300 3446 1430 3514 counio
1450 3452 1562 3513 notum
1588 3445 1720 3513 iacimus
1739 3446 1937 3531 presentibus
1958 3453 1988 3511 et

441 3549 568 3634 futuris,
597 3552 681 3635 quod
703 3570 773 3619 cum
800 3552 925 3618 radone
945 3550 1029 3616 dotis
1057 3550 1164 3617 inclite
1183 3549 1307 3617 deense
1336 3549 1536 3633 Ooustaucie,
1567 3549 1675 3616 uxoris
1697 3554 1805 3616 nostre
1825 3555 1859 3617 et
1880 3549 1989 3616 matris

443 3653 596 3721 nobilium
617 3653 732 3719 dueum
752 3653 916 3720 maenis
938 3658 972 3720 et
992 3653 1168 3720 Semorniali
1181 3653 1316 3721 tiliorum
1337 3659 1527 3738 nostrorum,
1546 3654 1742 3722 Lendeusem
1757 3653 1990 3721 castellaturam

441 3756 629 3839 moeremus,
659 3756 809 3823 accedens
830 3757 871 3823 ad
893 3775 950 3823 nos
978 3757 1030 3839 pio
1050 3757 1278 3825 recordacionis
1309 3756 1487 3824 Cristianus
1508 3759 1667 3842 quondam
1695 3756 1912 3824 cisterciensis
1934 3754 1990 3820 Or·-

441 3858 525 3926 diuis
547 3860 718 3928 monachus
737 3866 770 3926 ot
793 3866 865 3943 post
887 3859 993 3925 divina
1015 3859 1214 3951 providencia
1232 3879 1327 3944 super
1342 3867 1460 3928 terram
1475 3860 1587 3928 Prusia
1601 3865 1802 3928 consecratus
1817 3860 1989 3947 episeopus.

400 4049 403 4054 Α
442 3961 606 4029 humiliter
626 3962 831 4047 supplicando
854 3981 911 4029 nos
929 3964 1062 4046 rogavit,
1087 3961 1172 4045 quod
1194 3982 1251 4029 nos
1270 3963 1377 4030 villam
1403 3983 1465 4049 que
1483 3963 1620 4031 Dobrow
1641 3963 1816 4048 vulgariter
1833 3980 1991 4044 nuncupa-

443 4068 497 4131 tur
518 4083 589 4132 eum
618 4067 684 4132 suis
706 4065 916 4150 pertinenciis,
944 4084 1040 4149 qnam
1061 4072 1203 4152 tempore
1227 4068 1277 4133 sui
1296 4069 1501 4136 monachatus
1532 4075 1566 4136 et
1587 4069 1687 4136 eciam
1716 4069 1914 4154 episcopatus
1943 4087 1991 4132 ra·

442 4168 532 4235 cione
562 4168 778 4237 cisterciensis
811 4168 937 4236 Ordinis
967 4170 1018 4235 cni
1048 4170 1089 4238 ab
1116 4172 1247 4255 antiqno
1278 4171 1394 4238 collata
1420 4171 1525 4239 tuerat
1550 4172 1649 4239 libore
1675 4191 1714 4239 ac
1734 4173 1863 4257 pacifice
1885 4171 1991 4239 nrnlns

442 4272 535 4338 anub
562 4272 754 4356 possederat
778 4272 883 4338 domui
914 4279 1023 4340 sancto
1051 4273 1152 4341 Mario
1173 4281 1207 4340 et
1235 4273 1386 4341 iratribus
1414 4274 1454 4341 de
1475 4274 1603 4359 Suligev
1630 4275 1848 4343 cisterciensis
1866 4272 1992 4341 Ordinis

444 4374 570 4442 raeime
595 4375 733 4442 eiusdonr
756 4374 882 4441 Ordinis
912 4382 986 4459 post
1007 4377 1074 4441 eina
1096 4375 1216 4443 obitum
1242 4379 1427 4444 contirnrare
1456 4378 1667 4462 digumenrur.
1712 4377 1779 4445 Nos
1799 4385 1906 4446 antenr
1928 4378 1992 4442 nra»

441 4476 654 4544 militantibus
675 4477 839 4544 subuenire
860 4478 948 4560 pium
970 4497 1007 4544 ac
1028 4478 1123 4544 saluti
1147 4498 1216 4546 esse
1237 4481 1446 4547 necessarium
1468 4482 1714 4564 considerantes,
1738 4482 1912 4567 pralictanr
1936 4477 1991 4543 rii·

444 4576 508 4646 lum
529 4578 656 4647 Dobror
675 4599 746 4646 eum
769 4579 913 4647 omnibus
934 4583 1136 4665 pertinenciis
1159 4583 1224 4648 suis
1243 4601 1281 4649 nc
1303 4583 1496 4651 utilitatibus
1519 4585 1683 4667 universio,
1705 4584 1850 4651 videlieet
1864 4583 1992 4668 earn-lin.

444 4682 663 4767 piscatoribus,
693 4685 882 4750 sarnetuariis
911 4690 945 4750 et
966 4684 1049 4749 viliis
1071 4703 1204 4767 qrrarnm
1230 4686 1455 4753 nominasent
1477 4687 1551 4755 bec:
1579 4688 1891 4771 Lesno,1iusicimn,
1914 4685 1993 4752 zeul-

443 4785 524 4854 dono
550 4790 584 4853 et
604 4788 772 4868 Quotcoro,
802 4795 973 4854 nrernornte
994 4789 1100 4854 ‹lonrui
1130 4796 1164 4855 ct
1187 4790 1357 4877 capellanis
1379 4792 1496 4858 nostris
1521 4791 1562 4857 de
1583 4792 1711 4874 Soligee
1730 4793 1855 4860 racione
1877 4792 1993 4857 Cister-

445 4890 560 4957 eiensia
581 4891 718 4971 Onlinis,
742 4891 792 4957 eni
815 4890 929 4956 collate
950 4890 1077 4957 inerunt
1097 4890 1138 4957 ab
1161 4893 1302 4975 arriiquo,
1325 4894 1412 4960 nullo
1434 4894 1626 4963 retamenta
1648 4896 1680 4963 in
1696 4897 1909 4963 remissionem
1925 4912 1994 4977 pu·-

445 4998 588 5060 catorum
610 5001 788 5059 nitran-onon
812 4992 1001 5061 irerelitnrio
1026 4995 1094 5061 inre
1115 4994 1319 5078 possidendos
1342 5004 1493 5080 perpet-nn
1516 4999 1747 5066 eorriirrnarnun.
1771 4997 1814 5065 Et
1836 4998 1873 5064 u't
1887 5004 1992 5064 rrrrstrn

444 5093 618 5162 nbemlins
644 5095 759 5162 clrnins
790 5096 956 5175 einerscnt,
984 5097 1128 5163 rrrlurnns
1158 5103 1194 5163 ut
1216 5097 1316 5165 incole
1345 5097 1499 5166 dictarum
1524 5100 1679 5182 villarum,
1702 5108 1769 5168 tarn
1788 5101 1877 5167 liberi
1901 5116 1994 5184 qrnnn

444 5196 510 5278 ulii,
539 5197 582 5265 ab
602 5199 686 5266 orurri
717 5199 854 5282 prronod,
874 5219 896 5265 a
916 5207 1031 5282 arrosa,
1064 5200 1187 5282 albur,
1215 5222 1235 5268 a
1257 5208 1408 5283 rrrrntove,
1438 5224 1459 5268 a
1479 5222 1587 5289 pronon,
1619 5223 1769 5286 armana,
1795 5224 1816 5271 a
1837 5204 1994 5288 poeninen.
