4860 6180
1352 619 1432 707 Nn.
1463 617 1563 706 406.

796 794 1002 882 conventus
1035 797 1235 900 virginum
1268 799 1549 898 liucbabcarum
1582 799 1625 883 in
1665 798 1812 884 colonia
1848 804 1980 884 1263
2019 799 2106 886 iun.
2144 804 2226 902 28,
2339 884 2342 891 .

694 898 854 1000 boloni&
888 918 1007 987 cunicrt
1036 920 1181 989 Andreae
1212 924 1361 991 canonico
1401 922 1578 990 (incunensi
1616 928 1712 1006 caput
1748 921 1841 989 unius
1873 928 2001 994 onena
2030 923 2158 1009 urqinis
2185 923 2225 992 de
2337 908 2343 1001 J

693 1022 824 1109 collegio
844 1023 995 1092 Undecim
1016 1023 1149 1092 millium
1170 1027 1324 1112 uirginum
1346 1046 1416 1094 cum
1437 1025 1509 1094 aliis
1529 1023 1638 1092 multis
1659 1023 1809 1108 reliqniis.

796 1131 935 1206 Pernam
955 1131 1069 1207 opatu
1104 1131 1248 1195 Skrcnck
1261 1136 1452 1212 poparum,
1470 1150 1490 1194 z
1510 1127 1634 1208 ttdrcqo
1648 1125 1773 1215 picczcd
1793 1130 1907 1196 muru

765 1266 771 1280 ·
796 1227 933 1295 Postumi.
975 1232 1093 1295 Arcbiu
1120 1233 1259 1312 Capituli.
1293 1237 1322 1311 1,
1343 1237 1400 1298 ὅσα
1796 1271 1799 1277 ·

794 1431 947 1502 Omnibus
966 1432 1083 1502 Christi
1103 1433 1247 1505 fidelibus
1267 1437 1309 1506 ad
1330 1455 1531 1523 quoscunque
1558 1452 1686 1520 presens
1707 1433 1860 1519 scripturn
1881 1435 2068 1520 pemencrit,
2088 1434 2228 1506 Consen-

2336 1184 2344 1267 l

2336 1270 2345 1377 l

692 1539 745 1603 tus
764 1535 920 1620 uirginum
939 1536 1094 1606 dicturum
1111 1538 1353 1609 biuababearum
1374 1541 1407 1607 in
1437 1539 1568 1608 Colonia
1594 1537 1729 1605 salutem
1754 1538 1788 1604 iu
1813 1556 1861 1620 eo,
1889 1538 1945 1622 qui
1972 1545 2022 1606 est
2049 1539 2167 1624 primus
2195 1546 2229 1609 at
2335 1595 2339 1603 .

692 1639 888 1722 novissimus,
910 1640 1096 1725 principium
1117 1649 1151 1710 et
1172 1643 1252 1710 linis.
1296 1643 1415 1712 Notum
1435 1643 1479 1709 sit
1498 1641 1652 1709 universis
1673 1647 1740 1708 tam
1765 1640 1962 1723 presentibus
1984 1659 2078 1726 quam
2102 1641 2228 1727 tuturis,

685 1742 777 1828 ‘quod
797 1762 855 1811 nus
875 1743 917 1811 ad
936 1744 1117 1829 petitionem
1144 1746 1262 1813 domini
1289 1745 1416 1814 Andree
1443 1744 1584 1813 canonici
1611 1743 1803 1810 unesnends
1836 1748 1870 1810 et
1896 1745 2067 1820 amicorum
2090 1763 2227 1829 suenum,

692 1851 790 1932 caput
809 1846 902 1914 unius
923 1853 1030 1916 sancte
1048 1849 1177 1933 alumnis
1198 1850 1238 1916 de
1258 1850 1388 1934 collegio
1414 1848 1568 1917 Undeaim
1595 1845 1729 1914 millium
1756 1845 1912 1930 mqmum
1933 1864 2003 1914 cum
2028 1847 2100 1914 abis
2120 1848 2228 1917 multis

689 1949 833 2036 reliquiis
854 1951 998 2019 duximus
1018 1951 1248 2035 conterendum,
1271 1959 1417 2038 rogantes
1436 1950 1601 2032 mundus,
1624 1955 1663 2018 ut
1682 1948 1919 2034 quibuscunque
1941 1949 2044 2017 dmm
2064 1951 2104 2018 Δ.
2125 1951 2229 2035 predi·

692 2058 761 2120 ctas
793 2052 942 2138 reliquias
973 2055 1145 2139 portaverit
1176 2055 1226 2123 rel
1258 2055 1427 2122 mittendas
1455 2053 1638 2134 decusserit,
1670 2051 1770 2120 honor
1798 2052 1844 2120 eis
1866 2050 1991 2120 debitus
2019 2053 2227 2139 impendatur.

691 2153 763 2237 Sed,
791 2173 832 2223 ne
856 2156 1015 2240 quippiam
1047 2157 1080 2223 in
1113 2163 1273 2242 pasterum
1301 2157 1464 2242 dyabolica
1492 2154 1642 2224 mnnitati
1667 2154 1810 2223 versucia
1835 2153 1910 2223 huic
1936 2160 2045 2223 nostra
2069 2155 2228 2224 duuadoni

690 2258 848 2325 contrade
868 2263 1059 2343 presumant,
1078 2265 1256 2343 presentem
1268 2260 1414 2345 paginam
1428 2257 1523 2344 sigilli
1536 2257 1638 2325 nostri
1654 2255 1835 2325 convontus
1853 2258 2024 2328 munimine
2036 2252 2227 2328 mboramna

690 2359 808 2428 numm
832 2358 961 2429 (tolome
981 2379 1063 2429 anno
1083 2361 1211 2429 Domini
1228 2360 1454 2446 luceium,
1474 2362 1509 2428 iu
1528 2359 1638 2446 vigilia
1656 2357 1805 2427 lobannis
1825 2358 1980 2447 Baptista

687 2541 1189 2656 ·mmmm‘

1360 2867 1435 2954 Nn.
1465 2857 1568 2954 407.

676 3078 680 3086 ·
794 3060 987 3147 boloniam
1005 3062 1254 3148 &montensis
1271 3060 1579 3147 iundcmiriennis
1596 3064 1674 3147 dux
1690 3059 2029 3158 12631m27,
2045 3058 2227 3164 &mariq

690 3191 896 3273 protestatur,
923 3185 953 3253 b
974 3205 1016 3253 m.
1037 3182 1222 3254 Ratnlsram
1242 3185 1384 3253 relictam
1410 3183 1534 3252 comitis
1556 3183 1738 3266 clementis,
1760 3181 1910 3250 menobio
1930 3181 1971 3249 de
1991 3178 2117 3249 Olobolr
2137 3181 2229 3249 dimi·

691 3391 933 3578 meierum.
959 3500 1074 3577 mpetu
1103 3497 1156 3561 bez
1183 3495 1273 3560 cun
1295 3498 1535 3576 montmerlo
1554 3496 1696 3580 pteczpci
1717 3510 1763 3558 nc
1782 3488 1899 3574 lotorum
1923 3493 2000 3580 rfkq
2020 3486 2117 3558 rm
2133 3494 2230 3561 meru

691 3602 913 3666 {dommo
932 3603 1085 3680 odpm
1191 3637 1195 3644 ·
2012 3612 2015 3617 ·

745 3716 750 3724 ’
793 3700 929 3771 mmm
959 3705 1077 3787 Kontpl.
1100 3704 1206 3766 &nuto
1223 3703 1316 3768 Arcu
1345 3701 1459 3766 oron
1480 3701 1511 3765 1.

791 3888 831 3958 In
848 3889 973 3959 nomine
992 3888 1117 3957 Domini
1138 3906 1240 3955 amen.
1268 3885 1422 3967 Quoniam
1443 3904 1550 3954 ornnes
1571 3885 1751 3954 moriuntur
1771 3890 1805 3953 et
1825 3883 1920 3969 quasi
1942 3902 2025 3971 aque
2038 3885 2229 3973 dilabuntur,

690 4010 732 4064 uc
763 3999 923 4080 quarum
950 4011 1054 4061 renum
1085 3991 1234 4059 memoria
1265 4006 1413 4074 processu
1439 3989 1588 4074 temporis
1616 4007 1673 4073 per
1698 3993 1841 4056 exortam
1867 3987 2032 4056 oblivionis
2066 3990 2229 4076 miginem

690 4097 776 4184 apud
795 4103 939 4184 posteros
958 4103 1083 4165 nmtros
1105 4098 1279 4176 assumunt,
1301 4092 1394 4178 digne
1415 4093 1497 4160 solet
1517 4093 1799 4161 instrumentorum
1819 4092 1992 4186 munimine
2012 4110 2083 4161 cnm
2104 4112 2229 4181 expres·

689 4200 779 4270 moue
796 4201 925 4270 testium
945 4199 1141 4286 perbennari.
1178 4196 1255 4264 Inde
1274 4201 1324 4264 est
1344 4196 1430 4281 quod
1450 4214 1509 4263 nus
1526 4194 1691 4264 Bolealaus
1712 4195 1772 4264 Dei
1789 4194 1894 4279 modu
1915 4194 2129 4266 Omcoviensis
2150 4198 2230 4269 Suu·

690 4303 889 4374 domiriensls
908 4305 973 4371 dux
993 4304 1052 4372 hac
1069 4308 1179 4370 nostm
1199 4300 1307 4367 litters
1328 4298 1475 4367 memorie
1493 4297 1745 4367 commendamus
1764 4298 1958 4383 presentium
1978 4302 2013 4365 et
2032 4298 2066 4366 in
2084 4301 2229 4372 notitiam

689 4405 858 4477 Merlmus
879 4407 1063 4489 futurorum,
1085 4404 1169 4490 quod
1189 4403 1290 4470 felicis
1311 4402 1535 4470 recordationis
1556 4402 1684 4470 domina
1703 4398 1858 4469 Ratibu
1881 4399 1995 4468 relicta
2013 4403 2136 4471 comitis
2157 4402 2229 4475 cle·

691 4510 816 4593 mentis,
849 4510 1006 4579 sororibus
1035 4508 1162 4575 Ordinis
1195 4505 1410 4578 cisterciensis
1441 4509 1476 4577 in
1504 4505 1623 4574 Oloboc
1647 4505 1714 4572 Deo
1741 4500 1977 4584 famulantibus,
2007 4521 2064 4588 pru
2092 4509 2229 4579 remedio

690 4615 795 4686 sulme
815 4633 872 4683 sue
892 4620 927 4682 et
945 4613 1051 4682 debito
1068 4612 1152 4698 quod
1176 4617 1374 4680 contraxerat
1395 4613 1429 4680 in
1450 4610 1630 4697 receptione
1650 4607 1812 4678 numnam
1824 4605 1963 4690 pecunie
1990 4606 2108 4689 eisdem
2128 4614 2229 4682 exsol-

690 4719 800 4802 uendo,
821 4718 956 4787 contulit
975 4716 1135 4784 dimidiam
1160 4714 1368 4785 hereditatem
1389 4735 1451 4801 que
1472 4714 1560 4784 Usus
1580 4714 1781 4797 nuncupetur
1797 4727 1869 4776 cum
1889 4708 2034 4779 omnibus
2055 4716 2120 4784 suia
2140 4717 2228 4785 utili·

691 4821 810 4893 tatibus
828 4827 862 4891 et
881 4819 1094 4907 pertinentiis,
1124 4819 1269 4887 videlicet
1286 4821 1485 4904 molendinis,
1507 4817 1745 4905 piscationibus,
1765 4810 1961 4896 nemoribus,
1983 4819 2084 4900 pratis
2105 4825 2138 4888 et
2156 4821 2229 4890 aliis

691 4925 861 4996 commodis
881 4923 997 4992 habitis
1018 4930 1052 4992 et
1071 4921 1222 4992 habendis
1239 4930 1391 5009 perpetuo
1416 4924 1486 4992 inre
1504 4921 1732 5009 possidendam,
1762 4914 1901 4986 adiciens
1922 4933 1982 5000 pro
1999 4924 2229 4993 sustentatione

691 5027 871 5099 earumdem
888 5046 1030 5096 summm
1050 5027 1126 5096 salia
1143 5045 1239 5112 quam
1258 5027 1293 5094 in
1313 5027 1443 5097 Bocbna
1463 5025 1645 5113 possidebat
1657 5022 1875 5100 monetatum
1896 5026 2050 5115 reliquam
2068 5044 2142 5096 reno
2157 5047 2230 5114 par-

691 5138 757 5202 tem
778 5131 843 5202 tilie
861 5150 917 5201 sue
934 5130 1046 5200 ancille
1065 5131 1184 5200 Christi
1205 5131 1307 5199 somri
1328 5131 1483 5218 Viaeneqe
1503 5131 1654 5217 magistre
1675 5130 1716 5198 de
1737 5118 1891 5195 Stanctek
1915 5130 2053 5227 contubt
2069 5133 2229 5217 pcsdden

693 5233 776 5319 dam,
798 5239 871 5320 pust
891 5232 979 5303 cuius
999 5233 1159 5303 decessum
1177 5239 1281 5304 totum
1301 5235 1551 5320 supradictarum
1573 5253 1715 5304 sororum
1735 5231 1844 5302 miuus
1864 5235 2010 5324 proficiet
2033 5239 2067 5306 ut
2086 5236 2228 5305 utilitati

2339 2562 2350 2841 i

2340 2846 2351 3021 l

690 3289 777 3408 dam
796 3287 1023 3358 haereditatem
1042 3286 1155 3357 umen
1175 3293 1209 3358 et
1228 3293 1352 3374 partem
1371 3287 1447 3355 salis
1469 3287 1503 3354 in
1523 3285 1665 3357 Bocbnic
1685 3284 1782 3355 eorus
1802 3283 1862 3352 snb
1880 3283 2135 3370 stipulationibus
2155 3302 2229 3354 can·
2345 3380 2350 3403 ι

2345 3646 2352 3791 l
