4860 6180
517 422 595 498 att

437 633 442 642 “
516 622 601 691 mine
621 619 809 691 roboratam.
854 624 1013 710 Scriptum
1043 644 1100 709 per
1120 642 1234 693 manus
1265 625 1382 726 domiui
1414 627 1564 696 Iohannis
1585 627 1702 695 notari
1723 625 1825 693 nostri
1847 630 1944 708 atquc
1966 621 2068 707 capol-

515 725 717 915 1ζέἰίῃέἎῖἰὶ
718 725 939 898 lllignlondurum
973 727 1164 811 Decembris,
1195 727 1408 800 Coucumuute
1429 730 1576 813 soenado,
1602 730 1726 817 Epacta
1748 733 1874 813 quartu,
1892 725 2068 794 Indictionc

545 1030 547 1032 ’
618 1034 833 1120 Bononiensis,
855 1043 893 1106 dc
914 1043 1035 1106 Moe.
1073 1037 1282 1122 Slarancnsis‚
1308 1044 1488 1105 nesterone
1513 1044 1690 1118 (Scitam).
1714 1035 1921 1118 caminensis,
1943 1040 1982 1101 dc
2003 1041 2067 1100 lta-

517 1137 814 1313 agalma
839 1139 940 1227 Stolp,
964 1147 1081 1226 Stupet
1101 1147 1243 1225 (Stolpc).
1282 1141 1464 1227 Succensis,
1486 1148 1524 1210 dc
1542 1147 1674 1210 Srniecie.
1719 1140 1879 1224 Pacensis,
1900 1143 1939 1206 dc
1953 1141 2067 1204 Paeto.

657 1293 666 1327 ‚
814 1293 823 1314 .

1191 1441 1266 1529 Nr.
1299 1439 1401 1529 585.

446 1728 450 1733 ,
620 1632 809 1719 dmundus
835 1635 992 1721 Prumid
1019 1640 1096 1723 dan
1122 1638 1272 1723 Palania
1299 1642 1434 1721 1287
1459 1637 1542 1723 ileo.
1567 1642 1653 1738 28,
1685 1638 1729 1720 iu
1759 1635 1964 1738 Pannoniac
1985 1652 2070 1721 oona

515 1754 667 1825 incisim
687 1754 727 1824 de
748 1755 885 1839 Lubusz,
907 1757 941 1824 in
961 1776 1019 1826 suo
1040 1759 1178 1827 dominio
1200 1760 1271 1842 site,
1290 1759 1495 1844 amplissimis
1516 1760 1688 1844 privilegiis
1709 1759 1823 1841 munit,
1845 1758 1952 1826 villam
1973 1756 2068 1825 Koni-

515 1857 613 1927 rniera
634 1859 668 1926 in
690 1859 851 1927 deitatem
872 1857 1036 1946 foramem,
1058 1869 1093 1932 et
1114 1869 1235 1932 ceteras
1255 1864 1324 1931 iure
1345 1864 1538 1932 lineatonioo
1558 1867 1664 1932 locare
1684 1862 1838 1931 concedit.

619 1965 732 2030 Μαι.
782 1966 884 2032 Codex
903 1969 1056 2048 diplomat.
1079 1970 1363 2049 ammenopes.
1385 1974 1413 2034 Α
1434 1971 1488 2051 20,
1503 1988 1537 2050 p.
1559 1970 1632 2034 194.
1677 1965 1827 2048 (Kopja).

619 2167 658 2236 In
678 2168 805 2238 nomine
825 2170 953 2239 Domini
970 2190 1071 2241 amen.
1115 2172 1256 2242 Humani
1276 2173 1401 2258 generis
1418 2174 1559 2242 acdones
1580 2173 1733 2241 memoria
1759 2177 1913 2257 perpetua
1925 2170 2069 2256 indigen·

516 2274 566 2339 tes
584 2270 769 2358 pleramque
793 2272 835 2341 ab
863 2273 1024 2343 hominum
1046 2276 1165 2344 noticia
1192 2275 1384 2360 dibbunurr,
1406 2296 1469 2364 que
1489 2278 1719 2362 scripturarum
1740 2294 1798 2342 sea
1819 2275 1949 2343 testium
1966 2271 2077 2360 muni-³

516 2372 601 2441 mine
629 2392 693 2443 non
721 2383 922 2445 renovantur.
964 2377 1067 2463 Igitur
1095 2396 1153 2446 nos
1183 2379 1337 2447 sccundus
1357 2379 1491 2447 Premisl
1512 2379 1574 2447 lici
1594 2380 1699 2465 gratia
1718 2378 1784 2446 dux
1805 2377 1936 2445 Polonie
1956 2381 2069 2444 aotam

512 2472 649 2544 iacimus
677 2477 831 2545 universis
854 2478 1137 2548 christifidelibus
1159 2487 1225 2548 tam
1246 2480 1447 2566 presentibus
1467 2499 1563 2565 quam
1585 2480 1702 2549 fumeis
1722 2486 1901 2566 presentem
1921 2479 2069 2564 peginam

516 2576 715 2664 inspecturis,
737 2580 823 2665 quod
840 2587 960 2666 quanto
982 2583 1072 2651 uobis
1092 2583 1134 2650 ad
1156 2583 1363 2653 uenerabilem
1384 2585 1418 2650 iu
1440 2582 1569 2651 cbristo
1589 2590 1714 2669 patrem
1742 2583 1903 2651 dominum
1925 2581 2069 2650 cunnen-

414 2687 418 2694 '
515 2676 591 2749 dum
604 2683 784 2769 episcopum
798 2685 1006 2753 ctecclcsiem
1020 2685 1235 2754 Labucensem
1249 2687 1350 2754 maior
1363 2687 1491 2756 dilectio
1505 2693 1556 2755 est
1569 2679 1713 2769 atteror,
1729 2691 1820 2754 nnn
1843 2686 1956 2754 maon
1970 2685 2067 2754 dilec·
2181 2714 2189 2725 1<

517 2784 614 2853 tlouis
626 2791 662 2854 et
673 2805 805 2871 operam
822 2787 1014 2856 exhibitione
1032 2789 1117 2873 ipsos
1132 2789 1292 2872 condignis
1305 2790 1421 2874 graciis
1435 2795 1470 2859 et
1483 2789 1672 2876 specialibus
1686 2788 1871 2856 libertatum
1884 2788 2068 2856 mnnembus

516 2888 665 2958 attollere
678 2889 823 2958 volumus
837 2896 871 2959 ct
883 2891 1003 2959 dotare
1021 2890 1113 2976 Sane,
1128 2911 1200 2960 eum
1213 2895 1429 2978 progenitores
1442 2895 1545 2962 nostri
1558 2911 1621 2961 non
1639 2893 1708 2960 sinc
1728 2892 1797 2961 zelo
1819 2892 1924 2975 divine
1935 2891 2070 2977 inspira·

517 2991 614 3060 tionis
634 2992 736 3078 ipsam
755 2992 918 3062 ecclesiam
931 2995 1148 3063 Lubuoensem
1162 3015 1221 3079 pro
1235 3015 1293 3063 sua
1306 3015 1496 3081 snommque
1510 3013 1725 3064 successorum
1740 2994 1853 3078 salute
1868 2991 1910 3063 ob
1923 3012 2068 3063 moeren-

519 3094 598 3163 tium
620 3100 654 3163 et
674 3095 825 3164 honorem
841 3095 927 3164 beati
942 3097 1105 3164 Adalberti
1120 3098 1261 3165 martiris
1276 3104 1373 3182 etque
1388 3096 1545 3182 pontificis
1558 3097 1687 3183 gloriosi
1701 3088 1902 3164 modoverint
1915 3102 1950 3165 et
1962 3095 2069 3164 condi
2216 3081 2220 3090 ’

515 3197 588 3282 gnis
600 3196 829 3266 hereditatibus
839 3205 874 3266 et
882 3199 1000 3283 prediis
1010 3199 1198 3283 doarmint,
1208 3218 1266 3266 nos
1277 3201 1416 3285 ipsorum
1428 3200 1550 3270 devotis
1561 3199 1702 3284 resdgds
1713 3199 1894 3281 inherendo,
1906 3199 2069 3284 capientes

518 3307 585 3368 tam
600 3299 645 3386 pii
658 3299 736 3368 iacti
749 3300 790 3368 ob
804 3308 940 3386 spem'et
949 3303 1084 3385 matiam
1103 3301 1208 3370 diune
1222 3302 1482 3370 remunerationis
1495 3303 1650 3370 zelatores
1664 3319 1744 3383 esse,
1759 3299 1948 3369 conferimus
1960 3299 2069 3369 rendi·

516 3402 613 3471 nonu
624 3402 693 3472 iare
706 3403 772 3471 aive
784 3403 878 3471 durio
893 3404 1034 3489 predicto
1049 3406 1175 3473 domino
1191 3405 1338 3474 Conrado
1349 3405 1520 3474 venerabili
1534 3406 1681 3498 episcopo
1693 3405 1823 3489 su'uque
1837 3403 2069 3472 successoribus

517 3510 552 3574 et
564 3504 694 3575 eoclede
714 3505 892 3575 Lubucensi
912 3509 945 3576 in
967 3508 1111 3576 omnibus
1131 3507 1222 3576 bonis
1245 3513 1278 3575 et
1299 3509 1415 3593 prediis
1435 3508 1512 3591 suis,
1532 3508 1649 3592 ubique
1661 3508 1696 3574 in
1710 3512 1819 3575 nostro
1834 3505 1972 3575 dominio
1986 3505 2068 3588 sitis,

516 3607 643 3694 plenam
668 3613 703 3676 et
729 3609 851 3694 largam
874 3610 908 3677 in
935 3616 1120 3695 perpetuam
1149 3611 1342 3692 libertatem
1371 3612 1420 3678 ita
1445 3610 1587 3695 quddam:
1617 3610 1652 3676 in
1677 3609 1819 3676 Kesimir
1840 3609 1891 3676 vel
1912 3608 1992 3676 alias
2013 3607 2069 3676 ubi

517 3715 664 3796 apertum
689 3712 786 3779 sitmn
815 3712 970 3794 habuerit,
1000 3712 1083 3781 locet
1110 3713 1217 3781 villam
1246 3713 1313 3781 sire
1341 3714 1502 3782 civimtem
1530 3711 1686 3780 forensem
1714 3730 1753 3780 ac
1782 3711 1864 3780 alias
1884 3709 1977 3778 villus
1999 3710 2069 3778 iure

517 3811 720 3895 Thermaico,
747 3831 810 3899 que
837 3814 948 3882 civitas
974 3819 1070 3898 atque
1097 3814 1171 3881 vinc
1200 3833 1271 3882 cum
1289 3814 1401 3882 incolis
1418 3832 1529 3882 earum
1552 3813 1698 3881 nuenton
1718 3818 1752 3881 et
1769 3813 1951 3898 gaudebunt
1968 3812 2069 3880 omni·

516 3913 612 3983 moda
632 3914 781 3984 ubertate
802 3921 836 3984 et
857 3916 1030 4000 privileglo‚
1057 3934 1121 4000 quo
1143 3917 1250 3982 omnia
1268 3915 1379 3999 predia
1399 3922 1434 3984 et
1454 3934 1563 3983 eoram
1585 3915 1686 3984 incole
1705 3914 1856 3982 trauntur
1877 3921 1911 3983 et
1930 3914 2070 3999 gaudem

517 4016 552 4085 in
579 4016 757 4086 Labucensi
781 4018 907 4103 dyocesi
933 4018 1107 4086 constituti.
1153 4017 1352 4086 Absolvimas
1380 4018 1478 4086 etiam
1507 4036 1561 4086 eos
1589 4018 1629 4086 de
1649 4017 1801 4103 poradlne
1823 4023 1856 4085 et
1876 4016 2071 4102 quibuslibet

518 4119 744 4205 medemnas,
771 4126 805 4188 et
832 4120 874 4188 ab
898 4122 1042 4190 omnibus
1063 4120 1202 4189 serviciis
1223 4121 1337 4208 quibus
1358 4127 1467 4189 nostre
1488 4120 1574 4188 curie
1594 4125 1767 4203 nocuoque
1787 4119 1926 4188 dominio
1945 4120 2070 4188 astricti

517 4221 716 4307 tenebantur,
739 4223 977 4309 quibuscunque
1004 4223 1182 4291 nominibus
1204 4223 1253 4292 rel
1275 4223 1435 4292 vombulis
1456 4229 1624 4291 censentur
1645 4226 1694 4291 rel
1717 4223 1814 4290 etiam
1836 4229 2068 4306 nuncupantur,

516 4325 663 4395 videlicet
687 4345 709 4394 a
730 4345 834 4407 naras,
856 4345 877 4394 a
901 4344 1005 4407 noros,
1031 4344 1052 4393 a
1079 4326 1206 4409 procori,
1232 4327 1459 4411 apodvorove,
1485 4332 1601 4406 atroce,
1623 4331 1711 4408 stan,
1735 4326 1837 4407 solsol,
1867 4331 2000 4409 castore,
2031 4346 2070 4395 ac

517 4446 539 4495 a
559 4427 719 4495 solucione
739 4427 843 4495 mellis
864 4427 948 4512 quod
969 4426 1084 4494 dicitur
1106 4428 1193 4496 maia
1223 4430 1405 4513 vulgariter,
1427 4428 1527 4496 latirm
1547 4446 1622 4496 uero
1643 4428 1737 4510 cibus3
1766 4428 1895 4510 abore,
1917 4448 1939 4496 a
1963 4447 2069 4512 vacca,

516 4529 558 4598 ab
575 4530 677 4615 opole.
719 4530 871 4598 Preterea
891 4529 1032 4599 homines
1052 4549 1126 4614 sepe
1148 4531 1233 4600 dicto
1254 4531 1383 4600 ecclesie
1402 4530 1596 4599 Lubncensia
1618 4549 1677 4598 nec
1697 4531 1739 4598 ad
1761 4537 1867 4598 castra
1893 4537 2005 4600 nostra
2025 4532 2070 4601 ci·

518 4632 665 4715 tabinrus,
690 4651 749 4701 nec
773 4632 815 4701 ad
836 4632 1049 4716 expolitiones
1077 4633 1133 4716 irc,
1156 4635 1219 4701 nisi
1240 4653 1298 4719 pro
1320 4640 1405 4702 terre
1425 4640 1534 4701 nostre
1554 4632 1734 4701 defensioue
1756 4635 1868 4702 moniti
1889 4634 1991 4702 litens
2012 4653 2070 4702 uo·

518 4735 596 4803 atris
624 4735 822 4820 specialibus,
850 4753 908 4802 uec
934 4734 975 4801 ad
1004 4734 1233 4805 elitimtionem
1260 4757 1317 4807 seu
1344 4737 1609 4806 constructionem
1638 4737 1860 4819 munitionum,
1881 4744 2069 4823 castrorum,

518 4839 682 4906 anama
712 4843 745 4907 ct
771 4838 914 4923 pontium
941 4838 1007 4907 ullo
1035 4841 1128 4909 modo
1150 4841 1350 4910 tenebuntur.
1394 4840 1462 4907 Nec
1482 4838 1607 4906 solvent
1627 4859 1741 4924 penam
1762 4840 1876 4923 capitis
1897 4841 2070 4909 secuudum

517 4959 636 5008 morem
665 4945 752 5009 terro
778 4947 895 5022 nostre,
921 4943 1192 5028 quotienscunque
1219 4944 1334 5029 aliquis
1362 4943 1395 5010 in
1422 4943 1566 5010 terminis
1595 4942 1810 5027 predictorum
1842 4943 1974 5011 ecclesie
1994 4963 2071 5030 sepa

426 5062 429 5067 ’
517 5043 602 5112 dicta
632 5044 815 5113 interfectas
838 5063 1024 5128 quacunque
1045 5053 1148 5114 morto
1169 5046 1264 5114 iciant
1290 5051 1323 5112 et
1344 5046 1474 5112 occisus.
1519 5043 1588 5112 Nec
1613 5045 1754 5112 ciusdem
1776 5045 1906 5113 ecclesio
1928 5046 2071 5115 hominos

518 5164 576 5231 per
601 5165 669 5230 nos,
696 5165 754 5213 noc
783 5166 840 5231 per
861 5148 1029 5231 palatinos,
1060 5167 1117 5216 nco
1139 5167 1196 5232 pcr
1222 5147 1419 5230 mstollauus,
1440 5166 1497 5215 ncc
1519 5165 1576 5231 por
1601 5147 1767 5229 clotarius,
1790 5167 1849 5215 noc
1869 5167 1927 5233 por
1945 5149 2070 5233 aliquos

518 5247 636 5315 iudicas
663 5248 729 5316 siro
755 5248 906 5316 ollicialcs
935 5255 1071 5333 nostros,
1091 5249 1328 5335 quibuscunque
1349 5249 1527 5317 nominibus
1548 5254 1725 5334 conseatur,
1747 5250 1968 5336 quoquomodo
1988 5252 2070 5320 iudi·

518 5350 685 5436 oeboutun
711 5351 766 5420 ssi
795 5352 974 5421 immoliatc
1004 5374 1061 5440 por
1081 5355 1241 5423 donuinam
1263 5355 1444 5439 episcopum
1466 5352 1682 5420 Lnbucouscm
1711 5354 1890 5439 quicunqne
1910 5373 1969 5440 pm
1990 5361 2070 5423 tom·
