<?xml version="1.0" encoding="UTF-8"?>
<!DOCTYPE html PUBLIC "-//W3C//DTD XHTML 1.0 Transitional//EN"
    "http://www.w3.org/TR/xhtml1/DTD/xhtml1-transitional.dtd">
<html xmlns="http://www.w3.org/1999/xhtml" xml:lang="en" lang="en">
 <head>
  <title>
</title>
<meta http-equiv="Content-Type" content="text/html;charset=utf-8" />
  <meta name='ocr-system' content='tesseract 3.04.00' />
  <meta name='ocr-capabilities' content='ocr_page ocr_carea ocr_par ocr_line ocrx_word'/>
</head>
<body>
  <div class='ocr_page' id='page_1' title='image "./codexdiplomatic03zakrgoog_0310.png"; bbox 0 0 4860 6180; ppageno 0'>
   <div class='ocr_carea' id='block_1_1' title="bbox 435 417 522 536">
    <p class='ocr_par' dir='ltr' id='par_1_1' title="bbox 435 417 522 536">
     <span class='ocr_line' id='line_1_1' title="bbox 435 417 522 536; baseline 0 -40"><span class='ocrx_word' id='word_1_1' title='bbox 435 417 522 536; x_wconf 81' lang='lat' dir='ltr'><strong>sna¹</strong></span> 
     </span>
    </p>
   </div>
   <div class='ocr_carea' id='block_1_2' title="bbox 343 613 2122 811">
    <p class='ocr_par' dir='ltr' id='par_1_2' title="bbox 343 613 2122 811">
     <span class='ocr_line' id='line_1_2' title="bbox 431 613 2120 730; baseline -0.005 -40"><span class='ocrx_word' id='word_1_2' title='bbox 431 619 474 690; x_wconf 84' lang='lat' dir='ltr'><strong>ad</strong></span> <span class='ocrx_word' id='word_1_3' title='bbox 494 618 713 688; x_wconf 89' lang='lat' dir='ltr'><strong>llbemtionem</strong></span> <span class='ocrx_word' id='word_1_4' title='bbox 733 619 832 706; x_wconf 88' lang='lat' dir='ltr'><strong>ipsius</strong></span> <span class='ocrx_word' id='word_1_5' title='bbox 854 625 888 689; x_wconf 92' lang='lat' dir='ltr'><strong>ct</strong></span> <span class='ocrx_word' id='word_1_6' title='bbox 908 619 1131 690; x_wconf 76' lang='lat' dir='ltr'><strong>exhibitionem</strong></span> <span class='ocrx_word' id='word_1_7' title='bbox 1152 617 1258 688; x_wconf 88' lang='lat' dir='ltr'><strong>debite</strong></span> <span class='ocrx_word' id='word_1_8' title='bbox 1276 617 1501 688; x_wconf 74' lang='lat' dir='ltr'><strong>satisfactionis</strong></span> <span class='ocrx_word' id='word_1_9' title='bbox 1523 621 1664 687; x_wconf 84' lang='lat' dir='ltr'><strong>cassetur</strong></span> <span class='ocrx_word' id='word_1_10' title='bbox 1682 615 1874 702; x_wconf 86' lang='lat' dir='ltr'><strong>generaliter</strong></span> <span class='ocrx_word' id='word_1_11' title='bbox 1898 613 1986 682; x_wconf 89' lang='lat' dir='ltr'><strong>adi·</strong></span> <span class='ocrx_word' id='word_1_12' title='bbox 2112 648 2120 730; x_wconf 51' lang='grc' dir='ltr'>ξ</span> 
     </span>
     <span class='ocr_line' id='line_1_3' title="bbox 343 717 2122 811; baseline -0.003 -21"><span class='ocrx_word' id='word_1_13' title='bbox 343 757 344 761; x_wconf 57' lang='lat'><em>=</em></span> <span class='ocrx_word' id='word_1_14' title='bbox 434 723 526 790; x_wconf 83' lang='lat' dir='ltr'><strong>vinis</strong></span> <span class='ocrx_word' id='word_1_15' title='bbox 557 719 712 789; x_wconf 77' lang='lat' dir='ltr'><strong>Similiter</strong></span> <span class='ocrx_word' id='word_1_16' title='bbox 725 729 759 791; x_wconf 92' lang='lat' dir='ltr'><strong>ct</strong></span> <span class='ocrx_word' id='word_1_17' title='bbox 772 725 805 799; x_wconf 90' lang='lat' dir='ltr'><strong>in</strong></span> <span class='ocrx_word' id='word_1_18' title='bbox 821 724 877 792; x_wconf 91' lang='lat' dir='ltr'><strong>illa</strong></span> <span class='ocrx_word' id='word_1_19' title='bbox 889 724 1039 810; x_wconf 90' lang='lat' dir='ltr'><strong>parochia</strong></span> <span class='ocrx_word' id='word_1_20' title='bbox 1052 723 1085 789; x_wconf 94' lang='lat' dir='ltr'><strong>in</strong></span> <span class='ocrx_word' id='word_1_21' title='bbox 1101 742 1165 807; x_wconf 89' lang='lat' dir='ltr'><strong>qua</strong></span> <span class='ocrx_word' id='word_1_22' title='bbox 1178 741 1229 790; x_wconf 89' lang='lat' dir='ltr'><strong>res</strong></span> <span class='ocrx_word' id='word_1_23' title='bbox 1250 720 1370 791; x_wconf 81' lang='lat' dir='ltr'><strong>clericis</strong></span> <span class='ocrx_word' id='word_1_24' title='bbox 1383 723 1537 791; x_wconf 89' lang='lat' dir='ltr'><strong>violenter</strong></span> <span class='ocrx_word' id='word_1_25' title='bbox 1557 721 1680 788; x_wconf 86' lang='lat' dir='ltr'><strong>ablatas</strong></span> <span class='ocrx_word' id='word_1_26' title='bbox 1701 720 1771 805; x_wconf 89' lang='lat' dir='ltr'><strong>capi</strong></span> <span class='ocrx_word' id='word_1_27' title='bbox 1789 719 1839 786; x_wconf 92' lang='lat' dir='ltr'><strong>vel</strong></span> <span class='ocrx_word' id='word_1_28' title='bbox 1853 717 1988 785; x_wconf 84' lang='lat' dir='ltr'><strong>detineri</strong></span> <span class='ocrx_word' id='word_1_29' title='bbox 2114 736 2122 811; x_wconf 55' lang='grc' dir='ltr'>ξ</span> 
     </span>
    </p>
   </div>
   <div class='ocr_carea' id='block_1_3' title="bbox 432 822 2133 1021">
    <p class='ocr_par' dir='ltr' id='par_1_3' title="bbox 432 822 2133 1021">
     <span class='ocr_line' id='line_1_4' title="bbox 432 822 2120 917; baseline -0.004 -24"><span class='ocrx_word' id='word_1_30' title='bbox 432 823 612 910; x_wconf 75' lang='lat' dir='ltr'><strong>conhgarit,</strong></span> <span class='ocrx_word' id='word_1_31' title='bbox 634 843 735 910; x_wconf 90' lang='lat' dir='ltr'><strong>usque</strong></span> <span class='ocrx_word' id='word_1_32' title='bbox 755 826 1049 895; x_wconf 76' lang='lat' dir='ltr'><strong>arl&#39;restitutionem</strong></span> <span class='ocrx_word' id='word_1_33' title='bbox 1070 831 1105 893; x_wconf 90' lang='lat' dir='ltr'><strong>et</strong></span> <span class='ocrx_word' id='word_1_34' title='bbox 1126 825 1372 894; x_wconf 75' lang='lat' dir='ltr'><strong>satisfactionem</strong></span> <span class='ocrx_word' id='word_1_35' title='bbox 1391 825 1577 910; x_wconf 76' lang='lat' dir='ltr'><strong>condignam</strong></span> <span class='ocrx_word' id='word_1_36' title='bbox 1598 843 1619 890; x_wconf 89' lang='lat' dir='ltr'><strong>a</strong></span> <span class='ocrx_word' id='word_1_37' title='bbox 1640 822 1754 890; x_wconf 90' lang='lat' dir='ltr'><strong>divinis</strong></span> <span class='ocrx_word' id='word_1_38' title='bbox 1777 827 1926 890; x_wconf 83' lang='lat' dir='ltr'><strong>cessetur.</strong></span> <span class='ocrx_word' id='word_1_39' title='bbox 2115 876 2120 917; x_wconf 87' lang='lat'>:</span> 
     </span>
     <span class='ocr_line' id='line_1_5' title="bbox 537 921 2133 1021; baseline 0.001 -30"><span class='ocrx_word' id='word_1_40' title='bbox 537 925 570 996; x_wconf 77' lang='lat' dir='ltr'><strong>a.</strong></span> <span class='ocrx_word' id='word_1_41' title='bbox 613 925 705 1011; x_wconf 84' lang='lat' dir='ltr'><strong>Item,</strong></span> <span class='ocrx_word' id='word_1_42' title='bbox 728 933 799 997; x_wconf 83' lang='lat' dir='ltr'><strong>cuin</strong></span> <span class='ocrx_word' id='word_1_43' title='bbox 821 929 1013 997; x_wconf 89' lang='lat' dir='ltr'><strong>matrimonii</strong></span> <span class='ocrx_word' id='word_1_44' title='bbox 1033 927 1273 996; x_wconf 88' lang='lat' dir='ltr'><strong>Sacmmentum</strong></span> <span class='ocrx_word' id='word_1_45' title='bbox 1292 948 1355 996; x_wconf 93' lang='lat' dir='ltr'><strong>non</strong></span> <span class='ocrx_word' id='word_1_46' title='bbox 1383 928 1426 994; x_wconf 90' lang='lat' dir='ltr'><strong>sit</strong></span> <span class='ocrx_word' id='word_1_47' title='bbox 1454 926 1682 996; x_wconf 86' lang='lat' dir='ltr'><strong>incontinentia</strong></span> <span class='ocrx_word' id='word_1_48' title='bbox 1710 925 1910 1010; x_wconf 79' lang='lat' dir='ltr'><strong>precipitium</strong></span> <span class='ocrx_word' id='word_1_49' title='bbox 1931 921 1988 990; x_wconf 92' lang='lat' dir='ltr'><strong>sed</strong></span> <span class='ocrx_word' id='word_1_50' title='bbox 2114 948 2133 1021; x_wconf 53' lang='grc' dir='ltr'><strong>ᾗ,</strong></span> 
     </span>
    </p>
   </div>
   <div class='ocr_carea' id='block_1_4' title="bbox 357 1025 2133 1223">
    <p class='ocr_par' dir='ltr' id='par_1_4' title="bbox 357 1025 2133 1223">
     <span class='ocr_line' id='line_1_6' title="bbox 432 1025 2133 1129; baseline -0.008 -28"><span class='ocrx_word' id='word_1_51' title='bbox 432 1029 533 1116; x_wconf 83' lang='lat' dir='ltr'><strong>magis</strong></span> <span class='ocrx_word' id='word_1_52' title='bbox 552 1031 726 1098; x_wconf 82' lang='lat' dir='ltr'><strong>remevliunr</strong></span> <span class='ocrx_word' id='word_1_53' title='bbox 748 1039 860 1099; x_wconf 92' lang='lat' dir='ltr'><strong>contra</strong></span> <span class='ocrx_word' id='word_1_54' title='bbox 880 1032 968 1114; x_wconf 86' lang='lat' dir='ltr'><strong>iilud,</strong></span> <span class='ocrx_word' id='word_1_55' title='bbox 991 1051 1054 1099; x_wconf 91' lang='lat' dir='ltr'><strong>non</strong></span> <span class='ocrx_word' id='word_1_56' title='bbox 1077 1030 1197 1115; x_wconf 88' lang='lat' dir='ltr'><strong>absque</strong></span> <span class='ocrx_word' id='word_1_57' title='bbox 1218 1031 1327 1099; x_wconf 89' lang='lat' dir='ltr'><strong>dolore</strong></span> <span class='ocrx_word' id='word_1_58' title='bbox 1347 1029 1451 1097; x_wconf 87' lang='lat' dir='ltr'><strong>cordis</strong></span> <span class='ocrx_word' id='word_1_59' title='bbox 1479 1029 1666 1110; x_wconf 90' lang='lat' dir='ltr'><strong>andivimus,</strong></span> <span class='ocrx_word' id='word_1_60' title='bbox 1698 1027 1852 1112; x_wconf 90' lang='lat' dir='ltr'><strong>quosdam</strong></span> <span class='ocrx_word' id='word_1_61' title='bbox 1872 1027 1906 1091; x_wconf 92' lang='lat' dir='ltr'><strong>iu</strong></span> <span class='ocrx_word' id='word_1_62' title='bbox 1927 1025 1988 1092; x_wconf 91' lang='lat' dir='ltr'><strong>hae</strong></span> <span class='ocrx_word' id='word_1_63' title='bbox 2115 1040 2133 1129; x_wconf 66' lang='lat' dir='ltr'><strong>f,</strong></span> 
     </span>
     <span class='ocr_line' id='line_1_7' title="bbox 357 1127 2120 1223; baseline -0.007 -20"><span class='ocrx_word' id='word_1_64' title='bbox 357 1167 359 1172; x_wconf 49' lang='lat'><strong><em>¹</em></strong></span> <span class='ocrx_word' id='word_1_65' title='bbox 431 1132 594 1218; x_wconf 88' lang='lat' dir='ltr'><strong>provincia</strong></span> <span class='ocrx_word' id='word_1_66' title='bbox 615 1135 661 1201; x_wconf 91' lang='lat' dir='ltr'><strong>sic</strong></span> <span class='ocrx_word' id='word_1_67' title='bbox 683 1152 704 1200; x_wconf 93' lang='lat' dir='ltr'><strong>a</strong></span> <span class='ocrx_word' id='word_1_68' title='bbox 724 1152 780 1201; x_wconf 87' lang='lat' dir='ltr'><strong>sue</strong></span> <span class='ocrx_word' id='word_1_69' title='bbox 801 1135 905 1201; x_wconf 90' lang='lat' dir='ltr'><strong>carnis</strong></span> <span class='ocrx_word' id='word_1_70' title='bbox 926 1135 1090 1220; x_wconf 87' lang='lat' dir='ltr'><strong>voluptate</strong></span> <span class='ocrx_word' id='word_1_71' title='bbox 1110 1136 1160 1201; x_wconf 91' lang='lat' dir='ltr'><strong>vel</strong></span> <span class='ocrx_word' id='word_1_72' title='bbox 1183 1142 1310 1202; x_wconf 85' lang='lat' dir='ltr'><strong>terrena</strong></span> <span class='ocrx_word' id='word_1_73' title='bbox 1330 1132 1504 1217; x_wconf 87' lang='lat' dir='ltr'><strong>cupiditate</strong></span> <span class='ocrx_word' id='word_1_74' title='bbox 1532 1132 1690 1215; x_wconf 81' lang='lat' dir='ltr'><strong>rieoepma,</strong></span> <span class='ocrx_word' id='word_1_75' title='bbox 1717 1130 1802 1215; x_wconf 89' lang='lat' dir='ltr'><strong>quod</strong></span> <span class='ocrx_word' id='word_1_76' title='bbox 1828 1130 1861 1196; x_wconf 92' lang='lat' dir='ltr'><strong>in</strong></span> <span class='ocrx_word' id='word_1_77' title='bbox 1887 1127 1988 1212; x_wconf 81' lang='lat' dir='ltr'><strong>gradu</strong></span> <span class='ocrx_word' id='word_1_78' title='bbox 2076 1209 2078 1212; x_wconf 8' lang='lat' dir='ltr'>y</span> <span class='ocrx_word' id='word_1_79' title='bbox 2116 1156 2120 1223; x_wconf 65' lang='lat' dir='ltr'>j</span> 
     </span>
    </p>
   </div>
   <div class='ocr_carea' id='block_1_5' title="bbox 430 1230 1989 1420">
    <p class='ocr_par' dir='ltr' id='par_1_5' title="bbox 430 1230 1989 1420">
     <span class='ocr_line' id='line_1_8' title="bbox 430 1230 1989 1321; baseline -0.005 -17"><span class='ocrx_word' id='word_1_80' title='bbox 430 1234 593 1320; x_wconf 90' lang='lat' dir='ltr'><strong>pmhibito</strong></span> <span class='ocrx_word' id='word_1_81' title='bbox 614 1236 654 1303; x_wconf 89' lang='lat' dir='ltr'><strong>de</strong></span> <span class='ocrx_word' id='word_1_82' title='bbox 675 1235 758 1302; x_wconf 85' lang='lat' dir='ltr'><strong>tacto</strong></span> <span class='ocrx_word' id='word_1_83' title='bbox 780 1243 899 1305; x_wconf 85' lang='lat' dir='ltr'><strong>temere</strong></span> <span class='ocrx_word' id='word_1_84' title='bbox 920 1238 1142 1306; x_wconf 70' lang='lat' dir='ltr'><strong>contrahentes</strong></span> <span class='ocrx_word' id='word_1_85' title='bbox 1164 1235 1248 1321; x_wconf 89' lang='lat' dir='ltr'><strong>quod</strong></span> <span class='ocrx_word' id='word_1_86' title='bbox 1269 1253 1333 1302; x_wconf 94' lang='lat' dir='ltr'><strong>non</strong></span> <span class='ocrx_word' id='word_1_87' title='bbox 1353 1241 1421 1303; x_wconf 91' lang='lat' dir='ltr'><strong>tam</strong></span> <span class='ocrx_word' id='word_1_88' title='bbox 1442 1232 1677 1300; x_wconf 86' lang='lat' dir='ltr'><strong>matrimonium</strong></span> <span class='ocrx_word' id='word_1_89' title='bbox 1700 1251 1796 1317; x_wconf 86' lang='lat' dir='ltr'><strong>quam</strong></span> <span class='ocrx_word' id='word_1_90' title='bbox 1820 1230 1989 1298; x_wconf 87' lang='lat' dir='ltr'><strong>contuber-</strong></span> 
     </span>
     <span class='ocr_line' id='line_1_9' title="bbox 432 1332 1987 1420; baseline -0.005 -13"><span class='ocrx_word' id='word_1_91' title='bbox 432 1339 522 1407; x_wconf 90' lang='lat' dir='ltr'><strong>ninm</strong></span> <span class='ocrx_word' id='word_1_92' title='bbox 543 1337 639 1406; x_wconf 91' lang='lat' dir='ltr'><strong>debet</strong></span> <span class='ocrx_word' id='word_1_93' title='bbox 659 1338 732 1420; x_wconf 92' lang='lat' dir='ltr'><strong>dici,</strong></span> <span class='ocrx_word' id='word_1_94' title='bbox 755 1357 789 1406; x_wconf 89' lang='lat' dir='ltr'><strong>se</strong></span> <span class='ocrx_word' id='word_1_95' title='bbox 810 1340 843 1405; x_wconf 94' lang='lat' dir='ltr'><strong>in</strong></span> <span class='ocrx_word' id='word_1_96' title='bbox 866 1340 1043 1408; x_wconf 89' lang='lat' dir='ltr'><strong>incestuose</strong></span> <span class='ocrx_word' id='word_1_97' title='bbox 1064 1340 1187 1407; x_wconf 86' lang='lat' dir='ltr'><strong>luxurie</strong></span> <span class='ocrx_word' id='word_1_98' title='bbox 1208 1338 1364 1405; x_wconf 89' lang='lat' dir='ltr'><strong>vilitatem</strong></span> <span class='ocrx_word' id='word_1_99' title='bbox 1384 1337 1578 1420; x_wconf 77' lang='lat' dir='ltr'><strong>immergere,</strong></span> <span class='ocrx_word' id='word_1_100' title='bbox 1604 1341 1639 1402; x_wconf 92' lang='lat' dir='ltr'><strong>et</strong></span> <span class='ocrx_word' id='word_1_101' title='bbox 1660 1332 1900 1402; x_wconf 84' lang='lat' dir='ltr'><strong>Sacramemum</strong></span> <span class='ocrx_word' id='word_1_102' title='bbox 1918 1352 1987 1400; x_wconf 91' lang='lat' dir='ltr'><strong>ma·</strong></span> 
     </span>
    </p>
   </div>
   <div class='ocr_carea' id='block_1_6' title="bbox 433 1437 2122 1528">
    <p class='ocr_par' dir='ltr' id='par_1_6' title="bbox 433 1437 2122 1528">
     <span class='ocr_line' id='line_1_10' title="bbox 433 1437 2122 1528; baseline -0.003 -20"><span class='ocrx_word' id='word_1_103' title='bbox 433 1440 574 1508; x_wconf 85' lang='lat' dir='ltr'><strong>trimonii</strong></span> <span class='ocrx_word' id='word_1_104' title='bbox 597 1445 752 1525; x_wconf 89' lang='lat' dir='ltr'><strong>quantum</strong></span> <span class='ocrx_word' id='word_1_105' title='bbox 773 1440 808 1508; x_wconf 90' lang='lat' dir='ltr'><strong>in</strong></span> <span class='ocrx_word' id='word_1_106' title='bbox 826 1441 903 1526; x_wconf 91' lang='lat' dir='ltr'><strong>ipsis</strong></span> <span class='ocrx_word' id='word_1_107' title='bbox 924 1449 975 1509; x_wconf 86' lang='lat' dir='ltr'><strong>est</strong></span> <span class='ocrx_word' id='word_1_108' title='bbox 994 1444 1135 1528; x_wconf 90' lang='lat' dir='ltr'><strong>polluere</strong></span> <span class='ocrx_word' id='word_1_109' title='bbox 1155 1461 1219 1509; x_wconf 93' lang='lat' dir='ltr'><strong>non</strong></span> <span class='ocrx_word' id='word_1_110' title='bbox 1240 1447 1398 1508; x_wconf 80' lang='lat' dir='ltr'><strong>verentur.</strong></span> <span class='ocrx_word' id='word_1_111' title='bbox 1442 1437 1509 1505; x_wconf 86' lang='lat' dir='ltr'><strong>Nos</strong></span> <span class='ocrx_word' id='word_1_112' title='bbox 1538 1437 1647 1522; x_wconf 85' lang='lat' dir='ltr'><strong>itaque</strong></span> <span class='ocrx_word' id='word_1_113' title='bbox 1671 1441 1799 1504; x_wconf 90' lang='lat' dir='ltr'><strong>tantum</strong></span> <span class='ocrx_word' id='word_1_114' title='bbox 1826 1454 1988 1504; x_wconf 82' lang='lat' dir='ltr'><strong>excessum</strong></span> <span class='ocrx_word' id='word_1_115' title='bbox 2119 1525 2122 1528; x_wconf 8' lang='grc' dir='ltr'><em>Α</em></span> 
     </span>
    </p>
   </div>
   <div class='ocr_carea' id='block_1_7' title="bbox 430 1539 1987 1732">
    <p class='ocr_par' dir='ltr' id='par_1_7' title="bbox 430 1539 1987 1732">
     <span class='ocr_line' id='line_1_11' title="bbox 432 1539 1987 1628; baseline -0.003 -18"><span class='ocrx_word' id='word_1_116' title='bbox 432 1541 673 1610; x_wconf 85' lang='lat' dir='ltr'><strong>conniventibus</strong></span> <span class='ocrx_word' id='word_1_117' title='bbox 694 1542 794 1609; x_wconf 90' lang='lat' dir='ltr'><strong>oculis</strong></span> <span class='ocrx_word' id='word_1_118' title='bbox 815 1545 1009 1628; x_wconf 89' lang='lat' dir='ltr'><strong>pertransire</strong></span> <span class='ocrx_word' id='word_1_119' title='bbox 1030 1545 1174 1613; x_wconf 89' lang='lat' dir='ltr'><strong>nolentes</strong></span> <span class='ocrx_word' id='word_1_120' title='bbox 1195 1543 1255 1611; x_wconf 92' lang='lat' dir='ltr'><strong>sub</strong></span> <span class='ocrx_word' id='word_1_121' title='bbox 1274 1562 1356 1628; x_wconf 89' lang='lat' dir='ltr'><strong>pena</strong></span> <span class='ocrx_word' id='word_1_122' title='bbox 1375 1540 1707 1609; x_wconf 83' lang='lat' dir='ltr'><strong>excommunicationis</strong></span> <span class='ocrx_word' id='word_1_123' title='bbox 1720 1539 1899 1606; x_wconf 88' lang='lat' dir='ltr'><strong>districtius</strong></span> <span class='ocrx_word' id='word_1_124' title='bbox 1912 1557 1987 1623; x_wconf 93' lang='lat' dir='ltr'><strong>pro·</strong></span> 
     </span>
     <span class='ocr_line' id='line_1_12' title="bbox 430 1642 1987 1732; baseline -0.004 -19"><span class='ocrx_word' id='word_1_125' title='bbox 430 1644 587 1727; x_wconf 90' lang='lat' dir='ltr'><strong>bibemus,</strong></span> <span class='ocrx_word' id='word_1_126' title='bbox 615 1664 657 1712; x_wconf 92' lang='lat' dir='ltr'><strong>ne</strong></span> <span class='ocrx_word' id='word_1_127' title='bbox 682 1645 802 1730; x_wconf 83' lang='lat' dir='ltr'><strong>absqvm</strong></span> <span class='ocrx_word' id='word_1_128' title='bbox 831 1645 1063 1732; x_wconf 89' lang='lat' dir='ltr'><strong>dispensatione</strong></span> <span class='ocrx_word' id='word_1_129' title='bbox 1088 1647 1177 1716; x_wconf 90' lang='lat' dir='ltr'><strong>Sedis</strong></span> <span class='ocrx_word' id='word_1_130' title='bbox 1204 1645 1376 1731; x_wconf 87' lang='lat' dir='ltr'><strong>apostolice</strong></span> <span class='ocrx_word' id='word_1_131' title='bbox 1405 1645 1470 1712; x_wconf 89' lang='lat' dir='ltr'><strong>talo</strong></span> <span class='ocrx_word' id='word_1_132' title='bbox 1495 1642 1642 1728; x_wconf 81' lang='lat' dir='ltr'><strong>deinceps</strong></span> <span class='ocrx_word' id='word_1_133' title='bbox 1670 1642 1907 1711; x_wconf 74' lang='lat' dir='ltr'><strong>matrimonium</strong></span> <span class='ocrx_word' id='word_1_134' title='bbox 1929 1659 1987 1708; x_wconf 88' lang='lat' dir='ltr'><strong>scu</strong></span> 
     </span>
    </p>
   </div>
   <div class='ocr_carea' id='block_1_8' title="bbox 431 1726 2125 1840">
    <p class='ocr_par' dir='ltr' id='par_1_8' title="bbox 431 1726 2125 1840">
     <span class='ocr_line' id='line_1_13' title="bbox 431 1726 2125 1840; baseline -0.003 -23"><span class='ocrx_word' id='word_1_135' title='bbox 431 1747 674 1817; x_wconf 89' lang='lat' dir='ltr'><strong>contubernium</strong></span> <span class='ocrx_word' id='word_1_136' title='bbox 687 1749 912 1834; x_wconf 80' lang='lat' dir='ltr'><strong>contrahatur,</strong></span> <span class='ocrx_word' id='word_1_137' title='bbox 931 1750 1072 1834; x_wconf 89' lang='lat' dir='ltr'><strong>alioquin</strong></span> <span class='ocrx_word' id='word_1_138' title='bbox 1092 1749 1272 1818; x_wconf 74' lang='lat' dir='ltr'><strong>sacerdotes</strong></span> <span class='ocrx_word' id='word_1_139' title='bbox 1288 1749 1344 1833; x_wconf 87' lang='lat' dir='ltr'><strong>qui</strong></span> <span class='ocrx_word' id='word_1_140' title='bbox 1365 1747 1447 1840; x_wconf 78' lang='lat' dir='ltr'><strong>tales</strong></span> <span class='ocrx_word' id='word_1_141' title='bbox 1461 1745 1690 1828; x_wconf 85' lang='lat' dir='ltr'><strong>coniunxerint,</strong></span> <span class='ocrx_word' id='word_1_142' title='bbox 1712 1744 1902 1812; x_wconf 85' lang='lat' dir='ltr'><strong>sacerdotali</strong></span> <span class='ocrx_word' id='word_1_143' title='bbox 1916 1744 1987 1812; x_wconf 86' lang='lat' dir='ltr'><strong>olii·</strong></span> <span class='ocrx_word' id='word_1_144' title='bbox 2116 1726 2125 1828; x_wconf 25' lang='lat'><strong>&#39;2</strong></span> 
     </span>
    </p>
   </div>
   <div class='ocr_carea' id='block_1_9' title="bbox 343 1845 2036 4197">
    <p class='ocr_par' dir='ltr' id='par_1_9' title="bbox 343 1845 2036 3066">
     <span class='ocr_line' id='line_1_14' title="bbox 431 1845 1983 1937; baseline -0.003 -19"><span class='ocrx_word' id='word_1_145' title='bbox 431 1849 481 1918; x_wconf 87' lang='lat' dir='ltr'><strong>cio</strong></span> <span class='ocrx_word' id='word_1_146' title='bbox 502 1850 649 1917; x_wconf 85' lang='lat' dir='ltr'><strong>noverint</strong></span> <span class='ocrx_word' id='word_1_147' title='bbox 669 1868 704 1918; x_wconf 91' lang='lat' dir='ltr'><strong>so</strong></span> <span class='ocrx_word' id='word_1_148' title='bbox 725 1869 908 1936; x_wconf 81' lang='lat' dir='ltr'><strong>suspensos3</strong></span> <span class='ocrx_word' id='word_1_149' title='bbox 930 1851 977 1919; x_wconf 89' lang='lat' dir='ltr'><strong>illi</strong></span> <span class='ocrx_word' id='word_1_150' title='bbox 999 1869 1072 1920; x_wconf 90' lang='lat' dir='ltr'><strong>vero</strong></span> <span class='ocrx_word' id='word_1_151' title='bbox 1086 1853 1141 1937; x_wconf 88' lang='lat' dir='ltr'><strong>qui</strong></span> <span class='ocrx_word' id='word_1_152' title='bbox 1156 1852 1203 1920; x_wconf 90' lang='lat' dir='ltr'><strong>sie</strong></span> <span class='ocrx_word' id='word_1_153' title='bbox 1216 1851 1352 1919; x_wconf 87' lang='lat' dir='ltr'><strong>scienter</strong></span> <span class='ocrx_word' id='word_1_154' title='bbox 1372 1847 1573 1934; x_wconf 87' lang='lat' dir='ltr'><strong>permiserint</strong></span> <span class='ocrx_word' id='word_1_155' title='bbox 1586 1866 1621 1916; x_wconf 89' lang='lat' dir='ltr'><strong>se</strong></span> <span class='ocrx_word' id='word_1_156' title='bbox 1634 1847 1792 1932; x_wconf 89' lang='lat' dir='ltr'><strong>coniungi,</strong></span> <span class='ocrx_word' id='word_1_157' title='bbox 1813 1847 1884 1931; x_wconf 89' lang='lat' dir='ltr'><strong>ipso</strong></span> <span class='ocrx_word' id='word_1_158' title='bbox 1897 1845 1983 1914; x_wconf 84' lang='lat' dir='ltr'><strong>iacto</strong></span> 
     </span>
     <span class='ocr_line' id='line_1_15' title="bbox 436 1949 1989 2041; baseline -0.003 -21"><span class='ocrx_word' id='word_1_159' title='bbox 436 1951 478 2021; x_wconf 81' lang='lat' dir='ltr'><strong>ab</strong></span> <span class='ocrx_word' id='word_1_160' title='bbox 499 1953 646 2038; x_wconf 78' lang='lat' dir='ltr'><strong>ingressu</strong></span> <span class='ocrx_word' id='word_1_161' title='bbox 663 1954 794 2022; x_wconf 88' lang='lat' dir='ltr'><strong>ecclesie</strong></span> <span class='ocrx_word' id='word_1_162' title='bbox 815 1953 1057 2041; x_wconf 87' lang='lat' dir='ltr'><strong>suspendantur.</strong></span> <span class='ocrx_word' id='word_1_163' title='bbox 1101 1954 1167 2022; x_wconf 87' lang='lat' dir='ltr'><strong>Sub</strong></span> <span class='ocrx_word' id='word_1_164' title='bbox 1198 1953 1307 2022; x_wconf 85' lang='lat' dir='ltr'><strong>eadem</strong></span> <span class='ocrx_word' id='word_1_165' title='bbox 1335 1971 1461 2038; x_wconf 87' lang='lat' dir='ltr'><strong>quoquc</strong></span> <span class='ocrx_word' id='word_1_166' title='bbox 1488 1971 1572 2036; x_wconf 89' lang='lat' dir='ltr'><strong>pena</strong></span> <span class='ocrx_word' id='word_1_167' title='bbox 1601 1951 1665 2018; x_wconf 88' lang='lat' dir='ltr'><strong>iliis</strong></span> <span class='ocrx_word' id='word_1_168' title='bbox 1694 1951 1750 2035; x_wconf 89' lang='lat' dir='ltr'><strong>qui</strong></span> <span class='ocrx_word' id='word_1_169' title='bbox 1776 1949 1842 2016; x_wconf 88' lang='lat' dir='ltr'><strong>lam</strong></span> <span class='ocrx_word' id='word_1_170' title='bbox 1868 1949 1989 2032; x_wconf 70' lang='lat' dir='ltr'><strong>amque</strong></span> 
     </span>
     <span class='ocr_line' id='line_1_16' title="bbox 435 2051 1989 2142; baseline -0.004 -18"><span class='ocrx_word' id='word_1_171' title='bbox 435 2055 672 2142; x_wconf 86' lang='lat' dir='ltr'><strong>dispensatione</strong></span> <span class='ocrx_word' id='word_1_172' title='bbox 693 2057 759 2124; x_wconf 88' lang='lat' dir='ltr'><strong>tale</strong></span> <span class='ocrx_word' id='word_1_173' title='bbox 779 2058 1016 2125; x_wconf 87' lang='lat' dir='ltr'><strong>matrimonium</strong></span> <span class='ocrx_word' id='word_1_174' title='bbox 1038 2057 1252 2125; x_wconf 77' lang='lat' dir='ltr'><strong>conumerint</strong></span> <span class='ocrx_word' id='word_1_175' title='bbox 1272 2055 1415 2124; x_wconf 85' lang='lat' dir='ltr'><strong>districte</strong></span> <span class='ocrx_word' id='word_1_176' title='bbox 1426 2054 1626 2140; x_wconf 84' lang='lat' dir='ltr'><strong>precipimus,</strong></span> <span class='ocrx_word' id='word_1_177' title='bbox 1647 2057 1686 2120; x_wconf 90' lang='lat' dir='ltr'><strong>ut</strong></span> <span class='ocrx_word' id='word_1_178' title='bbox 1698 2051 1741 2121; x_wconf 83' lang='lat' dir='ltr'><strong>ab</strong></span> <span class='ocrx_word' id='word_1_179' title='bbox 1753 2051 1989 2120; x_wconf 85' lang='lat' dir='ltr'><strong>cohabitatione</strong></span> 
     </span>
     <span class='ocr_line' id='line_1_17' title="bbox 343 2155 1990 2244; baseline -0.002 -18"><span class='ocrx_word' id='word_1_180' title='bbox 343 2173 345 2176; x_wconf 70' lang='grc'>’</span> <span class='ocrx_word' id='word_1_181' title='bbox 432 2157 567 2226; x_wconf 88' lang='lat' dir='ltr'><strong>invicem</strong></span> <span class='ocrx_word' id='word_1_182' title='bbox 588 2158 794 2241; x_wconf 86' lang='lat' dir='ltr'><strong>abstinentes,</strong></span> <span class='ocrx_word' id='word_1_183' title='bbox 819 2159 986 2228; x_wconf 76' lang='lat' dir='ltr'><strong>diocmano</strong></span> <span class='ocrx_word' id='word_1_184' title='bbox 1005 2177 1063 2227; x_wconf 90' lang='lat' dir='ltr'><strong>sno</strong></span> <span class='ocrx_word' id='word_1_185' title='bbox 1084 2161 1134 2228; x_wconf 89' lang='lat' dir='ltr'><strong>vel</strong></span> <span class='ocrx_word' id='word_1_186' title='bbox 1161 2160 1218 2228; x_wconf 91' lang='lat' dir='ltr'><strong>alii</strong></span> <span class='ocrx_word' id='word_1_187' title='bbox 1239 2160 1371 2244; x_wconf 87' lang='lat' dir='ltr'><strong>prelato,</strong></span> <span class='ocrx_word' id='word_1_188' title='bbox 1393 2158 1435 2225; x_wconf 89' lang='lat' dir='ltr'><strong>ad</strong></span> <span class='ocrx_word' id='word_1_189' title='bbox 1456 2177 1550 2243; x_wconf 88' lang='lat' dir='ltr'><strong>quem</strong></span> <span class='ocrx_word' id='word_1_190' title='bbox 1564 2157 1604 2224; x_wconf 88' lang='lat' dir='ltr'><strong>de</strong></span> <span class='ocrx_word' id='word_1_191' title='bbox 1617 2158 1686 2223; x_wconf 89' lang='lat' dir='ltr'><strong>iura</strong></span> <span class='ocrx_word' id='word_1_192' title='bbox 1699 2156 1750 2223; x_wconf 90' lang='lat' dir='ltr'><strong>vel</strong></span> <span class='ocrx_word' id='word_1_193' title='bbox 1764 2155 1990 2223; x_wconf 89' lang='lat' dir='ltr'><strong>consuetudine</strong></span> 
     </span>
     <span class='ocr_line' id='line_1_18' title="bbox 431 2256 2036 2348; baseline -0.001 -20"><span class='ocrx_word' id='word_1_194' title='bbox 431 2260 590 2346; x_wconf 82' lang='lat' dir='ltr'><strong>pertinere</strong></span> <span class='ocrx_word' id='word_1_195' title='bbox 610 2261 785 2330; x_wconf 92' lang='lat' dir='ltr'><strong>dinoscitur</strong></span> <span class='ocrx_word' id='word_1_196' title='bbox 807 2263 919 2330; x_wconf 89' lang='lat' dir='ltr'><strong>talium</strong></span> <span class='ocrx_word' id='word_1_197' title='bbox 942 2263 1079 2348; x_wconf 78' lang='lat' dir='ltr'><strong>cognitio</strong></span> <span class='ocrx_word' id='word_1_198' title='bbox 1101 2282 1279 2345; x_wconf 89' lang='lat' dir='ltr'><strong>causarum,</strong></span> <span class='ocrx_word' id='word_1_199' title='bbox 1309 2261 1355 2329; x_wconf 90' lang='lat' dir='ltr'><strong>rei</strong></span> <span class='ocrx_word' id='word_1_200' title='bbox 1375 2260 1542 2328; x_wconf 87' lang='lat' dir='ltr'><strong>veritatem</strong></span> <span class='ocrx_word' id='word_1_201' title='bbox 1570 2259 1731 2326; x_wconf 76' lang='lat' dir='ltr'><strong>insinumc</strong></span> <span class='ocrx_word' id='word_1_202' title='bbox 1756 2276 1822 2326; x_wconf 92' lang='lat' dir='ltr'><strong>nou</strong></span> <span class='ocrx_word' id='word_1_203' title='bbox 1850 2256 1989 2338; x_wconf 89' lang='lat' dir='ltr'><strong>tardeut,</strong></span> <span class='ocrx_word' id='word_1_204' title='bbox 2033 2336 2036 2342; x_wconf 44' lang='grc'><em>,</em></span> 
     </span>
     <span class='ocr_line' id='line_1_19' title="bbox 432 2358 1989 2450; baseline -0.002 -20"><span class='ocrx_word' id='word_1_205' title='bbox 432 2363 488 2447; x_wconf 80' lang='lat' dir='ltr'><strong>qni</strong></span> <span class='ocrx_word' id='word_1_206' title='bbox 509 2363 630 2431; x_wconf 88' lang='lat' dir='ltr'><strong>vocatis</strong></span> <span class='ocrx_word' id='word_1_207' title='bbox 651 2364 708 2449; x_wconf 89' lang='lat' dir='ltr'><strong>qui</strong></span> <span class='ocrx_word' id='word_1_208' title='bbox 728 2363 847 2432; x_wconf 85' lang='lat' dir='ltr'><strong>fuerint</strong></span> <span class='ocrx_word' id='word_1_209' title='bbox 861 2367 1012 2434; x_wconf 89' lang='lat' dir='ltr'><strong>evocandi</strong></span> <span class='ocrx_word' id='word_1_210' title='bbox 1034 2373 1067 2434; x_wconf 91' lang='lat' dir='ltr'><strong>at</strong></span> <span class='ocrx_word' id='word_1_211' title='bbox 1089 2384 1185 2433; x_wconf 91' lang='lat' dir='ltr'><strong>causa</strong></span> <span class='ocrx_word' id='word_1_212' title='bbox 1202 2366 1369 2450; x_wconf 88' lang='lat' dir='ltr'><strong>diligenter</strong></span> <span class='ocrx_word' id='word_1_213' title='bbox 1389 2363 1579 2445; x_wconf 73' lang='lat' dir='ltr'><strong>mamincta,</strong></span> <span class='ocrx_word' id='word_1_214' title='bbox 1609 2361 1695 2447; x_wconf 89' lang='lat' dir='ltr'><strong>quod</strong></span> <span class='ocrx_word' id='word_1_215' title='bbox 1716 2362 1900 2429; x_wconf 89' lang='lat' dir='ltr'><strong>canonicum</strong></span> <span class='ocrx_word' id='word_1_216' title='bbox 1920 2358 1989 2427; x_wconf 82' lang='lat' dir='ltr'><strong>iuc-</strong></span> 
     </span>
     <span class='ocr_line' id='line_1_20' title="bbox 430 2463 1989 2555; baseline -0.001 -23"><span class='ocrx_word' id='word_1_217' title='bbox 430 2465 477 2532; x_wconf 90' lang='lat' dir='ltr'><strong>rit</strong></span> <span class='ocrx_word' id='word_1_218' title='bbox 496 2469 630 2550; x_wconf 86' lang='lat' dir='ltr'><strong>statuat,</strong></span> <span class='ocrx_word' id='word_1_219' title='bbox 652 2466 770 2535; x_wconf 84' lang='lat' dir='ltr'><strong>iaciens</strong></span> <span class='ocrx_word' id='word_1_220' title='bbox 790 2468 876 2553; x_wconf 86' lang='lat' dir='ltr'><strong>quod</strong></span> <span class='ocrx_word' id='word_1_221' title='bbox 897 2468 1073 2538; x_wconf 83' lang='lat' dir='ltr'><strong>decreverit</strong></span> <span class='ocrx_word' id='word_1_222' title='bbox 1093 2489 1151 2555; x_wconf 89' lang='lat' dir='ltr'><strong>per</strong></span> <span class='ocrx_word' id='word_1_223' title='bbox 1172 2486 1336 2537; x_wconf 89' lang='lat' dir='ltr'><strong>censuram</strong></span> <span class='ocrx_word' id='word_1_224' title='bbox 1358 2466 1602 2534; x_wconf 87' lang='lat' dir='ltr'><strong>ecclesiasticam</strong></span> <span class='ocrx_word' id='word_1_225' title='bbox 1627 2464 1853 2533; x_wconf 87' lang='lat' dir='ltr'><strong>inviolabiliter</strong></span> <span class='ocrx_word' id='word_1_226' title='bbox 1879 2463 1989 2530; x_wconf 90' lang='lat' dir='ltr'><strong>obser·</strong></span> 
     </span>
     <span class='ocr_line' id='line_1_21' title="bbox 431 2566 1989 2657; baseline -0.003 -21"><span class='ocrx_word' id='word_1_227' title='bbox 431 2567 511 2636; x_wconf 83' lang='lat' dir='ltr'><strong>vari</strong></span> <span class='ocrx_word' id='word_1_228' title='bbox 555 2566 705 2654; x_wconf 81' lang='lat' dir='ltr'><strong>Episcopi</strong></span> <span class='ocrx_word' id='word_1_229' title='bbox 725 2588 800 2638; x_wconf 92' lang='lat' dir='ltr'><strong>varo</strong></span> <span class='ocrx_word' id='word_1_230' title='bbox 821 2588 878 2638; x_wconf 89' lang='lat' dir='ltr'><strong>seu</strong></span> <span class='ocrx_word' id='word_1_231' title='bbox 898 2572 954 2639; x_wconf 90' lang='lat' dir='ltr'><strong>alii</strong></span> <span class='ocrx_word' id='word_1_232' title='bbox 975 2572 1091 2657; x_wconf 86' lang='lat' dir='ltr'><strong>prelati</strong></span> <span class='ocrx_word' id='word_1_233' title='bbox 1113 2570 1153 2640; x_wconf 90' lang='lat' dir='ltr'><strong>da</strong></span> <span class='ocrx_word' id='word_1_234' title='bbox 1174 2571 1278 2640; x_wconf 90' lang='lat' dir='ltr'><strong>causis</strong></span> <span class='ocrx_word' id='word_1_235' title='bbox 1307 2568 1592 2637; x_wconf 85' lang='lat' dir='ltr'><strong>matrimonialibus</strong></span> <span class='ocrx_word' id='word_1_236' title='bbox 1616 2572 1840 2653; x_wconf 83' lang='lat' dir='ltr'><strong>cognoscentes</strong></span> <span class='ocrx_word' id='word_1_237' title='bbox 1861 2566 1989 2632; x_wconf 92' lang='lat' dir='ltr'><strong>omnino</strong></span> 
     </span>
     <span class='ocr_line' id='line_1_22' title="bbox 433 2671 1989 2757; baseline -0.001 -19"><span class='ocrx_word' id='word_1_238' title='bbox 433 2676 575 2753; x_wconf 87' lang='lat' dir='ltr'><strong>caveant,</strong></span> <span class='ocrx_word' id='word_1_239' title='bbox 596 2690 638 2739; x_wconf 89' lang='lat' dir='ltr'><strong>ne</strong></span> <span class='ocrx_word' id='word_1_240' title='bbox 660 2672 835 2757; x_wconf 88' lang='lat' dir='ltr'><strong>cupiditate</strong></span> <span class='ocrx_word' id='word_1_241' title='bbox 853 2674 969 2743; x_wconf 91' lang='lat' dir='ltr'><strong>devicti</strong></span> <span class='ocrx_word' id='word_1_242' title='bbox 988 2694 1052 2743; x_wconf 93' lang='lat' dir='ltr'><strong>non</strong></span> <span class='ocrx_word' id='word_1_243' title='bbox 1072 2676 1175 2744; x_wconf 88' lang='lat' dir='ltr'><strong>solum</strong></span> <span class='ocrx_word' id='word_1_244' title='bbox 1197 2694 1261 2742; x_wconf 90' lang='lat' dir='ltr'><strong>non</strong></span> <span class='ocrx_word' id='word_1_245' title='bbox 1290 2673 1466 2741; x_wconf 88' lang='lat' dir='ltr'><strong>dirimenda</strong></span> <span class='ocrx_word' id='word_1_246' title='bbox 1491 2673 1652 2756; x_wconf 85' lang='lat' dir='ltr'><strong>dirimant,</strong></span> <span class='ocrx_word' id='word_1_247' title='bbox 1680 2689 1790 2738; x_wconf 81' lang='lat' dir='ltr'><strong>venum</strong></span> <span class='ocrx_word' id='word_1_248' title='bbox 1817 2671 1913 2739; x_wconf 89' lang='lat' dir='ltr'><strong>etiam</strong></span> <span class='ocrx_word' id='word_1_249' title='bbox 1939 2687 1989 2737; x_wconf 90' lang='lat' dir='ltr'><strong>se-</strong></span> 
     </span>
     <span class='ocr_line' id='line_1_23' title="bbox 432 2771 1990 2862; baseline -0.001 -21"><span class='ocrx_word' id='word_1_250' title='bbox 432 2771 576 2858; x_wconf 80' lang='lat' dir='ltr'><strong>paranda</strong></span> <span class='ocrx_word' id='word_1_251' title='bbox 596 2773 784 2860; x_wconf 79' lang='lat' dir='ltr'><strong>reintegrari</strong></span> <span class='ocrx_word' id='word_1_252' title='bbox 806 2782 954 2860; x_wconf 82' lang='lat' dir='ltr'><strong>pretextu</strong></span> <span class='ocrx_word' id='word_1_253' title='bbox 975 2778 1107 2862; x_wconf 79' lang='lat' dir='ltr'><strong>pecuma</strong></span> <span class='ocrx_word' id='word_1_254' title='bbox 1127 2778 1177 2845; x_wconf 93' lang='lat' dir='ltr'><strong>vel</strong></span> <span class='ocrx_word' id='word_1_255' title='bbox 1198 2777 1295 2845; x_wconf 88' lang='lat' dir='ltr'><strong>etiam</strong></span> <span class='ocrx_word' id='word_1_256' title='bbox 1324 2775 1506 2860; x_wconf 75' lang='lat' dir='ltr'><strong>temporalis</strong></span> <span class='ocrx_word' id='word_1_257' title='bbox 1535 2774 1668 2842; x_wconf 88' lang='lat' dir='ltr'><strong>alterius</strong></span> <span class='ocrx_word' id='word_1_258' title='bbox 1698 2774 1853 2841; x_wconf 92' lang='lat' dir='ltr'><strong>commodi</strong></span> <span class='ocrx_word' id='word_1_259' title='bbox 1880 2790 1990 2858; x_wconf 87' lang='lat' dir='ltr'><strong>presu-</strong></span> 
     </span>
     <span class='ocr_line' id='line_1_24' title="bbox 433 2873 1992 2966; baseline -0.001 -24"><span class='ocrx_word' id='word_1_260' title='bbox 433 2880 534 2943; x_wconf 85' lang='lat' dir='ltr'><strong>mant</strong></span> <span class='ocrx_word' id='word_1_261' title='bbox 578 2873 613 2943; x_wconf 90' lang='lat' dir='ltr'><strong>Si</strong></span> <span class='ocrx_word' id='word_1_262' title='bbox 635 2884 742 2944; x_wconf 89' lang='lat' dir='ltr'><strong>antem</strong></span> <span class='ocrx_word' id='word_1_263' title='bbox 760 2883 871 2946; x_wconf 86' lang='lat' dir='ltr'><strong>contm</strong></span> <span class='ocrx_word' id='word_1_264' title='bbox 892 2879 952 2947; x_wconf 91' lang='lat' dir='ltr'><strong>hoc</strong></span> <span class='ocrx_word' id='word_1_265' title='bbox 972 2881 1079 2948; x_wconf 90' lang='lat' dir='ltr'><strong>venire</strong></span> <span class='ocrx_word' id='word_1_266' title='bbox 1099 2879 1351 2966; x_wconf 86' lang='lat' dir='ltr'><strong>presumpserint</strong></span> <span class='ocrx_word' id='word_1_267' title='bbox 1375 2877 1588 2960; x_wconf 76' lang='lat' dir='ltr'><strong>interdianum,</strong></span> <span class='ocrx_word' id='word_1_268' title='bbox 1620 2895 1658 2945; x_wconf 90' lang='lat' dir='ltr'><strong>eo</strong></span> <span class='ocrx_word' id='word_1_269' title='bbox 1687 2876 1757 2962; x_wconf 89' lang='lat' dir='ltr'><strong>ipso</strong></span> <span class='ocrx_word' id='word_1_270' title='bbox 1784 2894 1820 2942; x_wconf 90' lang='lat' dir='ltr'><strong>se</strong></span> <span class='ocrx_word' id='word_1_271' title='bbox 1845 2874 1992 2943; x_wconf 89' lang='lat' dir='ltr'><strong>noverint</strong></span> 
     </span>
     <span class='ocr_line' id='line_1_25' title="bbox 434 2975 1663 3066; baseline 0.009 -21"><span class='ocrx_word' id='word_1_272' title='bbox 434 2975 539 3046; x_wconf 81' lang='lat' dir='ltr'><strong>officio</strong></span> <span class='ocrx_word' id='word_1_273' title='bbox 557 2976 780 3065; x_wconf 77' lang='lat' dir='ltr'><strong>bencimisqua</strong></span> <span class='ocrx_word' id='word_1_274' title='bbox 800 2981 950 3066; x_wconf 90' lang='lat' dir='ltr'><strong>privatos.</strong></span> <span class='ocrx_word' id='word_1_275' title='bbox 1003 3016 1005 3020; x_wconf 95' lang='lat'>·</span> <span class='ocrx_word' id='word_1_276' title='bbox 1659 3018 1663 3026; x_wconf 94' lang='lat'><em>·</em></span> 
     </span>
    </p>

    <p class='ocr_par' dir='ltr' id='par_1_10' title="bbox 431 3079 1990 3991">
     <span class='ocr_line' id='line_1_26' title="bbox 538 3079 1990 3170; baseline 0.001 -25"><span class='ocrx_word' id='word_1_277' title='bbox 538 3081 570 3148; x_wconf 81' lang='lat'><strong>4.</strong></span> <span class='ocrx_word' id='word_1_278' title='bbox 614 3079 706 3165; x_wconf 76' lang='lat' dir='ltr'><strong>Item,</strong></span> <span class='ocrx_word' id='word_1_279' title='bbox 729 3099 801 3150; x_wconf 90' lang='lat' dir='ltr'><strong>cum</strong></span> <span class='ocrx_word' id='word_1_280' title='bbox 819 3083 1002 3152; x_wconf 84' lang='lat' dir='ltr'><strong>detentores</strong></span> <span class='ocrx_word' id='word_1_281' title='bbox 1023 3084 1160 3169; x_wconf 88' lang='lat' dir='ltr'><strong>plurium</strong></span> <span class='ocrx_word' id='word_1_282' title='bbox 1181 3090 1406 3170; x_wconf 87' lang='lat' dir='ltr'><strong>personatuum</strong></span> <span class='ocrx_word' id='word_1_283' title='bbox 1428 3081 1479 3151; x_wconf 90' lang='lat' dir='ltr'><strong>vel</strong></span> <span class='ocrx_word' id='word_1_284' title='bbox 1493 3081 1684 3166; x_wconf 86' lang='lat' dir='ltr'><strong>dignitatum</strong></span> <span class='ocrx_word' id='word_1_285' title='bbox 1697 3099 1755 3149; x_wconf 89' lang='lat' dir='ltr'><strong>seu</strong></span> <span class='ocrx_word' id='word_1_286' title='bbox 1767 3079 1990 3149; x_wconf 81' lang='lat' dir='ltr'><strong>beneficiorum</strong></span> 
     </span>
     <span class='ocr_line' id='line_1_27' title="bbox 434 3183 1988 3271; baseline 0 -20"><span class='ocrx_word' id='word_1_287' title='bbox 434 3201 506 3251; x_wconf 91' lang='lat' dir='ltr'><strong>cum</strong></span> <span class='ocrx_word' id='word_1_288' title='bbox 528 3200 615 3267; x_wconf 88' lang='lat' dir='ltr'><strong>cura,</strong></span> <span class='ocrx_word' id='word_1_289' title='bbox 638 3184 706 3252; x_wconf 90' lang='lat' dir='ltr'><strong>sinc</strong></span> <span class='ocrx_word' id='word_1_290' title='bbox 720 3183 963 3271; x_wconf 82' lang='lat' dir='ltr'><strong>dispensatime,</strong></span> <span class='ocrx_word' id='word_1_291' title='bbox 985 3187 1051 3254; x_wconf 92' lang='lat' dir='ltr'><strong>sint</strong></span> <span class='ocrx_word' id='word_1_292' title='bbox 1064 3205 1224 3254; x_wconf 90' lang='lat' dir='ltr'><strong>sacrorum</strong></span> <span class='ocrx_word' id='word_1_293' title='bbox 1239 3205 1393 3255; x_wconf 90' lang='lat' dir='ltr'><strong>canonum</strong></span> <span class='ocrx_word' id='word_1_294' title='bbox 1407 3192 1656 3269; x_wconf 84' lang='lat' dir='ltr'><strong>transgressores</strong></span> <span class='ocrx_word' id='word_1_295' title='bbox 1677 3190 1712 3252; x_wconf 88' lang='lat' dir='ltr'><strong>et</strong></span> <span class='ocrx_word' id='word_1_296' title='bbox 1732 3183 1856 3252; x_wconf 80' lang='lat' dir='ltr'><strong>fructus</strong></span> <span class='ocrx_word' id='word_1_297' title='bbox 1877 3184 1988 3251; x_wconf 89' lang='lat' dir='ltr'><strong>talium</strong></span> 
     </span>
     <span class='ocr_line' id='line_1_28' title="bbox 433 3283 1988 3381; baseline 0.003 -29"><span class='ocrx_word' id='word_1_298' title='bbox 433 3283 658 3354; x_wconf 65' lang='lat' dir='ltr'><strong>mnefimomm</strong></span> <span class='ocrx_word' id='word_1_299' title='bbox 679 3288 879 3373; x_wconf 88' lang='lat' dir='ltr'><strong>percipiendo</strong></span> <span class='ocrx_word' id='word_1_300' title='bbox 901 3287 1022 3358; x_wconf 78' lang='lat' dir='ltr'><strong>hirtum</strong></span> <span class='ocrx_word' id='word_1_301' title='bbox 1043 3290 1241 3358; x_wconf 90' lang='lat' dir='ltr'><strong>committere</strong></span> <span class='ocrx_word' id='word_1_302' title='bbox 1261 3290 1478 3372; x_wconf 88' lang='lat' dir='ltr'><strong>dinoscuntur,</strong></span> <span class='ocrx_word' id='word_1_303' title='bbox 1501 3288 1640 3373; x_wconf 89' lang='lat' dir='ltr'><strong>presenti</strong></span> <span class='ocrx_word' id='word_1_304' title='bbox 1660 3288 1787 3381; x_wconf 83' lang='lat' dir='ltr'><strong>decrato</strong></span> <span class='ocrx_word' id='word_1_305' title='bbox 1799 3288 1988 3356; x_wconf 86' lang='lat' dir='ltr'><strong>statuimus:</strong></span> 
     </span>
     <span class='ocr_line' id='line_1_29' title="bbox 431 3390 1989 3477; baseline 0 -21"><span class='ocrx_word' id='word_1_306' title='bbox 431 3394 471 3456; x_wconf 90' lang='lat' dir='ltr'><strong>ut</strong></span> <span class='ocrx_word' id='word_1_307' title='bbox 491 3406 600 3456; x_wconf 89' lang='lat' dir='ltr'><strong>omnes</strong></span> <span class='ocrx_word' id='word_1_308' title='bbox 622 3390 678 3474; x_wconf 90' lang='lat' dir='ltr'><strong>qui</strong></span> <span class='ocrx_word' id='word_1_309' title='bbox 700 3390 879 3458; x_wconf 88' lang='lat' dir='ltr'><strong>huiusmodi</strong></span> <span class='ocrx_word' id='word_1_310' title='bbox 896 3391 1088 3476; x_wconf 88' lang='lat' dir='ltr'><strong>dignitatum</strong></span> <span class='ocrx_word' id='word_1_311' title='bbox 1106 3410 1162 3459; x_wconf 90' lang='lat' dir='ltr'><strong>scu</strong></span> <span class='ocrx_word' id='word_1_312' title='bbox 1181 3399 1406 3477; x_wconf 87' lang='lat' dir='ltr'><strong>personatuum</strong></span> <span class='ocrx_word' id='word_1_313' title='bbox 1425 3411 1483 3460; x_wconf 89' lang='lat' dir='ltr'><strong>seu</strong></span> <span class='ocrx_word' id='word_1_314' title='bbox 1502 3390 1724 3460; x_wconf 78' lang='lat' dir='ltr'><strong>beneficiorum</strong></span> <span class='ocrx_word' id='word_1_315' title='bbox 1738 3409 1811 3458; x_wconf 92' lang='lat' dir='ltr'><strong>cum</strong></span> <span class='ocrx_word' id='word_1_316' title='bbox 1825 3408 1902 3457; x_wconf 92' lang='lat' dir='ltr'><strong>cura</strong></span> <span class='ocrx_word' id='word_1_317' title='bbox 1915 3391 1989 3475; x_wconf 87' lang='lat' dir='ltr'><strong>piu·</strong></span> 
     </span>
     <span class='ocr_line' id='line_1_30' title="bbox 431 3490 1987 3580; baseline 0.001 -23"><span class='ocrx_word' id='word_1_318' title='bbox 431 3490 593 3559; x_wconf 83' lang='lat' dir='ltr'><strong>natitatem</strong></span> <span class='ocrx_word' id='word_1_319' title='bbox 622 3492 772 3576; x_wconf 90' lang='lat' dir='ltr'><strong>retinent,</strong></span> <span class='ocrx_word' id='word_1_320' title='bbox 805 3513 902 3579; x_wconf 90' lang='lat' dir='ltr'><strong>super</strong></span> <span class='ocrx_word' id='word_1_321' title='bbox 928 3494 986 3563; x_wconf 86' lang='lat' dir='ltr'><strong>hec</strong></span> <span class='ocrx_word' id='word_1_322' title='bbox 1011 3513 1101 3562; x_wconf 90' lang='lat' dir='ltr'><strong>secus</strong></span> <span class='ocrx_word' id='word_1_323' title='bbox 1129 3495 1328 3580; x_wconf 73' lang='lat' dir='ltr'><strong>dbpensmos</strong></span> <span class='ocrx_word' id='word_1_324' title='bbox 1357 3493 1465 3578; x_wconf 86' lang='lat' dir='ltr'><strong>hrisse,</strong></span> <span class='ocrx_word' id='word_1_325' title='bbox 1499 3492 1726 3562; x_wconf 70' lang='lat' dir='ltr'><strong>caramuelis</strong></span> <span class='ocrx_word' id='word_1_326' title='bbox 1745 3492 1831 3561; x_wconf 80' lang='lat' dir='ltr'><strong>inira</strong></span> <span class='ocrx_word' id='word_1_327' title='bbox 1850 3493 1987 3560; x_wconf 88' lang='lat' dir='ltr'><strong>mediam</strong></span> 
     </span>
     <span class='ocr_line' id='line_1_31' title="bbox 434 3591 1987 3681; baseline -0.001 -18"><span class='ocrx_word' id='word_1_328' title='bbox 434 3591 713 3679; x_wconf 81' lang='lat' dir='ltr'><strong>Quadragesimum</strong></span> <span class='ocrx_word' id='word_1_329' title='bbox 734 3596 868 3664; x_wconf 88' lang='lat' dir='ltr'><strong>doceant</strong></span> <span class='ocrx_word' id='word_1_330' title='bbox 888 3595 1069 3665; x_wconf 82' lang='lat' dir='ltr'><strong>manifeste:</strong></span> <span class='ocrx_word' id='word_1_331' title='bbox 1091 3596 1233 3680; x_wconf 89' lang='lat' dir='ltr'><strong>alioquin</strong></span> <span class='ocrx_word' id='word_1_332' title='bbox 1254 3604 1371 3666; x_wconf 84' lang='lat' dir='ltr'><strong>extunc</strong></span> <span class='ocrx_word' id='word_1_333' title='bbox 1391 3599 1504 3667; x_wconf 80' lang='lat' dir='ltr'><strong>niuno</strong></span> <span class='ocrx_word' id='word_1_334' title='bbox 1525 3597 1677 3665; x_wconf 82' lang='lat' dir='ltr'><strong>beneficio</strong></span> <span class='ocrx_word' id='word_1_335' title='bbox 1691 3603 1819 3681; x_wconf 87' lang='lat' dir='ltr'><strong>recepto</strong></span> <span class='ocrx_word' id='word_1_336' title='bbox 1832 3596 1898 3663; x_wconf 90' lang='lat' dir='ltr'><strong>sint</strong></span> <span class='ocrx_word' id='word_1_337' title='bbox 1912 3613 1987 3663; x_wconf 92' lang='lat' dir='ltr'><strong>oon·</strong></span> 
     </span>
     <span class='ocr_line' id='line_1_32' title="bbox 436 3695 1987 3783; baseline 0.001 -20"><span class='ocrx_word' id='word_1_338' title='bbox 436 3695 533 3777; x_wconf 72' lang='lat' dir='ltr'><strong>tanti,</strong></span> <span class='ocrx_word' id='word_1_339' title='bbox 556 3702 590 3764; x_wconf 89' lang='lat' dir='ltr'><strong>et</strong></span> <span class='ocrx_word' id='word_1_340' title='bbox 608 3695 673 3764; x_wconf 90' lang='lat' dir='ltr'><strong>alia</strong></span> <span class='ocrx_word' id='word_1_341' title='bbox 687 3716 750 3782; x_wconf 87' lang='lat' dir='ltr'><strong>qua</strong></span> <span class='ocrx_word' id='word_1_342' title='bbox 770 3699 858 3783; x_wconf 88' lang='lat' dir='ltr'><strong>prius</strong></span> <span class='ocrx_word' id='word_1_343' title='bbox 880 3699 1057 3780; x_wconf 85' lang='lat' dir='ltr'><strong>habuerint,</strong></span> <span class='ocrx_word' id='word_1_344' title='bbox 1080 3705 1188 3766; x_wconf 90' lang='lat' dir='ltr'><strong>nostra</strong></span> <span class='ocrx_word' id='word_1_345' title='bbox 1209 3699 1369 3767; x_wconf 79' lang='lat' dir='ltr'><strong>colladoni</strong></span> <span class='ocrx_word' id='word_1_346' title='bbox 1394 3719 1602 3782; x_wconf 82' lang='lat' dir='ltr'><strong>reservamus,</strong></span> <span class='ocrx_word' id='word_1_347' title='bbox 1631 3699 1835 3768; x_wconf 88' lang='lat' dir='ltr'><strong>decameutes</strong></span> <span class='ocrx_word' id='word_1_348' title='bbox 1861 3699 1987 3766; x_wconf 88' lang='lat' dir='ltr'><strong>irritum</strong></span> 
     </span>
     <span class='ocr_line' id='line_1_33' title="bbox 433 3798 1990 3888; baseline 0.001 -23"><span class='ocrx_word' id='word_1_349' title='bbox 433 3804 468 3865; x_wconf 87' lang='lat' dir='ltr'><strong>et</strong></span> <span class='ocrx_word' id='word_1_350' title='bbox 488 3798 583 3866; x_wconf 90' lang='lat' dir='ltr'><strong>inane</strong></span> <span class='ocrx_word' id='word_1_351' title='bbox 610 3799 639 3865; x_wconf 90' lang='lat' dir='ltr'><strong>si</strong></span> <span class='ocrx_word' id='word_1_352' title='bbox 668 3817 757 3868; x_wconf 89' lang='lat' dir='ltr'><strong>secus</strong></span> <span class='ocrx_word' id='word_1_353' title='bbox 777 3820 799 3868; x_wconf 94' lang='lat' dir='ltr'><strong>a</strong></span> <span class='ocrx_word' id='word_1_354' title='bbox 818 3820 977 3887; x_wconf 86' lang='lat' dir='ltr'><strong>quoquam</strong></span> <span class='ocrx_word' id='word_1_355' title='bbox 999 3801 1095 3869; x_wconf 85' lang='lat' dir='ltr'><strong>fuerit</strong></span> <span class='ocrx_word' id='word_1_356' title='bbox 1115 3808 1319 3871; x_wconf 89' lang='lat' dir='ltr'><strong>attentatum.</strong></span> <span class='ocrx_word' id='word_1_357' title='bbox 1363 3801 1398 3871; x_wconf 90' lang='lat' dir='ltr'><strong>Si</strong></span> <span class='ocrx_word' id='word_1_358' title='bbox 1418 3822 1493 3872; x_wconf 93' lang='lat' dir='ltr'><strong>vero</strong></span> <span class='ocrx_word' id='word_1_359' title='bbox 1511 3810 1681 3888; x_wconf 75' lang='lat' dir='ltr'><strong>utrrrmqm</strong></span> <span class='ocrx_word' id='word_1_360' title='bbox 1702 3801 1840 3870; x_wconf 76' lang='lat' dir='ltr'><strong>netinme</strong></span> <span class='ocrx_word' id='word_1_361' title='bbox 1861 3808 1990 3868; x_wconf 93' lang='lat' dir='ltr'><strong>conten·</strong></span> 
     </span>
     <span class='ocr_line' id='line_1_34' title="bbox 438 3900 1790 3991; baseline 0.003 -23"><span class='ocrx_word' id='word_1_362' title='bbox 438 3900 554 3984; x_wconf 91' lang='lat' dir='ltr'><strong>derint,</strong></span> <span class='ocrx_word' id='word_1_363' title='bbox 575 3900 635 3968; x_wconf 89' lang='lat' dir='ltr'><strong>hos</strong></span> <span class='ocrx_word' id='word_1_364' title='bbox 655 3902 741 3987; x_wconf 91' lang='lat' dir='ltr'><strong>ipsos</strong></span> <span class='ocrx_word' id='word_1_365' title='bbox 760 3910 793 3970; x_wconf 91' lang='lat' dir='ltr'><strong>et</strong></span> <span class='ocrx_word' id='word_1_366' title='bbox 815 3906 925 3989; x_wconf 86' lang='lat' dir='ltr'><strong>primis</strong></span> <span class='ocrx_word' id='word_1_367' title='bbox 947 3910 980 3971; x_wconf 91' lang='lat' dir='ltr'><strong>et</strong></span> <span class='ocrx_word' id='word_1_368' title='bbox 1002 3903 1123 3971; x_wconf 88' lang='lat' dir='ltr'><strong>ultimis</strong></span> <span class='ocrx_word' id='word_1_369' title='bbox 1144 3903 1338 3971; x_wconf 85' lang='lat' dir='ltr'><strong>decrevimus</strong></span> <span class='ocrx_word' id='word_1_370' title='bbox 1356 3912 1471 3973; x_wconf 75' lang='lat' dir='ltr'><strong>amane</strong></span> <span class='ocrx_word' id='word_1_371' title='bbox 1491 3925 1619 3974; x_wconf 88' lang='lat' dir='ltr'><strong>manere</strong></span> <span class='ocrx_word' id='word_1_372' title='bbox 1639 3905 1790 3991; x_wconf 90' lang='lat' dir='ltr'><strong>privatos.</strong></span> 
     </span>
    </p>

    <p class='ocr_par' dir='ltr' id='par_1_11' title="bbox 436 4004 1991 4197">
     <span class='ocr_line' id='line_1_35' title="bbox 547 4004 1991 4095; baseline 0.003 -25"><span class='ocrx_word' id='word_1_373' title='bbox 547 4004 577 4073; x_wconf 79' lang='lat'><strong>5.</strong></span> <span class='ocrx_word' id='word_1_374' title='bbox 613 4004 696 4074; x_wconf 87' lang='lat' dir='ltr'><strong>item</strong></span> <span class='ocrx_word' id='word_1_375' title='bbox 711 4006 752 4073; x_wconf 92' lang='lat' dir='ltr'><strong>ad</strong></span> <span class='ocrx_word' id='word_1_376' title='bbox 764 4025 856 4074; x_wconf 91' lang='lat' dir='ltr'><strong>aures</strong></span> <span class='ocrx_word' id='word_1_377' title='bbox 871 4014 996 4075; x_wconf 81' lang='lat' dir='ltr'><strong>nostras</strong></span> <span class='ocrx_word' id='word_1_378' title='bbox 1006 4006 1202 4091; x_wconf 84' lang='lat' dir='ltr'><strong>quorundam</strong></span> <span class='ocrx_word' id='word_1_379' title='bbox 1213 4007 1363 4075; x_wconf 89' lang='lat' dir='ltr'><strong>laicorum</strong></span> <span class='ocrx_word' id='word_1_380' title='bbox 1374 4010 1480 4094; x_wconf 86' lang='lat' dir='ltr'><strong>gravis</strong></span> <span class='ocrx_word' id='word_1_381' title='bbox 1489 4027 1635 4078; x_wconf 88' lang='lat' dir='ltr'><strong>excessus</strong></span> <span class='ocrx_word' id='word_1_382' title='bbox 1645 4009 1799 4095; x_wconf 89' lang='lat' dir='ltr'><strong>pervenit,</strong></span> <span class='ocrx_word' id='word_1_383' title='bbox 1813 4008 1868 4093; x_wconf 86' lang='lat' dir='ltr'><strong>qai</strong></span> <span class='ocrx_word' id='word_1_384' title='bbox 1880 4014 1991 4075; x_wconf 90' lang='lat' dir='ltr'><strong>contra</strong></span> 
     </span>
     <span class='ocr_line' id='line_1_36' title="bbox 436 4108 1989 4197; baseline -0.001 -19"><span class='ocrx_word' id='word_1_385' title='bbox 436 4108 681 4178; x_wconf 85' lang='lat' dir='ltr'><strong>ecclesiasticam</strong></span> <span class='ocrx_word' id='word_1_386' title='bbox 703 4110 882 4178; x_wconf 89' lang='lat' dir='ltr'><strong>libertatem</strong></span> <span class='ocrx_word' id='word_1_387' title='bbox 903 4111 1038 4195; x_wconf 89' lang='lat' dir='ltr'><strong>qaedam</strong></span> <span class='ocrx_word' id='word_1_388' title='bbox 1060 4117 1192 4194; x_wconf 89' lang='lat' dir='ltr'><strong>statuta,</strong></span> <span class='ocrx_word' id='word_1_389' title='bbox 1214 4130 1277 4197; x_wconf 88' lang='lat' dir='ltr'><strong>que</strong></span> <span class='ocrx_word' id='word_1_390' title='bbox 1298 4111 1383 4195; x_wconf 87' lang='lat' dir='ltr'><strong>leges</strong></span> <span class='ocrx_word' id='word_1_391' title='bbox 1409 4112 1515 4196; x_wconf 87' lang='lat' dir='ltr'><strong>inique</strong></span> <span class='ocrx_word' id='word_1_392' title='bbox 1536 4118 1671 4197; x_wconf 90' lang='lat' dir='ltr'><strong>possunt</strong></span> <span class='ocrx_word' id='word_1_393' title='bbox 1697 4111 1801 4179; x_wconf 90' lang='lat' dir='ltr'><strong>verius</strong></span> <span class='ocrx_word' id='word_1_394' title='bbox 1825 4110 1989 4195; x_wconf 85' lang='lat' dir='ltr'><strong>appellari,</strong></span> 
     </span>
    </p>
   </div>
   <div class='ocr_carea' id='block_1_10' title="bbox 437 4212 2101 4299">
    <p class='ocr_par' dir='ltr' id='par_1_12' title="bbox 437 4212 2101 4299">
     <span class='ocr_line' id='line_1_37' title="bbox 437 4212 2101 4299; baseline 0 -21"><span class='ocrx_word' id='word_1_395' title='bbox 437 4212 639 4280; x_wconf 88' lang='lat' dir='ltr'><strong>introducere</strong></span> <span class='ocrx_word' id='word_1_396' title='bbox 660 4231 723 4280; x_wconf 94' lang='lat' dir='ltr'><strong>non</strong></span> <span class='ocrx_word' id='word_1_397' title='bbox 745 4220 910 4295; x_wconf 89' lang='lat' dir='ltr'><strong>verentur;</strong></span> <span class='ocrx_word' id='word_1_398' title='bbox 933 4220 966 4280; x_wconf 92' lang='lat' dir='ltr'><strong>et</strong></span> <span class='ocrx_word' id='word_1_399' title='bbox 984 4213 1059 4280; x_wconf 88' lang='lat' dir='ltr'><strong>licet</strong></span> <span class='ocrx_word' id='word_1_400' title='bbox 1080 4219 1192 4280; x_wconf 90' lang='lat' dir='ltr'><strong>contra</strong></span> <span class='ocrx_word' id='word_1_401' title='bbox 1212 4212 1391 4280; x_wconf 90' lang='lat' dir='ltr'><strong>huiusmodi</strong></span> <span class='ocrx_word' id='word_1_402' title='bbox 1411 4219 1647 4298; x_wconf 85' lang='lat' dir='ltr'><strong>presumptores</strong></span> <span class='ocrx_word' id='word_1_403' title='bbox 1667 4233 1725 4299; x_wconf 90' lang='lat' dir='ltr'><strong>per</strong></span> <span class='ocrx_word' id='word_1_404' title='bbox 1752 4231 1891 4281; x_wconf 90' lang='lat' dir='ltr'><strong>summos</strong></span> <span class='ocrx_word' id='word_1_405' title='bbox 1912 4231 1990 4298; x_wconf 88' lang='lat' dir='ltr'><strong>pon·</strong></span> <span class='ocrx_word' id='word_1_406' title='bbox 2096 4251 2101 4259; x_wconf 86' lang='lat'><em>-</em></span> 
     </span>
    </p>
   </div>
   <div class='ocr_carea' id='block_1_11' title="bbox 431 4313 1991 5435">
    <p class='ocr_par' dir='ltr' id='par_1_13' title="bbox 431 4313 1991 5435">
     <span class='ocr_line' id='line_1_38' title="bbox 433 4313 1989 4401; baseline 0.001 -19"><span class='ocrx_word' id='word_1_407' title='bbox 433 4313 535 4382; x_wconf 87' lang='lat' dir='ltr'><strong>tilioes</strong></span> <span class='ocrx_word' id='word_1_408' title='bbox 553 4315 630 4382; x_wconf 93' lang='lat' dir='ltr'><strong>olim</strong></span> <span class='ocrx_word' id='word_1_409' title='bbox 648 4334 830 4401; x_wconf 88' lang='lat' dir='ltr'><strong>processum</strong></span> <span class='ocrx_word' id='word_1_410' title='bbox 849 4316 983 4397; x_wconf 83' lang='lat' dir='ltr'><strong>exstitit,</strong></span> <span class='ocrx_word' id='word_1_411' title='bbox 1006 4334 1063 4382; x_wconf 89' lang='lat' dir='ltr'><strong>nos</strong></span> <span class='ocrx_word' id='word_1_412' title='bbox 1086 4321 1192 4383; x_wconf 91' lang='lat' dir='ltr'><strong>tamen</strong></span> <span class='ocrx_word' id='word_1_413' title='bbox 1215 4322 1345 4400; x_wconf 90' lang='lat' dir='ltr'><strong>propter</strong></span> <span class='ocrx_word' id='word_1_414' title='bbox 1359 4323 1627 4401; x_wconf 85' lang='lat' dir='ltr'><strong>transgressorum</strong></span> <span class='ocrx_word' id='word_1_415' title='bbox 1646 4318 1823 4399; x_wconf 91' lang='lat' dir='ltr'><strong>audaciam,</strong></span> <span class='ocrx_word' id='word_1_416' title='bbox 1846 4336 1909 4383; x_wconf 93' lang='lat' dir='ltr'><strong>uon</strong></span> <span class='ocrx_word' id='word_1_417' title='bbox 1923 4322 1989 4383; x_wconf 87' lang='lat' dir='ltr'><strong>tam</strong></span> 
     </span>
     <span class='ocr_line' id='line_1_39' title="bbox 437 4419 1989 4504; baseline 0.001 -20"><span class='ocrx_word' id='word_1_418' title='bbox 437 4435 520 4484; x_wconf 91' lang='lat' dir='ltr'><strong>nova</strong></span> <span class='ocrx_word' id='word_1_419' title='bbox 538 4419 688 4486; x_wconf 85' lang='lat' dir='ltr'><strong>cudentes</strong></span> <span class='ocrx_word' id='word_1_420' title='bbox 711 4438 806 4503; x_wconf 89' lang='lat' dir='ltr'><strong>quam</strong></span> <span class='ocrx_word' id='word_1_421' title='bbox 824 4424 933 4486; x_wconf 89' lang='lat' dir='ltr'><strong>vetera</strong></span> <span class='ocrx_word' id='word_1_422' title='bbox 953 4423 1155 4499; x_wconf 88' lang='lat' dir='ltr'><strong>renovantes,</strong></span> <span class='ocrx_word' id='word_1_423' title='bbox 1184 4437 1293 4486; x_wconf 91' lang='lat' dir='ltr'><strong>omnes</strong></span> <span class='ocrx_word' id='word_1_424' title='bbox 1321 4419 1393 4486; x_wconf 88' lang='lat' dir='ltr'><strong>illos</strong></span> <span class='ocrx_word' id='word_1_425' title='bbox 1418 4421 1473 4504; x_wconf 87' lang='lat' dir='ltr'><strong>qui</strong></span> <span class='ocrx_word' id='word_1_426' title='bbox 1502 4421 1536 4486; x_wconf 93' lang='lat' dir='ltr'><strong>in</strong></span> <span class='ocrx_word' id='word_1_427' title='bbox 1562 4419 1740 4488; x_wconf 83' lang='lat' dir='ltr'><strong>Gneancnsi</strong></span> <span class='ocrx_word' id='word_1_428' title='bbox 1766 4420 1928 4504; x_wconf 88' lang='lat' dir='ltr'><strong>provincia</strong></span> <span class='ocrx_word' id='word_1_429' title='bbox 1949 4420 1989 4486; x_wconf 91' lang='lat' dir='ltr'><strong>de</strong></span> 
     </span>
     <span class='ocr_line' id='line_1_40' title="bbox 433 4519 1989 4590; baseline 0.001 -3"><span class='ocrx_word' id='word_1_430' title='bbox 433 4526 539 4588; x_wconf 88' lang='lat' dir='ltr'><strong>cetero</strong></span> <span class='ocrx_word' id='word_1_431' title='bbox 559 4521 680 4587; x_wconf 89' lang='lat' dir='ltr'><strong>servari</strong></span> <span class='ocrx_word' id='word_1_432' title='bbox 702 4521 834 4588; x_wconf 85' lang='lat' dir='ltr'><strong>iecerint</strong></span> <span class='ocrx_word' id='word_1_433' title='bbox 862 4526 985 4587; x_wconf 87' lang='lat' dir='ltr'><strong>statuta</strong></span> <span class='ocrx_word' id='word_1_434' title='bbox 1007 4519 1094 4587; x_wconf 76' lang='lat' dir='ltr'><strong>celita</strong></span> <span class='ocrx_word' id='word_1_435' title='bbox 1114 4526 1147 4586; x_wconf 91' lang='lat' dir='ltr'><strong>ct</strong></span> <span class='ocrx_word' id='word_1_436' title='bbox 1173 4521 1415 4589; x_wconf 89' lang='lat' dir='ltr'><strong>consuetudines</strong></span> <span class='ocrx_word' id='word_1_437' title='bbox 1443 4522 1640 4590; x_wconf 88' lang='lat' dir='ltr'><strong>introductos</strong></span> <span class='ocrx_word' id='word_1_438' title='bbox 1669 4530 1782 4590; x_wconf 90' lang='lat' dir='ltr'><strong>contra</strong></span> <span class='ocrx_word' id='word_1_439' title='bbox 1807 4522 1989 4590; x_wconf 87' lang='lat' dir='ltr'><strong>libertatern</strong></span> 
     </span>
     <span class='ocr_line' id='line_1_41' title="bbox 432 4622 1990 4710; baseline 0.001 -21"><span class='ocrx_word' id='word_1_440' title='bbox 432 4622 686 4704; x_wconf 87' lang='lat' dir='ltr'><strong>ecclesiasticam,</strong></span> <span class='ocrx_word' id='word_1_441' title='bbox 710 4624 1013 4690; x_wconf 85' lang='lat' dir='ltr'><strong>excommunicamus</strong></span> <span class='ocrx_word' id='word_1_442' title='bbox 1033 4625 1065 4689; x_wconf 91' lang='lat' dir='ltr'><strong>in</strong></span> <span class='ocrx_word' id='word_1_443' title='bbox 1087 4624 1224 4707; x_wconf 69' lang='lat' dir='ltr'><strong>seriptis</strong></span> <span class='ocrx_word' id='word_1_444' title='bbox 1247 4625 1308 4690; x_wconf 92' lang='lat' dir='ltr'><strong>nisi</strong></span> <span class='ocrx_word' id='word_1_445' title='bbox 1329 4643 1367 4690; x_wconf 74' lang='lat' dir='ltr'><strong>aa</strong></span> <span class='ocrx_word' id='word_1_446' title='bbox 1388 4624 1428 4691; x_wconf 91' lang='lat' dir='ltr'><strong>de</strong></span> <span class='ocrx_word' id='word_1_447' title='bbox 1449 4625 1675 4709; x_wconf 77' lang='lat' dir='ltr'><strong>capitularibus</strong></span> <span class='ocrx_word' id='word_1_448' title='bbox 1690 4627 1831 4710; x_wconf 89' lang='lat' dir='ltr'><strong>ipsorum</strong></span> <span class='ocrx_word' id='word_1_449' title='bbox 1846 4625 1929 4692; x_wconf 89' lang='lat' dir='ltr'><strong>inha</strong></span> <span class='ocrx_word' id='word_1_450' title='bbox 1941 4625 1990 4691; x_wconf 92' lang='lat' dir='ltr'><strong>in·</strong></span> 
     </span>
     <span class='ocr_line' id='line_1_42' title="bbox 432 4725 1989 4814; baseline 0.003 -25"><span class='ocrx_word' id='word_1_451' title='bbox 432 4731 521 4791; x_wconf 91' lang='lat' dir='ltr'><strong>stans</strong></span> <span class='ocrx_word' id='word_1_452' title='bbox 543 4725 665 4792; x_wconf 88' lang='lat' dir='ltr'><strong>Pascha</strong></span> <span class='ocrx_word' id='word_1_453' title='bbox 685 4725 816 4792; x_wconf 85' lang='lat' dir='ltr'><strong>iecerint</strong></span> <span class='ocrx_word' id='word_1_454' title='bbox 838 4726 985 4793; x_wconf 88' lang='lat' dir='ltr'><strong>amoveri.</strong></span> <span class='ocrx_word' id='word_1_455' title='bbox 1031 4726 1347 4794; x_wconf 86' lang='lat' dir='ltr'><strong>Excommunicamus</strong></span> <span class='ocrx_word' id='word_1_456' title='bbox 1369 4728 1468 4794; x_wconf 90' lang='lat' dir='ltr'><strong>eciam</strong></span> <span class='ocrx_word' id='word_1_457' title='bbox 1489 4730 1678 4796; x_wconf 90' lang='lat' dir='ltr'><strong>statutarios</strong></span> <span class='ocrx_word' id='word_1_458' title='bbox 1692 4736 1726 4796; x_wconf 92' lang='lat' dir='ltr'><strong>et</strong></span> <span class='ocrx_word' id='word_1_459' title='bbox 1740 4730 1911 4814; x_wconf 89' lang='lat' dir='ltr'><strong>scriptores</strong></span> <span class='ocrx_word' id='word_1_460' title='bbox 1924 4735 1989 4794; x_wconf 90' lang='lat' dir='ltr'><strong>sta·</strong></span> 
     </span>
     <span class='ocr_line' id='line_1_43' title="bbox 435 4827 1991 4916; baseline 0.003 -23"><span class='ocrx_word' id='word_1_461' title='bbox 435 4832 577 4894; x_wconf 90' lang='lat' dir='ltr'><strong>tutorum</strong></span> <span class='ocrx_word' id='word_1_462' title='bbox 600 4827 751 4911; x_wconf 86' lang='lat' dir='ltr'><strong>ipsorum,</strong></span> <span class='ocrx_word' id='word_1_463' title='bbox 774 4848 830 4895; x_wconf 84' lang='lat' dir='ltr'><strong>nec</strong></span> <span class='ocrx_word' id='word_1_464' title='bbox 853 4847 916 4894; x_wconf 94' lang='lat' dir='ltr'><strong>non</strong></span> <span class='ocrx_word' id='word_1_465' title='bbox 939 4829 1082 4896; x_wconf 81' lang='lat' dir='ltr'><strong>consules</strong></span> <span class='ocrx_word' id='word_1_466' title='bbox 1102 4835 1135 4894; x_wconf 91' lang='lat' dir='ltr'><strong>et</strong></span> <span class='ocrx_word' id='word_1_467' title='bbox 1157 4837 1295 4896; x_wconf 76' lang='lat' dir='ltr'><strong>rectores</strong></span> <span class='ocrx_word' id='word_1_468' title='bbox 1315 4849 1353 4897; x_wconf 92' lang='lat' dir='ltr'><strong>ac</strong></span> <span class='ocrx_word' id='word_1_469' title='bbox 1375 4830 1570 4898; x_wconf 86' lang='lat' dir='ltr'><strong>consiliarios</strong></span> <span class='ocrx_word' id='word_1_470' title='bbox 1591 4831 1732 4898; x_wconf 88' lang='lat' dir='ltr'><strong>locurum</strong></span> <span class='ocrx_word' id='word_1_471' title='bbox 1754 4832 1787 4898; x_wconf 94' lang='lat' dir='ltr'><strong>in</strong></span> <span class='ocrx_word' id='word_1_472' title='bbox 1814 4830 1991 4916; x_wconf 87' lang='lat' dir='ltr'><strong>quibusda</strong></span> 
     </span>
     <span class='ocr_line' id='line_1_44' title="bbox 434 4929 1990 5015; baseline 0.001 -18"><span class='ocrx_word' id='word_1_473' title='bbox 434 4936 540 4997; x_wconf 89' lang='lat' dir='ltr'><strong>cetero</strong></span> <span class='ocrx_word' id='word_1_474' title='bbox 562 4929 741 4996; x_wconf 76' lang='lat' dir='ltr'><strong>huiusmodi</strong></span> <span class='ocrx_word' id='word_1_475' title='bbox 764 4937 888 4997; x_wconf 82' lang='lat' dir='ltr'><strong>statuta</strong></span> <span class='ocrx_word' id='word_1_476' title='bbox 909 4938 942 4998; x_wconf 92' lang='lat' dir='ltr'><strong>et</strong></span> <span class='ocrx_word' id='word_1_477' title='bbox 964 4930 1206 4998; x_wconf 72' lang='lat' dir='ltr'><strong>consuetudines</strong></span> <span class='ocrx_word' id='word_1_478' title='bbox 1227 4930 1312 4999; x_wconf 78' lang='lat' dir='ltr'><strong>alite</strong></span> <span class='ocrx_word' id='word_1_479' title='bbox 1334 4932 1453 4999; x_wconf 89' lang='lat' dir='ltr'><strong>luerint</strong></span> <span class='ocrx_word' id='word_1_480' title='bbox 1474 4933 1524 4999; x_wconf 92' lang='lat' dir='ltr'><strong>vel</strong></span> <span class='ocrx_word' id='word_1_481' title='bbox 1545 4939 1679 5015; x_wconf 88' lang='lat' dir='ltr'><strong>servata,</strong></span> <span class='ocrx_word' id='word_1_482' title='bbox 1700 4952 1758 5002; x_wconf 92' lang='lat' dir='ltr'><strong>nec</strong></span> <span class='ocrx_word' id='word_1_483' title='bbox 1778 4953 1843 5001; x_wconf 89' lang='lat' dir='ltr'><strong>uon</strong></span> <span class='ocrx_word' id='word_1_484' title='bbox 1865 4940 1898 5000; x_wconf 91' lang='lat' dir='ltr'><strong>ct</strong></span> <span class='ocrx_word' id='word_1_485' title='bbox 1920 4933 1990 5000; x_wconf 91' lang='lat' dir='ltr'><strong>illo-</strong></span> 
     </span>
     <span class='ocr_line' id='line_1_45' title="bbox 431 5032 1990 5120; baseline 0.001 -19"><span class='ocrx_word' id='word_1_486' title='bbox 431 5051 503 5101; x_wconf 90' lang='lat' dir='ltr'><strong>rum</strong></span> <span class='ocrx_word' id='word_1_487' title='bbox 524 5032 579 5117; x_wconf 91' lang='lat' dir='ltr'><strong>qui</strong></span> <span class='ocrx_word' id='word_1_488' title='bbox 601 5033 772 5100; x_wconf 86' lang='lat' dir='ltr'><strong>secundum</strong></span> <span class='ocrx_word' id='word_1_489' title='bbox 792 5053 845 5100; x_wconf 78' lang='lat' dir='ltr'><strong>aas</strong></span> <span class='ocrx_word' id='word_1_490' title='bbox 866 5035 1117 5119; x_wconf 85' lang='lat' dir='ltr'><strong>presumpserint</strong></span> <span class='ocrx_word' id='word_1_491' title='bbox 1139 5034 1276 5100; x_wconf 88' lang='lat' dir='ltr'><strong>iruliearu</strong></span> <span class='ocrx_word' id='word_1_492' title='bbox 1306 5033 1355 5101; x_wconf 93' lang='lat' dir='ltr'><strong>vel</strong></span> <span class='ocrx_word' id='word_1_493' title='bbox 1386 5035 1418 5100; x_wconf 90' lang='lat' dir='ltr'><strong>in</strong></span> <span class='ocrx_word' id='word_1_494' title='bbox 1446 5034 1578 5102; x_wconf 83' lang='lat' dir='ltr'><strong>tonnam</strong></span> <span class='ocrx_word' id='word_1_495' title='bbox 1605 5036 1762 5120; x_wconf 88' lang='lat' dir='ltr'><strong>publicam</strong></span> <span class='ocrx_word' id='word_1_496' title='bbox 1784 5037 1920 5104; x_wconf 82' lang='lat' dir='ltr'><strong>scribere</strong></span> <span class='ocrx_word' id='word_1_497' title='bbox 1942 5037 1990 5103; x_wconf 91' lang='lat' dir='ltr'><strong>in-</strong></span> 
     </span>
     <span class='ocr_line' id='line_1_46' title="bbox 433 5134 1989 5224; baseline 0.004 -23"><span class='ocrx_word' id='word_1_498' title='bbox 433 5134 548 5202; x_wconf 85' lang='lat' dir='ltr'><strong>dicata</strong></span> <span class='ocrx_word' id='word_1_499' title='bbox 594 5135 660 5202; x_wconf 91' lang='lat' dir='ltr'><strong>Sub</strong></span> <span class='ocrx_word' id='word_1_500' title='bbox 682 5136 792 5202; x_wconf 79' lang='lat' dir='ltr'><strong>uarium</strong></span> <span class='ocrx_word' id='word_1_501' title='bbox 814 5138 1013 5205; x_wconf 87' lang='lat' dir='ltr'><strong>districtione</strong></span> <span class='ocrx_word' id='word_1_502' title='bbox 1035 5139 1228 5222; x_wconf 84' lang='lat' dir='ltr'><strong>principibus</strong></span> <span class='ocrx_word' id='word_1_503' title='bbox 1258 5140 1450 5207; x_wconf 70' lang='lat' dir='ltr'><strong>meulumbus</strong></span> <span class='ocrx_word' id='word_1_504' title='bbox 1479 5140 1664 5224; x_wconf 75' lang='lat' dir='ltr'><strong>inhibentes,</strong></span> <span class='ocrx_word' id='word_1_505' title='bbox 1694 5161 1735 5210; x_wconf 91' lang='lat' dir='ltr'><strong>uc</strong></span> <span class='ocrx_word' id='word_1_506' title='bbox 1764 5143 1912 5210; x_wconf 75' lang='lat' dir='ltr'><strong>ccclesias</strong></span> <span class='ocrx_word' id='word_1_507' title='bbox 1940 5143 1989 5210; x_wconf 87' lang='lat' dir='ltr'><strong>vel</strong></span> 
     </span>
     <span class='ocr_line' id='line_1_47' title="bbox 431 5237 1989 5329; baseline 0.005 -25"><span class='ocrx_word' id='word_1_508' title='bbox 431 5237 660 5307; x_wconf 83' lang='lat' dir='ltr'><strong>ecclesiasticas</strong></span> <span class='ocrx_word' id='word_1_509' title='bbox 683 5258 843 5323; x_wconf 82' lang='lat' dir='ltr'><strong>personas,</strong></span> <span class='ocrx_word' id='word_1_510' title='bbox 863 5242 912 5308; x_wconf 90' lang='lat' dir='ltr'><strong>vei</strong></span> <span class='ocrx_word' id='word_1_511' title='bbox 935 5241 1077 5309; x_wconf 84' lang='lat' dir='ltr'><strong>hominus</strong></span> <span class='ocrx_word' id='word_1_512' title='bbox 1095 5241 1299 5308; x_wconf 80' lang='lat' dir='ltr'><strong>ecchsinrurn</strong></span> <span class='ocrx_word' id='word_1_513' title='bbox 1320 5262 1377 5309; x_wconf 86' lang='lat' dir='ltr'><strong>sen</strong></span> <span class='ocrx_word' id='word_1_514' title='bbox 1392 5243 1424 5309; x_wconf 90' lang='lat' dir='ltr'><strong>iu</strong></span> <span class='ocrx_word' id='word_1_515' title='bbox 1439 5242 1641 5312; x_wconf 78' lang='lat' dir='ltr'><strong>‹melasiarum</strong></span> <span class='ocrx_word' id='word_1_516' title='bbox 1656 5244 1774 5329; x_wconf 78' lang='lat' dir='ltr'><strong>pnrliis</strong></span> <span class='ocrx_word' id='word_1_517' title='bbox 1790 5265 1989 5314; x_wconf 85' lang='lat' dir='ltr'><strong>commoran-</strong></span> 
     </span>
     <span class='ocr_line' id='line_1_48' title="bbox 431 5342 1989 5435; baseline 0.007 -27"><span class='ocrx_word' id='word_1_518' title='bbox 431 5347 489 5428; x_wconf 79' lang='lat' dir='ltr'><strong>tes,</strong></span> <span class='ocrx_word' id='word_1_519' title='bbox 513 5343 612 5410; x_wconf 87' lang='lat' dir='ltr'><strong>talliis</strong></span> <span class='ocrx_word' id='word_1_520' title='bbox 634 5342 684 5410; x_wconf 87' lang='lat' dir='ltr'><strong>vul</strong></span> <span class='ocrx_word' id='word_1_521' title='bbox 706 5343 845 5410; x_wconf 74' lang='lat' dir='ltr'><strong>collectis</strong></span> <span class='ocrx_word' id='word_1_522' title='bbox 866 5363 1038 5430; x_wconf 77' lang='lat' dir='ltr'><strong>nggrsrvare</strong></span> <span class='ocrx_word' id='word_1_523' title='bbox 1060 5353 1253 5428; x_wconf 75' lang='lat' dir='ltr'><strong>presumant</strong></span> <span class='ocrx_word' id='word_1_524' title='bbox 1285 5345 1413 5429; x_wconf 86' lang='lat' dir='ltr'><strong>Verum,</strong></span> <span class='ocrx_word' id='word_1_525' title='bbox 1434 5346 1462 5413; x_wconf 88' lang='lat' dir='ltr'><strong>si</strong></span> <span class='ocrx_word' id='word_1_526' title='bbox 1484 5347 1610 5431; x_wconf 76' lang='lat' dir='ltr'><strong>quantia</strong></span> <span class='ocrx_word' id='word_1_527' title='bbox 1625 5349 1789 5435; x_wconf 72' lang='lat' dir='ltr'><strong>r=pviscopus</strong></span> <span class='ocrx_word' id='word_1_528' title='bbox 1807 5349 1901 5417; x_wconf 88' lang='lat' dir='ltr'><strong>simul</strong></span> <span class='ocrx_word' id='word_1_529' title='bbox 1917 5369 1989 5420; x_wconf 89' lang='lat' dir='ltr'><strong>cuur</strong></span> 
     </span>
    </p>
   </div>
   <div class='ocr_carea' id='block_1_12' title="bbox 0 0 2434 6180">
    <p class='ocr_par' dir='ltr' id='par_1_14' title="bbox 0 0 2434 6180">
     <span class='ocr_line' id='line_1_49' title="bbox 0 0 2434 6180; baseline 0 0"><span class='ocrx_word' id='word_1_530' title='bbox 0 0 2434 6180; x_wconf 95' lang='lat' dir='ltr'><strong> </strong></span> 
     </span>
    </p>
   </div>
  </div>
 </body>
</html>
