4860 6180
1216 677 1289 764 Nr.
1321 675 1421 767 385.
1511 753 1513 757 ,

656 871 779 957 domm
806 874 1028 958 Euatuubius
1056 876 1192 957 1260
1219 873 1296 958 lut
1322 882 1359 973 1,
1390 874 1598 977 Ponendum
1625 885 1745 958 emen
1758 884 2014 953 ummnnatro
2026 904 2084 954 suo

551 1011 632 1063 com.
654 993 878 1078 Voyzesclrone
899 995 1089 1063 monasterio
1110 994 1149 1062 de
1167 994 1329 1080 Dobrylng
1351 995 1575 1063 haeretitatem
1604 990 1746 1074 Zemsko‚
1777 987 1818 1055 ad
1844 989 2085 1056 construendum

551 1093 668 1164 ibidem
686 1097 911 1164 monesterium
933 1096 1059 1166 Ouliu'us
1082 1097 1308 1166 cisterciensis

654 1204 793 1279 Purpura
815 1205 929 1281 orypbu
958 1204 1007 1265 No
1018 1203 1312 1281 smwtujednobrc
1328 1220 1469 1267 cremon
1479 1207 1707 1284 przyuieczooo
1716 1193 1841 1283 pioczfd
1855 1195 2087 1272 antoobluazu3

551 1303 697 1374 (ΝΜ
712 1303 812 1368 x1xt

654 1386 793 1455 mmm.
838 1391 955 1470 muru
976 1392 1080 1455 eaeo
1101 1392 1189 1455 ocu
1233 1392 1339 1456 amm
1359 1390 1391 1455 r.

580 1634 582 1639 -
655 1591 694 1661 ln
715 1592 842 1662 nomine
862 1600 972 1662 sancte
993 1600 1027 1662 et
1047 1593 1204 1662 individue
1224 1595 1389 1663 Trinitatis
1409 1613 1509 1663 amen.
1554 1594 1706 1676 Quoniam
1725 1594 1905 1664 mortalium
1930 1611 2012 1676 equa
2037 1597 2088 1661 est

551 1695 691 1766 conditio
712 1701 747 1764 et
765 1693 826 1764 hoc
847 1701 897 1763 ast
914 1695 949 1762 in
969 1696 1037 1781 lege
1057 1696 1178 1779 mortis,
1200 1697 1284 1783 quod
1306 1712 1369 1765 non
1390 1698 1461 1784 pius
1481 1698 1572 1766 diviti
1592 1699 1733 1784 parcitur
1753 1718 1847 1785 quam
1869 1695 2008 1783 pauperi,
2029 1714 2087 1764 uec
2156 1772 2166 1784 ,

455 1877 460 1884 ,
550 1817 627 1868 uera
646 1802 724 1867 suut
743 1796 879 1867 hominis
899 1797 982 1866 boua
1002 1818 1064 1884 que
1082 1817 1186 1867 secum
1204 1799 1328 1868 auterre
1349 1819 1410 1868 nou
1432 1807 1547 1885 potest,
1568 1803 1787 1888 ideoquene,
1813 1803 1869 1888 qui
1898 1820 1955 1886 pre
1975 1797 2087 1867 ceteris

552 1901 774 1988 temporalium
795 1921 816 1969 a
836 1901 972 1969 Domino
993 1902 1239 1971 benedictionem
1260 1904 1446 1988 acecpimus,
1466 1904 1572 1973 studio
1591 1905 1801 1972 misericordie
1820 1903 1982 1988 invigilare
1995 1900 2087 1968 debe·

550 2021 631 2086 mus,
652 2022 715 2089 que
731 2004 800 2071 sola
822 2021 925 2072 comas
945 2005 1046 2072 fidelis
1067 2011 1117 2073 est
1136 2004 1363 2074 defunctorum.
1406 2006 1584 2091 Eupropter
1611 2024 1670 2074 uos
1695 2025 1798 2074 eomes
1823 2005 2011 2073 Eustachius
2031 2020 2087 2069 uo·

416 2113 424 2120 ‘
550 2111 620 2175 tum
640 2107 774 2175 iacimus
795 2113 862 2175 tam
883 2107 998 2175 tuturis
1019 2126 1114 2192 quam
1136 2108 1332 2192 presentibus
1355 2107 1474 2177 christi
1494 2108 1638 2177 fidelibus
1658 2110 1820 2192 universis,
1841 2108 1924 2193 quod
1938 2125 2003 2174 uua
2015 2123 2087 2171 cnm

550 2207 650 2278 matre
668 2216 778 2278 nostro
800 2211 914 2278 comite
934 2210 1166 2295 Voyz'esclrone¹
1189 2211 1329 2280 debona
1349 2212 1512 2280 uoluntate
1533 2231 1571 2280 uc
1589 2213 1657 2299 pari
1676 2230 1827 2281 consensu
1846 2210 1984 2279 omnium
1997 2207 2088 2275 luere·

549 2311 626 2381 dum
646 2319 836 2395 nostrorum,
859 2311 900 2381 ad
921 2312 1106 2398 placendum
1127 2313 1217 2380 nobis
1235 2315 1362 2398 superui
1379 2315 1492 2382 iudicis
1513 2317 1711 2383 seueritatem
1732 2321 1765 2383 et
1777 2314 1951 2382 animarum
1965 2315 2088 2379 nostra·

513 2462 516 2468 ·
549 2433 622 2483 rum
642 2415 826 2497 remedium,
848 2433 886 2482 ac
904 2417 1072 2500 coniugum
1094 2422 1273 2484 nostrerum
1294 2421 1328 2483 et
1347 2415 1481 2485 filiorum
1502 2424 1682 2486 uosmorum
1702 2418 1795 2485 simul
1808 2424 1842 2484 et
1855 2414 2088 2501 progenitorum

550 2523 731 2586 nostrorum
752 2517 897 2599 salutem,
919 2518 1048 2585 ecclesie
1069 2523 1103 2585 et
1124 2518 1301 2586 Convemui
1322 2520 1362 2587 de
1382 2520 1561 2588 Duberluch
1582 2519 1798 2589 cisterciensis
1819 2518 1945 2586 Ordinis
1966 2516 2087 2584 heredi·

550 2625 650 2689 tatem
671 2637 734 2706 que
753 2619 927 2705 vulgariter
948 2619 1115 2688 Zumbercz
1133 2627 1279 2690 vocaturo
1301 2640 1363 2707 que
1383 2622 1540 2707 quondam
1557 2624 1627 2690 iure
1646 2623 1836 2690 hereditario
1856 2620 1897 2689 ad
1911 2620 2088 2705 progenito·

549 2740 602 2790 res
630 2728 757 2789 nostros
779 2722 968 2807 pertinebat,
1001 2741 1039 2790 ac
1060 2725 1187 2808 iterato,
1217 2725 1395 2809 presidente
1420 2725 1534 2794 iudicio
1561 2725 1661 2794 iedcis
1683 2726 1831 2793 memorie
1857 2723 1983 2791 domino
2009 2721 2088 2789 duee

549 2824 748 2908 Prlmizloue‚
770 2843 877 2893 coram
899 2826 1064 2894 comitibus
1086 2833 1170 2896 terre
1191 2816 1321 2914 propter
1341 2828 1457 2897 damna
1477 2835 1511 2896 et
1523 2829 1654 2896 iniurias
1668 2826 1757 2896 nobis
1770 2846 1791 2894 a
1803 2825 1916 2894 comite
1929 2823 2088 2908 Stephano

549 2927 590 2997 de
610 2926 763 2996 Wirbeue
780 2934 814 2996 et
835 2928 908 2996 tiliis
929 2928 994 2996 suis
1015 2930 1131 3012 illatus,
1150 2929 1321 2998 Polouiuali
1342 2931 1411 3000 iure
1431 2939 1504 3018 post
1529 2932 1646 3000 trinam
1675 2931 1855 2999 citationem
1883 2948 1940 3013 per
1964 2933 2089 2996 senten

550 3032 630 3101 cinm
648 3032 799 3101 comitum
819 3033 1039 3118 requisivimus
1060 3040 1095 3101 et
1114 3034 1148 3101 in
1169 3035 1397 3119 possessionem
1425 3035 1596 3104 introducti
1620 3034 1745 3114 fuimus,
1775 3051 1813 3100 ac
1841 3030 1970 3100 eundem
1996 3030 2104 3121 longo¹

549 3138 692 3221 tempure
713 3135 887 3221 tranquilla
906 3155 983 3219 paee
1003 3135 1215 3221 possedimus:
1235 3156 1306 3205 cum
1328 3139 1414 3205 omui
1427 3137 1567 3206 utilitate
1580 3138 1614 3204 in
1628 3137 1722 3222 agris,
1746 3135 1855 3220 pratis,
1877 3133 1974 3216 siluis,
1989 3132 2090 3217 aquis,

549 3237 787 3323 piscationibus,
810 3237 985 3321 mellificis,
1007 3246 1130 3306 etcum
1151 3239 1236 3306 omui
1259 3239 1406 3307 libertate
1426 3244 1460 3307 et
1480 3239 1572 3324 pleno
1594 3241 1664 3307 iure
1684 3245 1750 3306 tam
1771 3236 1974 3323 proprietatis
1994 3252 2090 3321 quam

517 3347 518 3351 ’
549 3339 757 3426 possessionis
775 3340 946 3424 tranquille
966 3340 1184 3425 possidendam
1205 3342 1395 3410 contulimus
1415 3343 1449 3410 in
1470 3343 1554 3412 bunc
1574 3344 1711 3425 modum,
1733 3343 1824 3409 utin
1845 3339 1985 3426 predicta
2001 3338 2091 3405 hene·

548 3443 651 3512 ditate
669 3442 843 3510 claustrum
864 3442 991 3510 Ordinis
1011 3463 1119 3511 eornm
1140 3451 1353 3528 construatur,
1382 3446 1436 3513 ubi
1457 3445 1525 3515 Deo
1549 3447 1757 3531 omnipotenti
1785 3444 1837 3511 die
1862 3448 2019 3526 noctuque
2043 3440 2091 3507 di·

548 3547 622 3614 vina
643 3545 795 3631 obsequia
814 3548 984 3615 secundum
1003 3554 1126 3616 statiua
1147 3555 1180 3615 et
1201 3550 1458 3618 cousuetudinem
1487 3548 1614 3617 Ordinis
1640 3567 1748 3616 eomm
1774 3545 2000 3631 persblvuntur.
2043 3540 2091 3609 Ut

548 3647 647 3734 tgltm
667 3648 726 3716 hec
746 3653 857 3716 nostra
876 3648 1005 3717 donatio
1025 3649 1146 3736 pretate
1170 3652 1299 3720 mdeste
1316 3653 1356 3720 de
1377 3651 1555 3720 Doberluch
1575 3658 1648 3720 ruta
1661 3653 1842 3736 permaneat
1853 3652 1888 3715 et
1900 3644 2090 3725 incontultt.

548 3757 726 3837 presentem
747 3751 895 3835 paginam
916 3753 1091 3838 sigillorum
1106 3761 1287 3823 nostrorum
1308 3756 1479 3823 munimine
1493 3755 1623 3824 fecimus
1637 3753 1790 3838 insigniri,
1809 3747 1978 3835 suppositis
1992 3746 2090 3814 eciam

549 3850 684 3922 testibus
704 3852 869 3938 fidediguis
887 3872 1020 3937 quorum
1041 3859 1169 3924 nomina
1188 3864 1264 3925 sunt
1284 3859 1356 3927 hec:
1380 3878 1483 3927 comes
1503 3859 1675 3944 Predeploe
1696 3856 1864 3942 palatinus,
1882 3848 1990 3920 ¹comes
2011 3848 2092 3918 Her·

548 3954 723 4024 huboldus
744 3956 914 4040 palatium,
936 3976 1039 4026 eomas
1061 3960 1216 4029 Goslaaus
1238 3963 1429 4030 mstellanus
1449 3961 1490 4030 de
1511 3961 1677 4042 Sanctocb
1699 3976 1801 4028 comes
1822 3954 1964 4024 Andes
1978 3952 2092 4021 custel-

548 4055 641 4127 luuns
660 4057 701 4125 de
722 4058 867 4141 Vileneu‚
890 4078 994 4129 cumas
1014 4061 1178 4130 Beummiu
1200 4064 1391 4132 castellanus
1412 4064 1451 4132 de
1473 4064 1633 4145 Premuut,
1656 4079 1760 4131 comes
1780 4057 1960 4127 Suautemir
1981 4053 2092 4123 custel-

548 4158 640 4228 lnnus
661 4158 702 4228 de
721 4160 868 4244 Mesenis,
890 4181 993 4231 oomes
1014 4164 1212 4232 lheroslavus
1233 4166 1272 4233 de
1294 4165 1436 4248 Corsike,
1459 4167 1598 4235 Mathias
1619 4164 1762 4234 notarius
1783 4163 1869 4229 curie
1882 4165 1916 4228 et
1929 4159 1984 4227 alii
1997 4175 2092 4241 quam

548 4261 664 4434 m
678 4263 888 4434 Bumtgm
906 4264 963 4334 bec
983 4267 1017 4334 in
1033 4266 1200 4335 Ponennuu
1221 4286 1303 4336 auno
1329 4268 1455 4336 Domini
1480 4266 1592 4336 blec.
1621 4263 1813 4350 sexagesimo
1843 4262 1878 4328 iu
1906 4265 2017 4328 octava
2042 4258 2093 4327 Io·

726 4365 791 4451 ptis

649 4569 840 4655 Daberluob
862 4546 1038 4654 Morbo
1070 4573 1247 4659 camme,
1278 4580 1410 4643 me.
1455 4573 1616 4658 wicum
1641 4574 1708 4640 eu
1727 4594 1746 4637 ι
1766 4573 1931 4637 meua
1956 4570 2092 4634 ruem

549 4671 862 4859 mxu&
906 4674 1049 4760 Vdenen,
1079 4678 1201 4746 Wieteci.
1238 4678 1401 4763 manunt
1423 4681 1573 4767 Praese.
1600 4676 1746 4759 lionoris,
1771 4677 1987 4763 Mtfdzyrzecz.
2016 4670 2094 4740 (lor-
