4860 6180
1898 290 1971 368 395

431 501 617 584 perpetuum
638 493 707 564 iure
728 493 917 565 hereditario
935 491 1167 580 possidendam
1186 494 1330 563 unientes
1352 492 1482 562 eandem
1503 493 1713 579 possesionem
1734 492 1808 561 ville
1834 511 1892 562 suo
1913 512 1974 577 que

432 599 537 668 (lorea
556 600 735 685 appellatur
754 607 789 668 et
809 599 1056 667 intromittentes
1075 599 1175 682 ipsam
1198 599 1230 664 in
1254 599 1345 682 opole
1368 597 1407 665 de
1433 596 1552 679 Kdecb,
1583 598 1616 663 in
1644 617 1706 684 quo
1735 596 1879 663 aturribus
1904 616 1976 681 pcr-

432 701 555 770 lructur
575 702 702 788 pacilicc
724 709 756 770 et
777 702 900 787 quiete:
928 707 1068 784 excepto,
1098 701 1182 784 quod
1203 700 1307 768 Gorca
1329 703 1361 768 in
1388 721 1446 769 sua
1472 701 1632 768 solucione
1654 718 1749 783 quam
1777 706 1853 767 ante
1875 701 1977 767 exsol-

433 804 539 888 vebat,-
555 823 678 890 semper
693 805 898 890 permanebit,
913 800 1068 889 prefatam
1082 822 1155 870 vero
1169 804 1276 870 villam
1291 810 1398 881 nostre
1412 805 1600 872 venditionis
1614 802 1815 869 liberavimus
1829 823 1849 870 a
1863 810 1976 886 strosa,

433 907 606 994 apccvod,
628 926 649 974 a
669 927 777 993 povoz,
800 927 820 975 a
840 926 946 989 naraa,
969 926 990 975 a
1011 906 1186 991 podvorove
1212 912 1246 973 et
1273 926 1293 974 a
1319 907 1415 974 castri
1439 909 1599 975 citatione.
1642 905 1691 972 Ut
1712 910 1820 972 autem
1841 904 1900 972 bec
1921 925 1977 974 no-

434 1017 502 1080 sua
522 1011 689 1092 ordinatio,
711 1012 845 1079 manime
866 1010 1018 1092 vendicio,
1037 1029 1098 1093 que
1119 1016 1185 1076 tam
1208 1010 1269 1099 rite
1290 1010 1417 1077 emersit
1437 1016 1471 1077 et
1492 1012 1525 1076 in
1548 1008 1672 1093 publico
1694 1015 1744 1075 est
1764 1027 1821 1092 per
1834 1027 1892 1074 uos
1905 1028 1977 1093 pro·

433 1113 550 1200 palata,
571 1113 667 1182 robur
680 1115 840 1181 firmitatis
854 1114 1006 1193 obtineat,
1029 1129 1157 1195 presens
1179 1111 1376 1195 privilegium
1398 1112 1492 1196 sigilli
1514 1112 1646 1196 preclari
1668 1110 1775 1178 mariti
1794 1111 1895 1177 nostri
1908 1129 1977 1178 mu·

432 1217 549 1286 uimine
569 1222 603 1285 ct
622 1218 725 1284 nostri
746 1217 892 1283 duximus
910 1213 1121 1283 muniendum.
1164 1215 1247 1281 Acta
1268 1222 1342 1282 sunt
1360 1215 1417 1282 bec
1438 1215 1471 1281 in
1493 1214 1620 1281 Poanan
1642 1234 1725 1281 arrrro
1746 1212 1872 1280 Domini
1888 1213 1977 1280 MCC

432 1320 660 1406 septuagesimo
690 1319 722 1386 11
751 1320 947 1404 presentibus
975 1319 1036 1384 hiis
1060 1316 1212 1384 testibus:
1245 1319 1359 1384 comite
1386 1317 1556 1385 Vincencio
1586 1318 1736 1401 pincerna
1762 1315 1978 1399 Poznaniensi,

432 1424 547 1491 comita
565 1422 684 1490 Bozeta
703 1421 768 1489 tilio
789 1422 946 1506 quondam
968 1419 1129 1503 Stephani,
1151 1418 1323 1503 diroquota
1344 1419 1573 1487 subcamerario
1594 1420 1811 1487 Poznanieusi.
1858 1419 1978 1487 Datum

432 1526 466 1593 iu
483 1524 535 1595 uic
555 1524 711 1594 dominica
728 1525 871 1609 proxima
892 1528 965 1610 post
985 1520 1101 1589 festum
1122 1523 1337 1606 apostolorum
1359 1522 1446 1590 Petri
1463 1529 1497 1590 et
1518 1523 1608 1590 Pauli
1630 1542 1686 1608 per
1710 1542 1838 1591 manum
1860 1523 1979 1591 domini

434 1626 643 1714 Svaatlroalay
664 1627 780 1695 uotani
802 1632 909 1695 nostre
927 1625 1022 1696 curie.
1505 1646 1509 1653 ·

359 1913 361 1917 v
536 1832 705 1903 Hereditas
736 1837 989 1899 mamimatomono
1026 1786 1108 1897 mole
1142 1832 1198 1913 dyc
1236 1837 1324 1897 Maio
1361 1833 1469 1899 (lorica
1522 1832 1711 1916 Chociczke,
1750 1837 1789 1899 de
1825 1836 1978 1898 Cliocicza

435 1937 548 2022 uerea,
573 1939 640 2004 ezra
664 1941 808 2019 Tarpeiae
835 1938 945 2014 Gdrlca
967 1940 1067 2002 amolo
1084 1940 1129 2022 ”i
1147 1942 1184 1999 aa
1206 1957 1233 1998 n
1255 1939 1362 2001 XVII
1391 1941 1486 2002 ablat
1518 1942 1685 2018 Mitcazyna
1718 1939 1827 2000 dorla.
1871 1933 1981 2001 Kdech

433 2061 511 2109 zava
539 2044 636 2108 dicct,

1099 2337 1173 2425 Nn.
1205 2335 1306 2424 450.

534 2537 724 2622 bobilam
749 2537 827 2620 dux
847 2535 998 2620 Patauio
1019 2537 1165 2623 1278·
1176 2535 1275 2638 lug.
1302 2536 1333 2636 7,
1357 2536 1399 2620 lu
1421 2537 1577 2622 civitate
1599 2536 1869 2642 wlaumbvia
1898 2555 1984 2623 nter

434 2659 618 2744 magistrum
639 2659 751 2726 domus
772 2657 983 2724 Theutanicae
1004 2663 1038 2725 et
1058 2658 1215 2725 ducissam
1230 2655 1394 2725 Lancieiae
1415 2657 1617 2726 Eufrosinam
1639 2659 1801 2744 liliumque
1823 2658 1892 2726 cius
1907 2657 1983 2726 Vis·

434 2761 578 2846 dblaum,
600 2761 640 2830 dc
662 2759 836 2829 homicidiis
857 2759 1063 2828 Hildebrandi
1088 2779 1126 2828 ac
1155 2759 1297 2844 Nyrtridi
1320 2761 1519 2847 burgensium
1541 2763 1580 2831 da
1607 2760 1762 2830 Chelmno
1784 2762 1984 2847 compositio·

434 2882 507 2934 uam
527 2863 613 2934 iacit

538 2973 678 3050 Pereunt.
711 2975 826 3050 arpena
874 2971 957 3033 aare
981 2972 1135 3054 picczecie
1162 2973 1388 3050 przpwicszonc
1419 2989 1462 3034 aa
1493 2971 1673 3034 strandacb
1701 2971 1985 3050 persentiscerem

433 3077 584 3154 pta-nam
605 3077 774 3138 wmarus
795 3071 917 3163 dacae,
943 3083 1087 3150 lplaezec
1104 3079 1217 3149 Μὴ
1238 3078 1339 3152 mapa
1356 3077 1520 3154 molatae,
1538 3078 1741 3154 praedatamia
1754 3075 1883 3154 tulupa
1897 3095 1914 3137 z
1924 3092 1985 3154 pa·
2007 3116 2009 3122 .

372 3208 382 3220 ·
435 3181 578 3242 rtorolcm
608 3197 635 3239 m
660 3183 807 3259 prnaicp,
836 3201 862 3242 a
889 3179 975 3257 remo·
1001 3182 1103 3266 daim
1132 3183 1376 3265 trzymm'qcepm
1402 3183 1507 3257 napis:
1541 3175 1575 3245 S.
1605 3176 1762 3244 Walimiri
1790 3175 1850 3243 Da·
1878 3175 1985 3260 gracia

440 3278 577 3364 episcopi
596 3276 833 3348 Wladizlavieu.

537 3384 704 3448 Biblietcda
722 3386 791 3448 XX.
819 3386 1059 3466 Osartoryclricd.
1105 3387 1286 3464 bipennem

539 3585 620 3655 (lum
640 3587 684 3654 ait
705 3588 766 3656 iuri
787 3595 1040 3671 cousentaneum,
1062 3589 1183 3656 racioui
1204 3605 1385 3670 consonum,
1408 3593 1475 3656 mm
1489 3585 1581 3656 firmo
1601 3585 1707 3656 ledere
1726 3588 1897 3672 stabilique
1917 3588 2001 3674 lege¹

437 3690 540 3777 sopire
561 3678 734 3759 discordias
755 3710 795 3760 uc
813 3691 916 3761 denuo
932 3693 1133 3775 neddscaut,
1154 3709 1212 3759 nos
1225 3690 1383 3758 Bolislaus
1402 3690 1462 3758 Dei
1483 3691 1592 3776 gracia
1611 3691 1676 3758 dux
1688 3691 1818 3760 Polouic
1839 3692 1919 3760 scire
1934 3711 1987 3759 cu-

442 3792 546 3879 pimus
567 3796 742 3877 univcrsos,
773 3797 856 3879 quod
878 3797 962 3863 inter
981 3796 1065 3862 viros
1090 3794 1262 3878 religiosos,
1290 3793 1436 3860 videlicet
1456 3795 1643 3878 magistrum
1669 3813 1708 3862 ac
1734 3792 1849 3862 mue
1876 3793 1986 3861 domus

437 3895 628 3966 Tbeutouiec
649 3917 707 3984 per
727 3899 890 3966 Prusciam
913 3906 1073 3966 eteorum
1094 3898 1236 3964 homines
1257 3915 1296 3964 ex
1316 3915 1381 3964 uua
1402 3903 1505 3982 parte,
1528 3916 1585 3965 nec
1606 3916 1669 3965 uon
1691 3896 1851 3964 dominam
1873 3896 1987 3964 Eufra-

436 4001 538 4070 duam
560 4001 717 4069 illustrem
739 4003 896 4069 ducissam
918 4001 1084 4070 Lanclnicie
1104 4008 1137 4066 et
1157 4000 1256 4066 tilium
1279 4000 1347 4067 eius
1375 3999 1561 4068 Ladblaum
1584 4020 1622 4069 ac
1648 4019 1757 4068 eorum
1778 4000 1922 4068 homines
1948 4018 1987 4067 ex

437 4103 540 4174 altera
553 4112 654 4190 parte,
677 4123 735 4190 pro
751 4105 926 4172 homicidiis
940 4103 1058 4171 domini
1079 4101 1221 4187 Nyrlridi
1242 4104 1459 4188 sociorumque
1480 4103 1548 4170 eius
1568 4122 1606 4171 ac
1627 4103 1745 4171 domini
1760 4103 1986 4188 Hyldeprandi,

435 4207 636 4292 burgensium
649 4208 690 4276 dc
703 4207 856 4290 culmine,
883 4207 1050 4275 accedente
1071 4212 1196 4273 maturo
1211 4208 1340 4274 consilio
1354 4206 1541 4274 venerabilis
1557 4206 1658 4291 patris
1672 4208 1773 4274 nostri
1787 4207 1906 4274 domini
1921 4207 1986 4274 Vo-

435 4310 530 4378 limiri
552 4310 824 4379 Wladizlariensis
847 4313 982 4397 episcopi
1007 4316 1243 4395 ceterorumque
1265 4313 1442 4396 sapientum
1464 4317 1655 4393 nostrorum,
1678 4312 1937 4396 composicionem
1952 4315 1987 4378 et

436 4416 523 4500 pacis
543 4423 696 4501 perpetue
718 4416 914 4482 corrcordiam
936 4415 1066 4482 fecimus
1086 4416 1118 4480 in
1139 4414 1223 4482 lrurnc
1244 4414 1380 4481 mollum.
1424 4413 1565 4498 Nepotes
1590 4421 1624 4480 et
1650 4415 1742 4482 unrici
1764 4415 1883 4482 domini
1904 4415 1986 4500 Nyr·

435 4517 509 4585 iridi
530 4518 652 4587 dubunt
672 4516 841 4586 heredibus
860 4517 977 4582 domini
999 4515 1214 4601 llyldeprandi
1237 4519 1400 4601 sexaginta
1420 4536 1544 4585 marcas
1566 4518 1599 4584 iu
1622 4518 1723 4584 tribus
1742 4520 1817 4585 anni
1839 4519 1987 4602 tempori·

435 4621 505 4704 bue,
526 4621 649 4689 scilicet
670 4623 702 4688 in
725 4620 807 4688 leste
830 4620 914 4686 beati
944 4622 1028 4687 Galli
1050 4621 1160 4703 viginti
1184 4641 1315 4702 marrus,
1341 4625 1415 4689 item
1445 4624 1478 4689 iu
1509 4629 1623 4690 octava
1651 4623 1839 4690 Natiuitatis
1861 4622 1987 4689 llomiui

436 4725 547 4810 viginti
565 4743 698 4807 marcas,
727 4727 802 4793 item
831 4724 863 4790 in
894 4731 1009 4808 quarta
1037 4724 1126 4805 scria,
1156 4723 1207 4790 die
1230 4724 1387 4809 Cinernm,
1415 4727 1526 4810 viginti
1554 4745 1687 4793 mareas.
1731 4726 1781 4793 nd
1808 4726 1891 4794 lianc
1912 4743 1985 4794 veto

437 4830 599 4913 pecuniam
623 4829 869 4914 persolvendam,
892 4828 1049 4910 predictus
1071 4827 1134 4893 elur
1158 4829 1277 4894 inventis
1299 4829 1466 4897 lmlizlaus
1494 4849 1565 4897 cum
1593 4831 1659 4896 suis
1680 4831 1843 4912 militibus,
1866 4830 1988 4897 scilieet

438 4930 527 5016 Lupo
543 4932 695 5017 palatino,
709 4931 838 5013 docebo,
855 4931 1025 4996 Cluiscono
1040 4939 1073 4996 et
1088 4931 1247 5016 ll'oyaieb,
1271 4934 1448 5000 cautionem
1465 4934 1642 5000 huiusmodi
1657 4936 1881 5019 compromisit,
1897 4940 1942 5015 nt,
1958 4934 1986 4999 si

435 5036 578 5118 prodictu
606 5037 738 5120 pennis
765 5055 826 5102 non
849 5036 979 5102 daretur
997 5036 1126 5101 statntis
1157 5036 1298 5101 tenninis
1328 5038 1561 5121 suprascriptis,
1584 5045 1713 5120 accepto
1735 5039 1774 5105 ad
1796 5038 1855 5103 boc
1877 5042 1985 5102 nentro

436 5141 560 5223 nuncio,
588 5140 620 5206 in
644 5146 729 5206 terra
747 5159 806 5206 sua
832 5159 889 5222 pirri
917 5145 986 5205 tota
1011 5158 1134 5205 sunmia
1161 5140 1290 5222 pecunie
1318 5139 1449 5223 [nigriora
1479 5141 1652 5225 capientur.
1695 5140 1774 5206 Item
1802 5141 1985 5223 statuimus,

437 5249 474 5311 ut
503 5249 638 5328 utraque
661 5264 734 5328 pars
767 5244 859 5312 caviat
882 5244 965 5309 orrrni
994 5242 1112 5311 arcioni
1136 5243 1202 5308 litis
1225 5244 1385 5325 lnvtmite,
1414 5244 1535 5312 scilicet
1562 5244 1601 5312 dr
1623 5244 1809 5325 lmruicidiis,
1832 5243 1873 5309 dr
1895 5243 1988 5312 stibus

1778 5363 1827 5418 50·
