4860 6180
1019 733 1093 820 ΝΡ.
1126 731 1227 819 519.

455 928 641 1014 smmum
669 929 916 1015 Psromislaus
943 930 1020 1014 dux
1046 930 1196 1014 Polonie
1224 932 1358 1010 1288
1377 927 1486 1013 biart
1506 935 1548 1030 7,
1576 929 1741 1033 Poenum
1756 947 1901 1015 concreto

350 1049 469 1170 civibus
488 1050 528 1118 de
546 1049 683 1132 Poaneri,
705 1050 908 1118 mercimonia
929 1050 1124 1131 ducentibus,
1144 1049 1325 1118 libertatern
1346 1069 1367 1117 a
1389 1050 1512 1118 teloneo
1533 1070 1591 1136 per
1611 1055 1715 1116 totum
1733 1069 1826 1116 suurn
1845 1051 1900 1118 do-
1967 1148 1974 1156 1

349 1154 557 1322 mimam
600 1247 766 1322 Biblioteku
788 1258 1036 1321 Bouoronelcicb.
1080 1256 1148 1322 Lib.
1168 1260 1270 1337 privil.
1293 1261 1422 1322 wrote
1443 1260 1569 1321 Pernaco
1587 1259 1641 1336 soi.
1664 1258 1732 1321 reo.

451 1459 490 1527 ln
507 1458 633 1527 nomme
654 1458 780 1527 Domini
798 1478 901 1528 amen.
931 1459 1016 1527 Dum
1036 1460 1115 1526 vivit
1132 1459 1241 1528 litters
1261 1459 1340 1527 vivit
1360 1465 1394 1527 et
1415 1459 1501 1527 aceio
1522 1445 1640 1541 littere,
1660 1459 1749 1528 cuius
1764 1459 1901 1528 assercio

348 1562 452 1655 uouit
470 1561 653 1629 memoriam
674 1569 708 1629 et
729 1563 880 1630 roborata
901 1563 1034 1646 suscipit
1054 1563 1293 1630 incrementum.
1321 1561 1424 1645 igitur
1437 1580 1495 1641 nos
1516 1562 1672 1628 mcuudus
1693 1562 1903 1630 Paremislaus

349 1663 409 1730 Dei
429 1665 537 1749 gracie
556 1664 620 1731 dux
647 1664 777 1732 Polouie
803 1670 915 1732 notum
944 1663 1077 1731 facimus
1106 1664 1261 1732 universis
1291 1661 1412 1730 christi
1440 1663 1585 1731 lidelrbus
1609 1670 1674 1731 tum
1704 1665 1904 1749 presentibus

349 1783 445 1850 quum
465 1765 580 1832 futuris
602 1773 779 1852 presentem
804 1767 951 1852 peginam
972 1767 1169 1850 inspecturis,
1191 1766 1276 1851 quod
1297 1765 1380 1834 bons
1400 1765 1628 1834 deliberacione
1655 1766 1766 1833 bubits
1791 1773 1826 1834 et
1846 1785 1902 1835 uo-

348 1873 487 1936 strorum
509 1868 664 1937 baronum
685 1869 828 1951 consilio,
850 1876 971 1936 stetum
991 1876 1100 1937 nostru
1119 1870 1257 1937 civitatis
1277 1868 1415 1951 Poenam,
1439 1888 1502 1954 quc
1525 1870 1669 1954 proxima
1686 1875 1779 1954 parte
1799 1871 1834 1936 in
1854 1869 1904 1937 ui·

349 1970 480 2039 ehillum
499 1971 622 2057 redegit
642 1973 724 2058 (sic),
746 1961 890 2057 cupimlrs
911 1974 945 2039 iu
966 1973 1079 2040 melius
1098 1971 1279 2040 reformare.
1322 1971 1564 2040 Honorabilium
1585 1977 1764 2039 uestrorum
1792 1973 1838 2040 ibi
1859 1973 1904 2040 ei·

347 2074 434 2141 rium
462 2072 646 2158 degeueium
675 2075 876 2143 attendentes
903 2075 1059 2162 precrbus,
1092 2094 1201 2142 omnes
1230 2076 1313 2144 eires
1340 2081 1466 2141 nostros
1494 2073 1637 2155 dilectos,
1671 2074 1705 2140 in
1731 2073 1904 2141 iamdicta

348 2174 478 2243 civitate
498 2181 611 2244 nostra
631 2183 806 2258 urenentes,
827 2182 980 2262 perpetuo
1001 2197 1059 2263 per
1072 2177 1253 2244 universum
1267 2176 1368 2243 nostri
1381 2176 1513 2267 dominii
1529 2175 1719 2258 districtum,
1738 2176 1779 2243 ad
1792 2173 1904 2260 quam·

349 2295 485 2363 cumque
503 2285 627 2362 partem
648 2297 683 2346 sc
704 2279 928 2346 uanstulerint
948 2298 1006 2363 pro
1021 2279 1087 2345 suis
1105 2279 1317 2347 mercimoniis
1331 2278 1530 2364 peragendis,
1551 2277 1593 2346 ab
1614 2278 1699 2346 omui
1711 2278 1904 2346 absolvimus

348 2378 488 2448 tirelouei
507 2382 688 2463 exardere
719 2381 765 2448 ita
785 2387 823 2448 ut
843 2380 950 2448 nullus
971 2380 1012 2448 de
1038 2382 1158 2449 uosttis
1183 2379 1234 2448 vel
1259 2386 1439 2448 moruorum
1466 2379 1695 2465 terrigenarum
1718 2380 1904 2449 thelonariis

348 2480 434 2566 ipsos
451 2483 486 2548 in
507 2488 694 2568 perpetuum
723 2489 885 2568 presumat
916 2483 1096 2550 nullomodo
1125 2482 1296 2571 molestare
1321 2481 1363 2550 ab
1392 2483 1439 2550 eis
1460 2481 1642 2551 theloneum
1663 2484 1825 2568 exigendo.
1870 2483 1904 2551 Si

348 2582 421 2667 quis
441 2601 516 2651 vero
536 2590 795 2670 presumptuosus
816 2587 963 2652 iuventus
996 2585 1095 2653 tuerit-
1117 2592 1151 2651 et
1179 2585 1297 2652 uostris
1323 2585 1417 2654 factis
1445 2585 1689 2653 mdonabilibus
1715 2586 1904 2669 contrarius,

349 2684 405 2768 qui
426 2705 508 2754 ausu
529 2690 697 2756 temerano
719 2689 805 2772 ipsos
827 2694 1024 2771 presumeret
1044 2686 1242 2772 perturbere,
1261 2686 1371 2755 ublate
1390 2687 1540 2756 restituet
1559 2694 1595 2756 et
1615 2693 1756 2755 uosbum
1778 2707 1814 2756 se
1833 2707 1904 2756 sen·

349 2789 415 2854 cist
434 2789 682 2874 indignacionem
704 2788 982 2873 irrecuperabilem
1003 2789 1182 2857 iucurrisse
1226 2788 1275 2858 Ut
1293 2795 1401 2857 autem
1422 2797 1533 2858 nostru
1550 2790 1752 2858 raciouebilis
1772 2790 1904 2859 douecm

348 2890 505 2975 simulque
525 2893 724 2961 coutirmacio
746 2897 899 2977 perpetuo
920 2892 1108 2960 inviolabilis
1134 2898 1326 2976 perseveret,
1357 2899 1537 2978 presentem
1561 2894 1708 2977 peginam
1738 2894 1840 2960 nostri
1861 2895 1904 2974 si·

348 2994 418 3079 gilli
438 2996 611 3063 munimine
631 2997 778 3063 duximus
796 2995 1049 3063 confirmandam.
1086 2994 1205 3062 Datum
1220 3000 1254 3062 et
1274 3001 1381 3062 ectum
1403 2994 1528 3062 Pernen
1549 3014 1633 3062 enno
1653 2995 1759 3079 gracie
1776 2993 1904 3063 Domini
1989 3083 1993 3095 Ι

348 3096 516 3165 millesimo
538 3095 789 3180 ccmxxxm,
812 3097 921 3166 Nonas
942 3098 1064 3180 Marcii,
1086 3117 1276 3183 permanes
1297 3100 1425 3186 Tylorris
1447 3099 1563 3168 courir
1587 3099 1674 3167 curie
1695 3104 1814 3167 nostre.

977 3456 982 3461 ⁷
1020 3484 1094 3571 Nr.
1126 3478 1227 3573 520.
1314 3555 1317 3562 .

455 3675 642 3762 Secundus
668 3677 826 3762 Promisi
852 3680 929 3762 dur
956 3680 1105 3765 Polcnio
1132 3681 1514 3779 1283l1aru'28,
1546 3681 1589 3763 in
1614 3679 1820 3784 Posueuia3
1848 3697 1905 3764 cat

355 3795 597 3864 Bmtbommseo
621 3799 680 3865 civi
703 3798 909 3867 Pozuauiensi
937 3820 996 3884 pro
1021 3801 1197 3869 hereditate
1229 3802 1328 3886 ipsius
1350 3790 1530 3883 Zebilrowm
1558 3807 1680 3886 partem
1711 3801 1806 3868 rillse
1827 3818 1905 3868 suee

351 3897 495 3984 Wiuiary
516 3905 551 3966 et
572 3899 592 3964 5
610 3900 743 3969 macella
764 3901 797 3967 iu
818 3900 948 3968 civitate
969 3902 1105 3971 Poznati.

460 4003 642 4066 Wurrzuuu
686 4007 815 4068 Arcbim
840 4004 974 4070 etiem.
1019 4010 1070 4071 Ke.
1094 4009 1139 4073 M.
1160 4007 1214 4087 21,
1234 4009 1288 4086 sol.
1311 4009 1364 4073 64.

453 4205 491 4272 Iu
512 4207 638 4275 nomine
659 4205 785 4274 Domini
807 4227 909 4276 amen
955 4208 1034 4277 (ium
1057 4209 1135 4276 vivit
1156 4210 1251 4278 litera
1271 4210 1349 4276 vivit
1371 4214 1405 4276 et
1426 4210 1509 4276 aetio
1531 4208 1633 4290 litero,
1656 4210 1745 4277 cuius
1767 4211 1904 4277 assensio

350 4309 452 4375 nutrit
470 4310 650 4376 memorium
669 4317 703 4376 et
724 4311 873 4378 roborata
891 4313 1023 4394 suscipit
1043 4315 1279 4380 incrementum.
1324 4313 1425 4397 Igitur
1446 4330 1503 4378 nos
1522 4312 1678 4378 secundus
1693 4313 1826 4380 Premisl
1841 4314 1903 4379 Dei

349 4412 457 4493 gracia
476 4410 540 4478 dux
561 4411 690 4479 Polorrie
711 4421 821 4479 notum
842 4412 975 4480 iacimus
994 4416 1148 4481 universis
1170 4421 1236 4481 tam
1257 4414 1455 4498 presentibus
1477 4433 1572 4497 quam
1594 4414 1709 4482 tuturis
1724 4423 1902 4500 presentem

350 4515 496 4596 pagiuam
518 4515 717 4598 inspecturis,
739 4514 824 4597 quod
843 4515 959 4583 dilecta
981 4516 1041 4583 civi
1063 4523 1172 4584 nostro
1193 4515 1399 4582 Poznanieusi
1426 4515 1649 4583 Bartholomco
1676 4535 1734 4601 pro
1759 4535 1818 4584 sus
1847 4517 1903 4584 he·

350 4615 485 4682 ruditate
506 4615 648 4683 Zabicow
669 4623 703 4683 et
721 4624 829 4682 nostre
851 4618 947 4684 soluti
969 4617 1150 4686 satisfacere
1172 4620 1344 4702 cupientes,
1365 4618 1406 4684 de
1427 4624 1537 4684 nostru
1556 4637 1619 4684 uon
1642 4619 1717 4685 licta
1738 4611 1903 4686 uoluntate

350 4724 384 4785 et
408 4720 527 4787 salubri
556 4719 665 4786 hubito
691 4726 871 4787 nostrorum
897 4721 1050 4789 baronum
1077 4723 1207 4789 coasilio
1230 4721 1290 4788 sibi
1317 4722 1445 4804 suisqrm
1479 4721 1712 4788 successoribus
1738 4721 1905 4804 legittimis

351 4821 463 4888 damus
484 4827 621 4906 quatuor
641 4840 767 4889 mansos
789 4823 822 4888 in
845 4823 957 4891 Virrari
979 4825 1055 4890 villa
1075 4830 1195 4905 nostra,
1218 4823 1333 4890 liberos
1352 4822 1393 4890 ab
1406 4823 1491 4889 omui
1509 4823 1672 4889 exactione
1685 4829 1719 4889 ct
1733 4824 1903 4905 solucione,

352 4925 400 4993 ita
419 4925 578 4994 videlicet:
600 4944 621 4993 a
642 4945 748 5008 curru,
770 4944 791 4992 a
812 4945 917 5009 censu,
939 4948 960 4993 a
982 4928 1103 5009 vicirriu,
1123 4947 1144 4993 a
1164 4926 1325 5011 poradlne‚
1349 4932 1382 4992 et
1402 4925 1444 4992 ab
1466 4926 1538 4991 eliis
1567 4926 1711 4993 omnibus
1733 4927 1905 4994 erectioni-

353 5025 423 5110 bus,
445 5047 508 5112 que
528 5046 611 5094 nuuc
632 5027 676 5094 ibi
695 5035 770 5094 sunt
784 5035 818 5095 ct
832 5048 980 5113 processu
1003 5029 1154 5112 temporis
1171 5029 1312 5113 poterint
1332 5028 1456 5095 exoriri.
1483 5028 1572 5106 Quod
1593 5029 1671 5094 nulli
1691 5029 1817 5112 penitus
1830 5028 1904 5094 obe·

351 5130 418 5198 diat
437 5130 478 5198 de
498 5131 616 5197 mensis
637 5132 837 5215 supradictis,
859 5133 946 5216 ipsos
968 5133 1001 5198 in
1022 5139 1209 5216 perpetuum
1231 5133 1299 5198 iure
1320 5130 1511 5198 increditario
1525 5130 1711 5214 possidendo
1726 5131 1856 5215 pacifice
1870 5136 1904 5197 ct

351 5233 466 5316 quiete.
512 5233 725 5316 dcliungerrtes
756 5235 856 5301 eidem
889 5234 1113 5301 llartlrolomro
1143 5239 1177 5299 et
1210 5234 1275 5300 suis
1309 5232 1540 5299 suensmubm
1573 5233 1605 5298 iu
1636 5233 1764 5299 civitute
1792 5237 1904 5298 nostra

351 5334 557 5404 Poenouieuei
578 5337 717 5420 quinque
735 5338 886 5404 mecccllu
904 5337 1096 5431 carnificum,
1119 5335 1159 5402 ud
1183 5353 1401 5420 quemcunque
1423 5334 1525 5401 locum
1541 5333 1781 5416 transferentur,
1803 5332 1904 5402 libera
1975 5355 1980 5365 ·
