4860 6180
1896 423 1971 501 567

430 630 679 703 merarius
706 629 938 714 nemetense,
967 627 1077 697 mane
1103 627 1354 698 summosses
1379 625 1577 713 mmmm
1601 571 1766 696 'mosne
1795 625 1974 712 peomne

432 734 637 821 Gnmnensis,
658 733 797 804 Merme
817 735 960 803 noterius
981 734 1067 803 curte
1087 738 1203 802 nostre
1410 769 1413 774 -

532 940 699 1026 Mnrlnow,
723 945 906 1023 Murrum
949 939 1085 1023 Militlm,
1110 943 1221 1007 mimz.
1265 938 1400 1027 Zdunki,
1423 943 1540 1026 Zduup.
1585 937 1758 1026 Zdulkovo,
1781 941 1972 1025 Driodkowo,

431 1049 631 1118 zeiemloelm
656 1049 865 1115 studuerim.
910 1041 1080 1131 cibamini,
1102 1043 1252 1136 noemi,

998 1418 1072 1506 Nr.
1104 1409 1204 1503 607.
1250 1412 1410 1524 (4292)

537 1636 708 1722 dionisus
735 1635 926 1742 episeopus
951 1634 1192 1718 Pomeniene
1219 1636 1355 1715 1267
1380 1632 1470 1717 dor.
1497 1640 1531 1731 1,
1556 1632 1599 1715 in
1617 1631 1743 1735 droi03
1765 1654 1973 1736 protestator,

432 1778 469 1829 se
487 1779 508 1828 a
529 1757 678 1843 Gepitnlo
698 1757 847 1827 eeclesiae
868 1758 908 1825 de
929 1753 1086 1824 Wrocieu
1106 1756 1261 1842 recepisse
1281 1755 1323 1823 ed
1344 1761 1469 1840 tempus
1489 1756 1575 1823 vitae
1595 1773 1672 1822 suae
1691 1754 1799 1822 villam
1814 1753 1976 1836 Widnwu;

377 1943 381 1950 ,
435 1882 495 1949 pro
517 1863 642 1932 cantela
662 1881 736 1930 vero
746 1861 887 1945 integrae
898 1859 1107 1928 mundonis
1120 1859 1205 1928 dotis
1219 1859 1357 1928 eiusdem
1370 1858 1474 1942 villae,
1491 1859 1700 1930 hereditatem
1713 1876 1804 1928 sunm
1815 1857 1976 1946 Gentem

434 1964 582 2056 cupium
603 1965 764 2051 praedicto
782 1962 910 2048 obliget

542 2073 699 2138 erosae.
742 2074 860 2136 eona
889 2072 1027 2150 opaea
1069 2069 1160 2134 roo
1176 2073 1269 2150 seper
1286 2087 1364 2149 pap.
1387 2069 1460 2132 eoo.

539 2293 578 2363 In
596 2295 723 2364 nemim
743 2295 869 2363 Domini
890 2311 991 2361 emen
1035 2292 1103 2378 Ego
1124 2291 1274 2361 Nicotaus
1294 2291 1355 2360 Dei
1375 2292 1482 2378 mania
1502 2292 1668 2377 episeopus
1686 2290 1908 2360 Pomaniensis
1922 2311 1978 2361 no·
2118 2356 2120 2362 .

434 2404 504 2468 tum
524 2398 605 2468 isoio
626 2398 770 2467 omnibns
790 2396 989 2490 presentibus
1007 2403 1041 2464 et
1060 2396 1186 2478 futuris,
1206 2396 1292 2481 quod
1312 2396 1525 2464 emerendis
1544 2396 1679 2464 dominis
1693 2396 1843 2481 magistre
1856 2395 1892 2464 P.
1908 2415 1979 2480 pre·

434 2504 547 2589 posito,
570 2502 609 2570 N.
630 2503 748 2571 decano
769 2510 803 2572 et
823 2508 892 2570 toto
914 2499 1065 2587 Gepitnlo
1085 2502 1216 2569 ecclesie
1236 2500 1515 2582 wratislaviensis,
1536 2500 1577 2567 de
1597 2501 1737 2586 ipsorum
1751 2519 1832 2585 pure
1845 2507 1879 2568 et
1892 2519 1981 2568 mera

434 2605 629 2674 liberdilate
648 2611 682 2673 et
701 2606 808 2690 gracia
836 2605 939 2688 reoepi
960 2604 1068 2672 villam
1089 2604 1227 2688 ipsorum
1248 2604 1375 2672 nomine
1396 2602 1550 2671 viderem
1570 2605 1636 2672 sive
1655 2602 1878 2686 Polaninoviei,
1900 2610 1979 2672 tem·

432 2708 561 2796 mutus
586 2709 651 2776 vite
678 2726 747 2776 mee
776 2727 838 2792 quo
864 2707 905 2776 ad
930 2707 1102 2775 utilitatem
1127 2713 1161 2774 et
1181 2707 1379 2775 usufructum
1400 2707 1628 2792 possidendam,
1647 2708 1769 2777 nullum
1790 2708 1840 2776 ius
1861 2707 1980 2776 habens

432 2831 491 2880 neo
510 2811 545 2879 in
565 2817 726 2896 posterum
747 2811 912 2879 habiturus
933 2812 966 2876 in
989 2810 1087 2895 ipsius
1107 2810 1181 2878 ville
1198 2811 1401 2895 proprietate,
1424 2829 1482 2878 nee
1502 2829 1560 2895 pro
1582 2830 1633 2879 me
1654 2831 1711 2879 neo
1732 2812 1810 2879 meis
1829 2811 1979 2880 iratribus

433 2915 499 2984 sira
525 2914 765 2982 suooessoribns.
808 2913 868 2994 Qui
894 2915 993 2982 mem
1020 2913 1135 2982 intres
1155 2915 1217 2982 mei
1238 2914 1360 2982 nullum
1385 2915 1436 2981 ius
1462 2914 1624 2983 habebunt
1644 2916 1744 2982 eciem
1766 2915 1893 3000 regendi
1914 2917 1980 2984 siva

432 3017 621 3104 procurandi
646 3016 776 3085 mndem
801 3016 918 3100 villum,
949 3017 1151 3100 neo·uliqnid
1176 3017 1217 3086 de
1237 3036 1277 3085 ee
1305 3016 1475 3100 auferendi,
1495 3019 1561 3086 sive
1582 3018 1760 3088 hominibus
1781 3018 1816 3087 in
1837 3026 1981 3106 tempora
2027 3098 2032 3108 Ι

434 3122 508 3207 (sio)
537 3120 736 3188 manentibus
763 3120 884 3205 aliquid
911 3120 1102 3206 percipiendi
1124 3120 1208 3206 (sio),
1231 3112 1375 3188 deiecto
1394 3121 1444 3188 rel
1465 3121 1609 3203 deiero,
1631 3120 1686 3189 sed
1707 3141 1765 3207 ego
1785 3141 1855 3190 eum
1874 3142 1981 3208 regam

432 3243 490 3311 per
510 3223 628 3292 bonum
649 3229 683 3291 et
703 3224 849 3292 idoneum
866 3231 1112 3309 procuratorem,
1156 3223 1256 3304 Quum
1285 3223 1393 3291 villam
1415 3224 1524 3292 taliter
1544 3224 1661 3309 recipio
1682 3224 1825 3292 dotatum
1846 3227 1912 3294 siue
1933 3228 1981 3293 in·

432 3327 608 3396 formatem
651 3327 780 3412 Aouipio
810 3327 965 3412 siquidem
995 3346 1067 3395 oum
1094 3327 1203 3394 eedem
1224 3327 1299 3394 villu
1319 3327 1472 3395 ducentes
1492 3344 1578 3409 oves,
1599 3344 1853 3413 unamquemque
1873 3348 1982 3398 eorunm

432 3449 491 3516 pro
508 3430 637 3500 dimidio
658 3428 780 3498 fertone
799 3428 873 3498 boni
893 3431 1017 3515 exemti
1037 3430 1230 3512 saumatam
1249 3436 1283 3499 et
1299 3429 1463 3498 duodecim
1484 3427 1589 3510 boves,
1611 3428 1775 3498 minutos
1797 3449 1854 3515 pro
1868 3451 1980 3500 novem

432 3535 545 3604 mareis
565 3534 703 3619 argentm
729 3539 763 3602 et
783 3540 919 3618 quatuor
945 3552 1066 3617 mneos,
1091 3534 1231 3602 valentes
1255 3534 1335 3618 dues
1358 3549 1480 3600 marens
1505 3533 1643 3616 urgenti,
1673 3539 1707 3601 et
1735 3533 1798 3601 dno
1825 3533 1977 3619 iumento,

433 3635 475 3706 ud
496 3638 591 3705 uium
612 3656 789 3705 marcarum
809 3638 933 3722 urgenti
951 3639 1199 3719 estimationem,
1221 3657 1282 3706 neo
1302 3656 1366 3704 non
1379 3637 1492 3722 viginti
1506 3637 1586 3705 duos
1600 3655 1712 3721 porcos
1727 3644 1761 3706 et
1774 3656 1856 3722 sues,
1871 3659 1981 3708 unam

432 3757 589 3825 quumque
617 3739 774 3807 edentem
797 3745 935 3824 quatuor
958 3746 1062 3808 eootos
1091 3740 1227 3824 menti,
1256 3740 1368 3824 viginti
1396 3757 1500 3821 anes,
1534 3738 1668 3826 triginta
1692 3740 1837 3825 gallinas,
1861 3747 1894 3810 et
1915 3747 1983 3811 tres

433 3841 543 3928 galloe,
573 3850 607 3912 et
632 3847 758 3911 centnm
787 3860 950 3911 mensuras
976 3843 1060 3910 inter
1088 3843 1244 3928 siliginem
1269 3848 1303 3909 et
1326 3842 1467 3909 triticum
1496 3841 1538 3909 ed
1561 3841 1720 3927 hyemalis
1744 3845 1925 3927 seminatae,
1948 3852 1982 3914 et

437 3945 570 4015 totidem
590 3965 649 4031 pro
667 3944 849 4014 estivalibus
871 3936 1051 4013 seminibus.
1094 3945 1156 4012 Pro
1182 3944 1267 4012 dicte
1286 3950 1394 4012 numm
1414 3944 1488 4012 ville
1509 3950 1543 4012 et
1564 3946 1631 4013 eins
1653 3946 1737 4013 dotis
1758 3946 1909 4031 ennete
1929 3948 1984 4016 de·

431 4046 491 4116 beo
513 4047 589 4116 dare
616 4047 748 4133 singulis
777 4048 869 4116 annis
896 4049 1003 4116 decenn
1033 4047 1153 4132 lapides
1181 4066 1253 4115 nere
1276 4047 1406 4116 ecclesie
1426 4047 1653 4132 preminate,
1676 4049 1815 4132 quinque
1835 4050 1982 4119 videlicet

431 4151 467 4218 in
486 4149 567 4218 festo
588 4150 681 4218 beate
699 4148 806 4232 Luoie,
834 4157 867 4217 et
890 4151 1028 4236 qmnqne
1049 4152 1083 4217 in
1103 4151 1185 4218 festo
1207 4151 1308 4218 suncti
1330 4149 1415 4230 Viti,
1443 4168 1522 4233 qnos
1542 4150 1663 4234 lapides
1684 4139 1755 4218 oere
1775 4150 1803 4217 si
1824 4151 1857 4218 in
1878 4153 1983 4237 predi·

432 4252 493 4322 otis
512 4253 623 4321 diebus
643 4270 706 4319 non
724 4252 849 4334 dedero,
871 4253 989 4322 hebent
1008 4254 1123 4339 preieti
1143 4254 1331 4338 prepositus,
1352 4253 1489 4320 deoanus
1507 4258 1541 4320 et
1564 4251 1756 4338 Capitulum,
1784 4253 1834 4319 ius
1862 4260 1896 4321 et
1925 4275 1982 4324 en·

435 4355 613 4425 cleritatem
642 4355 772 4423 eandem
792 4355 898 4423 villam
920 4376 992 4425 oum
1013 4358 1157 4425 omnibus
1177 4357 1366 4441 supradietis
1387 4355 1482 4422 miehi
1499 4355 1671 4437 auferendi,
1691 4355 1753 4421 nisi
1772 4355 1859 4423 iuste
1880 4365 1913 4424 et
1928 4377 1982 4426 ne·

435 4459 572 4527 cessarie
593 4478 689 4526 neusa
708 4478 766 4544 pro
785 4465 924 4542 tempore
946 4478 996 4527 me
1017 4466 1190 4528 excusaret
1234 4458 1284 4526 Ne
1305 4464 1421 4539 autem,
1448 4477 1520 4526 cum
1540 4457 1683 4544 sepefata
1702 4458 1781 4526 ville
1801 4458 1843 4526 ed
1863 4460 1983 4529 (lictum

434 4559 615 4646 capitulum
646 4562 784 4642 redierit,
811 4561 868 4628 dos
897 4562 1004 4644 aliquo
1026 4581 1100 4629 oesu
1122 4562 1311 4646 negligencie
1331 4561 1496 4645 deperdita
1516 4562 1549 4627 in
1571 4581 1610 4629 oa
1630 4581 1693 4628 nnn
1715 4564 1901 4647 reperiatur,
1924 4585 1982 4649 pro

432 4665 665 4733 restaureoioue
691 4664 925 4748 deperditarum
953 4666 1014 4750 ipsi
1042 4665 1189 4751 capitulo
1216 4665 1256 4732 de
1285 4665 1446 4732 voluntate
1471 4663 1605 4732 irntm
1634 4668 1785 4748 meorum,
1811 4665 1980 4751 Bronizlni,

432 4765 626 4849 Theolorioi,
655 4767 762 4835 villum
789 4775 930 4835 nostrum
959 4768 1097 4836 Gavmni
1124 4770 1184 4853 ipsi
1208 4768 1356 4852 capitulo
1382 4767 1496 4852 obligo,
1523 4769 1571 4835 ite
1597 4768 1682 4852 quod
1707 4769 1805 4853 ipsius
1837 4773 1981 4856 nuncius,

433 4869 502 4937 sine
522 4871 633 4952 quevis
654 4870 849 4952 dificultate,
872 4890 931 4938 sua
951 4873 1078 4957 proprie
1100 4873 1290 4940 anctoritate
1306 4872 1406 4956 possit
1426 4891 1497 4938 enm
1516 4871 1648 4954 ingredi,
1671 4871 1830 4956 possidere
1850 4880 1884 4942 et
1906 4876 1982 4943 reti·

433 4991 509 5040 nere
539 4971 668 5052 tamdiu
695 4974 794 5042 deusne
819 4975 1022 5058 permovet
1050 4975 1164 5042 iratres
1193 4993 1288 5053 muotl,
1316 4975 1383 5040 sivo
1410 4993 1517 5042 eorum
1544 4974 1675 5041 heredes
1706 4974 1755 5041 vel
1776 4992 1981 5062 mouessores,
2071 5033 2074 5037 .

432 5075 581 5143 uniuersa
601 5075 640 5140 do
660 5075 744 5156 dote,
768 5077 814 5142 vol
836 5078 935 5144 eciem
957 5084 1027 5144 tote
1048 5079 1105 5144 (los
1124 5078 1288 5162 deperdito
1310 5076 1406 5143 fuerit
1426 5095 1465 5144 ex
1488 5079 1611 5160 integro
1632 5083 1822 5145 restaurata
1856 5079 1893 5147 ln
1915 5101 1981 5150 om·

435 5179 524 5246 nium
545 5183 651 5244 euleu
680 5178 931 5262 supradictorum
951 5180 1047 5247 robur
1067 5186 1101 5247 et
1122 5181 1314 5261 montorium,
1337 5186 1512 5265 presentem
1531 5181 1657 5247 litarem
1679 5181 1898 5264 prenominato
1921 5184 1981 5252 Ce-

434 5281 537 5368 pitnlo
558 5280 617 5347 surb
638 5279 759 5363 sigillis,
788 5300 857 5349 nno
876 5288 909 5350 ot
930 5283 1086 5349 dictorum
1109 5283 1241 5350 foetuum
1264 5302 1413 5363 meorum,
1434 5283 1510 5349 eluxi
1531 5284 1819 5352 transmittendam.
1863 5286 1981 5355 mium

435 5384 468 5451 in
491 5382 594 5452 Crobe
614 5381 772 5452 Kalamine
796 5383 991 5469 Novembris,
1012 5405 1096 5453 murro
1118 5387 1243 5454 Douriei
1263 5385 1433 5455 ddccix
1453 5388 1598 5473 septimo,
1620 5389 1834 5474 presentibus:
1854 5389 1982 5460 domino
