4476 6180
1713 325 1792 461 ccc

245 597 280 662 et
298 597 423 677 emtam
449 590 612 673 habentes,
637 590 738 676 ipsum
767 589 975 656 hereditatem
1002 581 1127 657 Ceriale
1148 589 1234 656 dicto
1260 587 1386 658 domino
1411 588 1645 677 archiepiscopo
1670 587 1793 656 eteius
1891 556 1892 559 Ἴ

245 695 476 764 successoribus
497 696 566 762 iura
587 701 739 779 perpetuo
769 691 989 776 possidendum
1015 699 1125 760 tenore
1151 693 1347 776 presenciam
1375 695 1604 761 conimranrus.
1648 691 1686 758 ln
1705 692 1794 759 cuius

244 798 291 867 rel
309 798 524 867 testimonium
544 804 579 865 et
598 796 791 864 evidentium
813 795 994 878 pleniorem,
1013 801 1192 879 presentem
1213 797 1355 865 litteram
1377 804 1486 865 nostro
1500 805 1534 865 ot
1547 796 1686 864 ciusdem
1701 795 1794 880 Stoy·
1935 847 1937 851 Α

244 902 317 987 gncl
337 902 449 987 sigillis
469 901 685 969 mandavimus
707 899 901 967 communiri.
936 901 1061 966 'hatum
1082 901 1116 965 in
1136 899 1267 966 (incana
1286 901 1484 983 presentibus
1504 899 1580 965 hiis:
1603 900 1717 966 comite
1736 897 1794 965 Ni·

245 1003 334 1072 coleo
355 1003 608 1089 Pnodpelcoviea
637 1001 778 1086 palatino
809 1001 985 1081 Calisiensi,
1016 1001 1131 1068 comite
1159 1001 1329 1070 Oechosloo
1352 1004 1503 1087 pinesme
1527 1001 1654 1082 ibidem,
1682 1020 1794 1084 supra·

245 1107 364 1193 scripto
393 1108 508 1174 comite
533 1107 675 1173 Roscom
701 1111 850 1172 venatore
877 1102 992 1171 ibidem
1019 1109 1053 1170 et
1077 1104 1150 1171 aliis
1182 1105 1305 1185 multis
1338 1107 1482 1189 sequenti
1500 1105 1551 1171 dic
1578 1103 1663 1169 beati
1693 1102 1794 1169 litorei

245 1208 456 1294 Euangeliste
476 1228 559 1276 anno
572 1207 806 1277 Incurnacionis
825 1205 980 1273 dominice
1001 1205 1166 1274 millesimo
1186 1205 1401 1278 ducentesimo
1421 1206 1632 1292 octuagesimo
1649 1209 1749 1271 sexto

348 1411 482 1497 Couale,
502 1417 630 1483 Koronta.

915 1608 989 1695 Nr.
1022 1607 1122 1696 563.

353 1805 510 1892 Iambus
552 1805 751 1889 dnennens.
792 1804 1088 1913 archiepiscopus
1133 1811 1270 1890 1286
1308 1807 1396 1890 lini
1432 1813 1507 1908 10,
1552 1806 1595 1889 in
1634 1805 1796 1909 dnenna3

244 1927 403 2014 permittit
422 1927 582 1996 Valdkoni
602 1927 739 1996 sculteto
759 1927 799 1994 de
817 1925 983 1995 Sokolnilci
1007 1928 1214 1996 hereditatem
1243 1947 1332 1996 snam
1361 1929 1508 1997 Polanow
1537 1928 1606 1996 inre
1633 1927 1673 1995 de
1696 1913 1797 1994 Sroda

245 2030 358 2100 locere

357 2137 552 2216 Μωρέ
573 2139 690 2215 appia.
716 2139 940 2216 potmierdzony
956 2155 1072 2215 przez:
1105 2133 1287 2219 Capitulum
1308 2155 1334 2204 s
1353 2136 1504 2203 eudesius
1531 2132 1797 2218 Metropolitanus

249 2237 444 2306 Gnesnensis
464 2235 544 2302 1547
567 2235 679 2304 Octob.
710 2236 762 2318 23,
792 2237 948 2318 Gnesnae,
970 2260 997 2301 ro
1015 2243 1207 2320 perpaminie
1235 2244 1366 2319 omnim,
1397 2260 1420 2302 a
1447 2239 1572 2318 dtdreoo
1597 2256 1640 2300 na
1666 2254 1797 2300 cznurze

248 2361 269 2404 ι
289 2344 352 2406 reici
362 2341 514 2421 jedueoa
535 2359 680 2406 ezer-more
700 2345 712 2405 i
732 2345 838 2406 zielora
860 2346 925 2405 ebt
945 2344 1069 2407 comoed
1086 2346 1221 2427 pbczfai
1233 2363 1253 2406 2
1266 2344 1498 2423 mywratmiem
1516 2345 1631 2405 rotoma
1644 2341 1797 2420 &oporto-

247 2447 380 2532 utqoepo
399 2444 543 2525 Mehepm
562 2449 672 2524 napis:
692 2442 724 2510 S.
747 2441 928 2527 capitu...

356 2548 497 2612 eum
540 2548 998 2628 assequentem
1023 2549 1077 2611 ro.
1099 2549 1173 2614 scs.

350 2748 390 2818 ln
408 2750 535 2818 nornine
555 2749 682 2817 Domini
704 2768 804 2817 amen.
848 2750 929 2831 Quis
949 2751 1145 2834 temporanei
1165 2752 1198 2817 in
1220 2757 1361 2835 tempore
1382 2751 1508 2835 quidem
1527 2751 1682 2834 incipiunt
1696 2755 1796 2831 actus,

247 2857 281 2921 et
297 2852 332 2919 he
350 2857 492 2937 tempore
510 2850 653 2920 defluunt
673 2852 793 2919 nnllam
815 2854 864 2919 sni
886 2854 1067 2921 memoriam
1089 2853 1312 2937 relinquentes,
1342 2853 1403 2920 nisi
1428 2854 1635 2936 inquantum
1654 2853 1798 2919 testimo·

248 2954 301 3022 nio
321 2952 384 3023 lide
404 2953 570 3039 dignorum
592 2961 626 3022 et
646 2955 901 3023 aumenticernm
922 2955 1100 3022 litterarum
1122 2957 1204 3023 serie
1235 2956 1432 3037 roborentur,
1460 2974 1518 3022 nos
1543 2957 1641 3040 igitur
1666 2954 1798 3022 Iaeobns

247 3057 452 3127 nissadcne
473 3057 581 3126 dimna
600 3058 795 3126 Gneanensis
818 3058 1081 3143 archiepiscopus,
1103 3058 1301 3142 enphiteosi,
1322 3059 1426 3127 idest
1447 3059 1659 3126 meliorationi
1673 3063 1798 3125 nostra-

248 3178 319 3228 rum
340 3159 486 3228 villarum
507 3161 647 3228 omnium
668 3160 878 3243 intendentes,
900 3168 1009 3229 notnrn
1029 3162 1263 3229 essevolumus
1284 3162 1447 3241 universis,
1470 3162 1553 3246 quod
1574 3162 1614 3228 de
1634 3162 1799 3229 voluntate

248 3268 283 3332 et
302 3280 456 3331 consensu
478 3262 618 3347 Capituli
639 3263 741 3330 nostri
763 3263 971 3331 hereditatem
992 3270 1134 3332 nostram
1155 3265 1328 3349 vulgantes
1347 3264 1466 3331 dicam
1490 3264 1673 3348 Polyanino‚
1702 3264 1797 3332 sitam

247 3383 346 3451 prope
365 3365 509 3450 Powyda,
531 3383 626 3451 quam
647 3365 688 3432 de
709 3365 866 3449 magnifici
887 3367 1037 3450 principis
1058 3367 1176 3434 domini
1203 3367 1240 3434 P.
1262 3366 1323 3434 Dei
1345 3366 1454 3450 psus
1479 3367 1568 3433 dnus
1592 3366 1722 3435 Polonie
1743 3385 1799 3435 no-

250 3468 326 3537 stris
346 3468 487 3537 sends
514 3469 695 3551 meruimus,
720 3469 849 3553 speciali
877 3469 983 3538 favore
1012 3469 1184 3538 discretum
1213 3470 1315 3536 viram
1344 3468 1543 3536 Valdkonem
1568 3469 1738 3536 scultetum
1759 3469 1800 3536 de

254 3568 422 3639 Soholnilci
441 3571 641 3655 permisimus
661 3571 731 3637 inre
752 3570 945 3639 Tbentonieo
967 3571 1080 3653 locare,
1111 3590 1148 3639 eo
1170 3570 1317 3639 videlicet
1337 3571 1422 3654 quod
1451 3577 1595 3638 servaterr
1620 3571 1654 3637 in
1680 3570 1799 3638 Smoda

248 3672 361 3755 simile,
381 3672 431 3739 rel
452 3671 537 3740 unde
557 3673 610 3740 ius
628 3673 707 3740 illud
729 3674 871 3741 nosciteu
891 3675 1089 3757 processisse.
1133 3673 1208 3741 lura
1228 3678 1336 3740 autern
1356 3669 1416 3756 pro
1439 3674 1507 3758 ipso
1526 3672 1663 3741 sculteto
1685 3680 1719 3741 et
1739 3692 1797 3756 pro

248 3774 340 3844 nobis
360 3773 505 3842 hdenda
525 3776 633 3844 taliter
654 3776 863 3844 declaramus:
886 3776 1030 3860 inprimis
1049 3776 1132 3844 idem
1152 3769 1306 3844 scultetus
1327 3781 1362 3843 et
1382 3777 1450 3842 eius
1471 3776 1619 3861 legittimi
1639 3794 1798 3844 successo-

248 3894 301 3945 res
321 3875 459 3945 habebnt
479 3875 596 3945 ibidem
617 3884 755 3962 quatnor
776 3896 902 3945 mansos
923 3878 1049 3960 liberos
1071 3878 1282 3947 molendinum
1307 3896 1379 3945 cum
1407 3897 1491 3963 aqua
1516 3878 1604 3947 dicta
1623 3878 1800 3963 Sthndzye-

249 3997 356 4064 nyeoa,
377 3977 552 4061 tabernam,
575 3980 741 4047 macellum
763 3981 944 4047 earnilicnm
974 3987 1007 4049 et
1033 3981 1212 4064 pistrinum,
1241 3999 1396 4047 cameram
1422 3981 1594 4048 sutorslem
1622 3987 1656 4048 et
1676 3980 1798 4062 fabrile,

249 4099 321 4149 cunr
342 4087 480 4165 quatuor
500 4081 611 4163 hortis,
634 4099 732 4148 unum
753 4082 809 4164 qni
830 4087 961 4148 vocatur
981 4082 1097 4166 Vyelki
1118 4080 1242 4166 cgroth,
1265 4087 1298 4147 et
1318 4080 1381 4149 duc
1400 4084 1456 4166 qui
1483 4090 1636 4151 vocentur
1656 4083 1799 4168 Vyniari,

249 4188 284 4252 et
297 4189 449 4275 ¹quartum
467 4204 507 4252 ex
526 4185 671 4269 opposito
692 4185 778 4251 enne
799 4184 939 4252 eirrsdem
956 4185 1094 4267 moran,
1118 4204 1176 4252 nee
1196 4203 1259 4251 non
1287 4185 1419 4251 tercium
1447 4184 1610 4253 denarium
1638 4186 1678 4253 do
1699 4186 1800 4270 quali·

250 4285 305 4354 bet
325 4305 361 4355 re
388 4286 537 4354 iudicata
581 4288 691 4354 Eciam
719 4287 804 4355 dieto
833 4288 968 4355 sculteto
990 4288 1101 4354 mus
1130 4292 1323 4353 structuram
1353 4288 1560 4370 capriolorum
1590 4293 1624 4354 et
1646 4287 1799 4371 leporum,

249 4387 396 4456 uidelicet
412 4388 537 4473 modae,
563 4394 683 4473 quanto
709 4389 833 4472 longius
861 4396 1003 4457 statuere
1029 4394 1144 4473 potest
1189 4390 1226 4456 In
1253 4395 1364 4456 nostra
1386 4389 1480 4456 borru
1507 4390 1679 4457 utilitatem
1704 4410 1800 4475 epum

250 4495 403 4559 mrcent.
447 4489 568 4558 Hecet
588 4491 652 4558 clia
673 4493 778 4558 omnia
800 4493 911 4560 sibiet
932 4492 1162 4559 suecessoribus
1183 4492 1250 4558 suis
1273 4491 1372 4557 libera
1392 4491 1455 4557 rite
1483 4498 1635 4575 perpetuo
1659 4493 1800 4577 assigno·

254 4610 324 4659 mus
345 4611 416 4660 oum
440 4599 599 4678 potestate
630 4594 792 4675 vendendi,
823 4595 1036 4662 commutandi
1062 4600 1096 4660 ot
1121 4593 1354 4678 quomodolibet
1379 4593 1476 4661 libero
1502 4596 1712 4662 convertendi.
1756 4595 1801 4662 Et

252 4695 328 4777 quie
347 4693 486 4762 dudem
507 4695 682 4761 andkonis
704 4697 831 4762 sculteti
854 4716 960 4764 umore
979 4697 1199 4780 prosequimur
1216 4695 1344 4778 speciali
1367 4714 1533 4779 prorsonum
1555 4703 1685 4781 propter
1703 4698 1801 4764 servi·

252 4796 301 4863 oia
320 4814 382 4880 qae
403 4797 493 4863 nobis
515 4797 658 4864 exhibuit
679 4805 712 4864 et
733 4799 765 4864 in
785 4805 945 4882 posterum
967 4798 1135 4879 exhibebit,
1158 4799 1217 4866 boc
1239 4798 1298 4864 sihi
1321 4805 1354 4865 ot
1372 4799 1439 4864 eius
1455 4798 1618 4878 leuittimis
1632 4800 1800 4868 heredibus

252 4896 404 4964 adicimus
424 4897 592 4967 danastro
614 4899 811 4984 beneplacito
833 4908 866 4968 et
888 4902 988 4968 libera
1010 4902 1183 4980 volnrrtate,
1205 4901 1290 4982 quod
1305 4900 1449 4967 videlicet
1464 4902 1611 4971 libertate
1625 4905 1799 4988 expirante,

252 4997 291 5068 do
311 4998 453 5083 quolibet
474 5020 666 5069 manseron
688 5003 787 5070 libero
808 5005 972 5070 arrrruatirn
993 5003 1083 5069 nobis
1102 5003 1282 5070 emetlronos
1308 5003 1428 5068 solvere
1459 5010 1607 5071 tenentur
1632 5024 1686 5071 sor
1714 5023 1800 5071 men-

252 5120 342 5170 snrns
360 5102 504 5185 siliginis,
524 5124 579 5170 sex
597 5125 696 5171 reveno
714 5111 748 5172 et
767 5105 921 5170 ferronem
943 5107 1077 5187 urgenti,
1098 5106 1128 5170 in
1145 5104 1290 5188 pmrrderu,
1313 5104 1427 5184 valore,
1451 5125 1607 5188 mensnrn,
1630 5106 1800 5174 moundrun

253 5204 336 5288 qnod
357 5213 504 5273 sorvotnr
525 5207 556 5271 in
579 5207 698 5275 Srrmlo
717 5208 767 5273 vel
789 5207 872 5273 uredo
895 5208 944 5273 ius
962 5208 1180 5292 principaliter
1196 5214 1247 5272 est
1268 5212 1475 5290 assumptum,
1502 5209 1570 5274 sine
1597 5209 1682 5275 ‹rmni
1704 5211 1801 5275 servi·

255 5306 311 5376 cic.
344 5307 596 5376 lummentormn
615 5311 760 5376 clerentius
784 5311 953 5394 dolebunt,
975 5311 1195 5377 nieldlominos
1217 5310 1395 5377 solucione
1421 5310 1559 5377 ecclesie.
1605 5311 1800 5379 lrilrcrtotorn
