4476 6180
442 611 518 687 540

440 810 637 897 perturbari:
668 829 794 878 nocmse
826 816 876 879 est
897 832 981 897 ergo,
1014 811 1155 879 actiones
1180 808 1337 893 legitimas
1358 807 1468 895 scripti
1490 808 1688 878 continencia
1706 816 1740 877 et
1761 807 1992 895 subscriptione
2099 831 2121 873 ·.

439 915 568 982 testium
600 919 798 998 posterorum
830 916 947 982 noticie
981 913 1208 982 commendare.
1253 913 1319 980 Nos
1352 913 1450 998 igitur
1482 912 1691 980 Wiaclisslaus
1721 912 1779 979 llei
1797 914 1905 998 gracia
1925 913 1990 980 dux

439 1014 571 1102 Syrndie
584 1022 618 1084 et
633 1015 781 1101 Cuyavie,
794 1017 885 1084 heres
901 1016 1061 1097 Cmcovie,
1076 1023 1187 1083 notum
1202 1015 1430 1082 essevolumus
1451 1013 1605 1081 universis
1624 1015 1666 1080 ad
1684 1033 1819 1099 quorum
1841 1015 1991 1084 noticiam

438 1118 615 1203 pervenerit
640 1137 770 1202 presens
791 1121 953 1204 scriptum,
986 1117 1071 1203 quod
1103 1136 1174 1185 cum
1207 1117 1340 1184 illustris
1364 1116 1510 1202 princeps
1539 1115 1685 1183 dontinus
1707 1117 1888 1184 liolesslaus
1910 1118 1992 1185 bone

439 1221 589 1288 menorie
617 1220 776 1305 quondam
809 1222 874 1287 dux
907 1221 1066 1304 (iracovie,
1098 1227 1231 1304 patruus
1263 1226 1372 1287 noster
1394 1220 1589 1302 karissimus,
1613 1220 1782 1287 venerabili
1805 1220 1838 1287 in
1861 1220 2007 1289 cbristo·

438 1322 524 1408 putri
545 1323 672 1392 domiuo
692 1322 805 1390 Iacobo
827 1329 936 1391 sancte
957 1324 1152 1392 Gnezneasis
1174 1323 1304 1391 ecclesie
1329 1322 1574 1407 archiepiscopo,
1599 1327 1676 1391 tunc
1696 1322 1730 1389 in
1751 1322 1866 1390 minori
1887 1323 1992 1392 cilicio

440 1424 624 1508 constituto,
643 1425 779 1493 mediam
800 1425 1007 1493 beralitatam
1029 1426 1062 1492 in
1084 1424 1165 1492 Prus
1186 1431 1262 1492 ante
1284 1423 1469 1501 cracoviam
1490 1424 1586 1491 sitam
1616 1424 1684 1491 iure
1706 1424 1897 1492 hereditaria
1917 1443 1992 1492 eon·

442 1528 578 1611 tulisset,
603 1547 661 1596 nos
683 1528 784 1596 eidem
809 1529 980 1596 venembili
1001 1531 1096 1615 patri,
1119 1530 1259 1597 volentes
1280 1547 1350 1596 esse
1372 1534 1551 1595 nostrorum
1573 1527 1828 1610 predecessorum
1849 1527 1991 1613 ydoneus

311 1708 313 1714 ,
441 1630 593 1714 imitator,
626 1632 661 1698 in
692 1630 907 1700 remissionem
932 1638 1113 1699 nestrorum
1135 1631 1359 1716 peccaminum,
1382 1628 1582 1696 attendentes
1602 1628 1708 1694 tidelia
1728 1629 1880 1714 obsequia
1899 1628 1991 1697 uobis

438 1752 496 1819 per
527 1735 647 1802 dictum
675 1733 883 1802 venerabilem
915 1739 1038 1819 patrem
1069 1734 1243 1801 liberaliter
1264 1732 1415 1813 exhibita,
1438 1731 1498 1798 sibi
1520 1734 1554 1797 et
1575 1731 1706 1814 ecclesie
1727 1749 1783 1798 sue
1805 1730 1902 1799 aliurn
1925 1750 1991 1799 me·

436 1835 589 1904 dietatem
608 1837 693 1904 dicte
713 1836 900 1904 hereditatis
921 1837 1031 1905 damus
1052 1844 1086 1906 et
1107 1835 1295 1905 conferimus
1317 1836 1350 1902 in
1372 1838 1560 1920 perpetuum
1580 1833 1650 1900 iure
1671 1832 1866 1903 beralitario
1887 1835 1991 1920 possi·

438 1936 584 2020 damiam
619 1938 721 2022 ipsam
742 1944 776 2004 et
798 1937 865 2004 eius
887 1939 1004 2007 incolas
1025 1938 1067 2006 ab
1088 1939 1233 2008 omnibus
1251 1935 1372 2004 iuribus
1393 1936 1563 2004 ducalibus
1580 1941 1614 2003 et
1635 1943 1816 2003 nostrorum
1837 1935 1992 2005 mauro

437 2058 519 2124 rum,
541 2039 815 2124 soladonibusqus
832 2058 890 2107 seu
911 2041 1127 2109 exactionibus
1147 2059 1335 2126 quocunque
1356 2040 1483 2106 nomine
1504 2045 1694 2108 censeantur
1714 2038 1756 2107 ob
1776 2058 1916 2108 amorem
1929 2039 1991 2108 Dei

439 2146 474 2210 et
493 2141 580 2210 beati
600 2142 768 2210 aldelberti
790 2143 1000 2212 reverenciam
1024 2144 1212 2225 liberantes;
1234 2143 1283 2210 ita
1302 2141 1388 2227 quod
1408 2142 1509 2211 incole
1529 2141 1653 2227 prefate
1674 2141 1860 2210 hereditatis
1880 2143 1991 2211 eodem

312 2279 315 2284 ·
437 2243 507 2312 iure
534 2243 702 2329 madeant,
736 2264 801 2330 quo
829 2264 938 2314 ornnes
959 2246 1091 2315 ecclesie
1113 2246 1307 2314 Gnernensis
1329 2245 1542 2330 possessiones
1563 2245 1704 2328 antique.
1749 2244 1869 2312 Notum
1890 2245 1991 2312 eciam

435 2343 568 2414 iacimus
601 2347 766 2430 universis,
800 2348 885 2433 quod
916 2367 974 2416 nos
1005 2349 1133 2418 domurn
1165 2349 1199 2416 in
1224 2348 1354 2416 civitate
1382 2347 1583 2416 cracoviensi
1604 2346 1711 2415 lecobi
1731 2346 1891 2431 quondam
1912 2346 1991 2415 dicti

342 2497 344 2500 -
438 2446 672 2532 Poananiensis,
694 2468 758 2536 qua
778 2449 862 2516 idern
883 2449 929 2517 la
951 2469 1010 2534 pro
1031 2469 1069 2518 eo
1090 2449 1176 2535 quod
1198 2448 1399 2518 Gbarnisium
1419 2450 1551 2518 ludeum
1573 2449 1689 2518 eccidit
1709 2447 1772 2515 init
1792 2468 1850 2533 per
1863 2454 1990 2517 senten

436 2550 519 2619 ciam
541 2550 707 2636 spoliatus,
740 2570 798 2636 per
825 2552 1103 2620 commutacionem
1123 2571 1196 2620 aree
1218 2551 1357 2619 eiusdem
1379 2552 1567 2619 venerabilis
1588 2553 1700 2636 patris,
1723 2551 1783 2618 sibi
1804 2556 1839 2619 et
1859 2551 1992 2620 ecclesie

438 2669 496 2721 sue
517 2651 629 2721 damus
652 2658 685 2720 et
704 2652 892 2721 conterimus
925 2655 994 2721 iure
1026 2654 1216 2723 hereditario
1234 2654 1268 2722 in
1289 2661 1477 2739 perpetuum
1498 2654 1728 2738 possidendam.
1771 2653 1809 2720 In
1832 2653 1922 2721 cuius
1943 2654 1991 2721 rei

437 2755 653 2825 testimonium
686 2756 747 2824 sibi
775 2763 938 2842 presentes
959 2757 1085 2825 litteras
1105 2756 1258 2839 dedimus,
1280 2755 1377 2840 sigilli
1399 2756 1500 2824 nostri
1517 2757 1690 2824 munimine
1708 2756 1883 2840 roboratas,
1905 2774 1990 2824 anno

435 2856 564 2927 Domini
585 2857 827 2927 dccaxxx.
858 2859 1002 2944 septimo,
1025 2858 1223 2943 presentibus
1244 2858 1426 2926 comitibus:
1448 2857 1565 2944 chota
1584 2860 1767 2944 castellano,
1786 2859 1882 2927 Petro
1902 2859 1991 2944 pala·

434 2959 502 3029 tino
525 2959 793 3043 Cmooviensibus,
813 2960 942 3029 Andrea
961 2966 995 3028 et
1017 2960 1174 3028 Virbenta
1195 2958 1270 3027 liliis
1292 2960 1475 3045 Clementis,
1496 2962 1623 3030 domino
1644 2960 1758 3031 Iacobo
1781 2961 1990 3030 Wisslicieusi

434 3063 594 3150 preposita
616 3069 650 3132 et
671 3063 772 3132 fratre
792 3063 891 3132 Paulo
913 3064 1018 3149 priore
1038 3062 1228 3149 Syradiensi.

538 3266 628 3353 Pras,
651 3270 763 3352 neap.

1105 3565 1311 3655 Nassa
1438 3626 1440 3629 -
1573 3626 1575 3629 -
1694 3622 1717 3627 --

536 3761 767 3853 Wlodblaus
794 3764 871 3845 dux
907 3761 1078 3847 banniolo
1105 3768 1142 3846 st
1169 3763 1320 3849 duiavie
1348 3769 1483 3847 1287
1507 3764 1585 3848 iul
1608 3769 1697 3862 25,
1723 3765 1766 3848 in
1794 3763 1988 3867 tandeim

433 3883 561 3952 redindt
582 3902 646 3950 una
667 3901 739 3950 cum
760 3883 860 3951 matre
878 3902 935 3952 suo
954 3884 1033 3951 duce
1054 3884 1215 3952 Kazimiro
1238 3886 1387 3954 tabernas
1414 3892 1448 3955 et
1472 3883 1607 3967 forense,
1639 3904 1720 3971 quas
1755 3892 1927 3954 conventus
1948 3885 1989 3952 de

432 3984 638 4054 Traemeszno
662 3987 695 4052 in
716 3987 844 4054 civitate
865 3985 1006 4071 lnpcryea
1026 3986 1190 4070 habuerat,
1217 3988 1295 4056 dans
1318 4007 1375 4073 pro
1393 3988 1511 4057 eisdem
1532 3987 1640 4056 villam
1668 3988 1785 4072 Bryski
1806 4008 1878 4056 cnm
1899 3988 1989 4056 omni

433 4088 503 4155 iure
523 4087 637 4170 ducali,
659 4094 693 4155 et
713 4088 805 4154 villas
827 4087 924 4170 Gora,
950 4087 1051 4156 Kosin
1073 4095 1106 4156 et
1128 4090 1222 4175 Zagaj
1254 4110 1324 4159 cnm
1351 4089 1503 4159 taeultme
1531 4091 1657 4158 locandi
1687 4092 1756 4159 iure
1781 4090 1987 4158 Theutonico.

536 4193 679 4269 perpera.
706 4195 824 4271 crypta
868 4195 979 4269 Brzepi
1007 4193 1119 4256 tordzo
1145 4195 1265 4280 obcipte.
1312 4179 1409 4259 Sioda
1436 4199 1634 4260 contenente
1659 4199 1797 4281 pieczfci
1826 4198 1987 4259 atemere

541 4297 740 4360 limma
787 4295 869 4359 Pria
894 4297 981 4358 dono.
1009 4296 1080 4358 Cera
1107 4297 1181 4375 dep.
1206 4299 1350 4362 luteram

535 4497 572 4565 ln
602 4499 728 4566 nomine
764 4498 890 4565 Domini
919 4516 1021 4564 amen.
1067 4499 1258 4568 Wlod'aslaus
1292 4501 1352 4568 Dei
1384 4502 1493 4584 gracia
1523 4501 1588 4567 dux
1617 4500 1763 4568 Laneieie
1785 4506 1819 4568 et
1841 4500 1983 4585 Cuiavie,

433 4600 587 4668 universis
616 4608 794 4685 presentem
827 4601 973 4683 paginam
1006 4601 1193 4686 inspecturis
1220 4603 1461 4686 inperpetuum
1484 4603 1619 4671 salutem
1642 4603 1674 4669 in
1696 4603 1808 4669 salutis
1845 4609 1985 4671 auctore.

432 4700 483 4768 Ne
501 4721 540 4770 ca
561 4720 622 4785 que
643 4722 748 4769 eoram
771 4702 861 4769 nobis
882 4709 1020 4785 ngurdur
1041 4710 1074 4770 et
1096 4724 1152 4787 per·
1173 4713 1314 4772 nostram
1337 4705 1582 4772 benivolenciam
1605 4706 1815 4789 disponuntur
1838 4707 1987 4773 excidant

433 4806 624 4872 amemoria
656 4807 828 4885 hominum,
859 4823 920 4886 que
942 4825 991 4870 res
1014 4804 1133 4887 fragilis
1155 4814 1204 4872 est
1225 4815 1259 4874 et
1281 4808 1410 4889 incerta,
1434 4809 1534 4893 ilsam
1556 4810 1774 4876 consuevimus
1796 4811 1915 4875 nostris
1934 4810 1987 4876 lit·

432 4907 512 4974 teris
531 4908 700 4975 autenticis
715 4906 920 4990 perlrenrrare.
966 4907 1068 4985 Quare
1090 4909 1288 4991 presentibus
1309 4916 1343 4976 et
1366 4909 1480 4976 tuturis
1503 4918 1613 4978 notum
1634 4930 1703 4977 esse
1725 4911 1879 4995 volumus,
1902 4912 1988 4999 qued

433 5027 491 5075 uos
524 5008 716 5074 wladislaus
751 5028 814 5073 una
847 5027 918 5074 caru
946 5008 1044 5073 lrrrtre
1065 5016 1173 5075 nostru
1195 5009 1273 5076 duee
1295 5011 1456 5078 liaaimiro
1478 5013 1686 5080 roaldemimus
1709 5033 1730 5078 a
1751 5012 1878 5082 domino
1900 5015 1987 5082 biar-

435 5109 526 5177 tbino
561 5112 718 5193 preposito
752 5117 786 5199 et
809 5117 876 5175 toto
899 5117 1054 5176 eouveutu
1075 5113 1115 5177 de
1137 5112 1305 5178 'l'remcsna
1328 5115 1476 5182 tabernas
1497 5122 1531 5182 et
1553 5116 1676 5182 lorereo
1697 5115 1783 5198 quod
1802 5116 1835 5184 in
1857 5117 1987 5184 civitate

432 5219 541 5279 nostra
575 5212 767 5280 lauricicieusi
801 5213 1013 5296 possidebant,
1048 5234 1118 5281 cum
1150 5216 1294 5280 onrnibras
1328 5216 1520 5283 utilitatibus
1547 5238 1626 5302 qaas
1648 5218 1731 5284 idem
1753 5220 1932 5302 prepositus
1954 5227 1987 5286 et

435 5331 512 5380 suus
534 5321 705 5381 conscensus
727 5316 758 5379 ia
781 5316 890 5380 truleru
914 5316 1043 5381 civitate
1065 5316 1243 5383 babuerunt
1264 5325 1297 5382 et
1314 5318 1439 5386 irremut
1462 5319 1619 5401 turbituri3
1640 5320 1753 5387 danus
1767 5321 1853 5387 elicto
1875 5341 1987 5406 propa

431 5416 495 5481 sito
515 5422 550 5482 et
570 5434 627 5482 suo
645 5417 812 5483 conventui
834 5436 891 5499 pro
914 5418 1064 5499 pretiatis
1087 5420 1226 5485 tabemis
1248 5426 1281 5484 et
1296 5419 1429 5502 divense,
1452 5422 1558 5487 viliam
1579 5441 1641 5505 que
1655 5423 1835 5489 liriseuv'asb
1850 5425 1987 5506 vulgari·

430 5521 480 5585 ter
502 5524 702 5602 nuncupatur
735 5527 888 5602 pedatae
916 5519 1135 5601 possidendam
1160 5541 1233 5588 eum
1255 5522 1339 5588 rrrrrui
1359 5522 1543 5590 iuridicione
1560 5532 1658 5606 atque
1679 5525 1829 5591 districtu
1851 5532 1886 5591 et
1907 5526 1987 5611 iure,
