4860 6180
432 207 508 334 eso
595 323 601 333 .

431 480 490 549 pro
510 458 612 531 tribus
633 458 818 544 fertonibus,
841 459 980 546 quinque
999 478 1073 527 ovas
1094 476 1152 544 pro
1172 463 1245 546 octo
1270 458 1377 541 aeolis,
1409 457 1489 525 (luas
1515 454 1640 524 nnius
1654 474 1718 540 pro
1738 473 1855 538 maroa,
1881 460 1977 529 matii

430 565 571 650 ipsorum
589 561 719 648 pallium
737 583 794 648 pro
816 562 949 633 dimidia
968 583 1086 646 maroa,
1105 564 1182 632 itam
1203 562 1321 632 eisdem
1339 559 1503 629 iuvenibus
1516 564 1589 628 octo
1603 559 1724 627 modios
1737 559 1871 644 siliginis
1885 559 1977 630 Wra-

431 666 622 736 tinlaviensis
643 685 789 736 mansuro
808 685 868 752 pro
887 687 1003 737 maroa
1048 669 1086 737 ln
1106 669 1210 754 primu
1229 670 1292 751 vla,
1314 685 1385 734 aum
1404 664 1488 733 irent
1507 664 1542 732 in
1563 661 1725 730 Gnoznunn
1755 663 1797 731 ad
1826 662 1978 748 rocipiou·
2037 693 2040 700 ·

430 768 504 838 &un
524 788 547 837 a
566 768 646 840 duos
662 769 792 838 Polonie
813 771 952 839 eiusdem
973 773 1229 842 commutationis
1247 776 1376 852 sortem,
1396 768 1438 835 ad
1460 773 1620 850 sumptum
1639 783 1792 847 maroam
1811 773 1922 851 postea
1937 771 1978 838 ad

432 872 630 943 iaduoendas
650 891 763 940 uxores
783 891 890 940 eorum
910 892 982 941 oum
1003 875 1110 959 pueris
1131 881 1165 942 et
1185 875 1279 942 rebus
1300 874 1334 940 in
1355 871 1528 952 Poloniam,
1554 868 1638 935 idem
1664 867 1762 936 abbas
1786 868 1827 937 (le
1852 868 1979 938 Heinri-

432 995 518 1048 oowe
540 976 691 1045 oouduxit
710 974 756 1042 eis
777 974 857 1041 duos
878 993 990 1042 eurum
1011 995 1083 1044 oum
1100 976 1179 1043 VIII
1201 975 1290 1060 oquIs
1311 993 1369 1058 pro
1390 972 1512 1040 onnus
1532 972 1648 1039 marus
1666 972 1799 1057 agenti
1844 971 1892 1039 Ut
1905 990 1979 1058 ergo

432 1081 503 1167 ipsa
528 1077 733 1149 oommutatio
765 1076 896 1146 claustri
928 1079 970 1146 de
994 1079 1212 1147 Heinriehowe
1241 1082 1277 1146 et
1303 1075 1472 1144 eorundem
1497 1075 1645 1141 iuvenum
1672 1093 1711 1142 ex
1732 1080 1868 1159 ntraqum
1888 1083 1981 1160 porto

432 1183 526 1252 iruna
545 1199 669 1266 sempor
690 1185 724 1247 et
745 1184 817 1246 rata
836 1181 989 1248 consistat
1009 1181 1043 1247 in
1064 1182 1216 1264 futurum,
1239 1183 1417 1264 puusentem
1431 1182 1553 1245 aarum
1566 1177 1667 1244 nostri
1681 1177 1777 1260 sigilli
1790 1179 1981 1262 appensione

433 1285 579 1354 infimus
601 1282 795 1352 oommuniri.
839 1279 943 1350 Huius
965 1285 1219 1353 eommutationis
1241 1288 1339 1351 tostas
1365 1285 1455 1348 sunt:
1482 1297 1587 1347 oannes
1613 1278 1767 1347 Mmskho
1790 1280 1981 1349 catalanos

432 1387 474 1456 sle
493 1385 646 1468 Reisaen
668 1403 771 1454 munos
792 1383 891 1453 lakzu
911 1387 1103 1455 molanus
1117 1384 1399 1464 wratislaviensis,
1420 1381 1583 1449 quussm
1603 1381 1731 1466 Manna,
1753 1380 1908 1450 lohannes
1922 1381 1981 1450 Os

434 1488 515 1571 oina,
536 1487 684 1555 Dirulaus
704 1486 788 1553 filius
809 1486 982 1572 Moyoouis,
1004 1489 1164 1558 Aruoldus
1184 1488 1279 1571 liuh,
1301 1486 1419 1554 Paulus
1439 1484 1611 1568 Poduszoa,
1634 1485 1777 1553 Androes
1799 1485 1839 1553 da
1854 1485 1981 1568 Graiis,

433 1589 545 1659 Bauio
562 1588 647 1658 filius
668 1589 815 1672 Woizlai,
836 1589 954 1658 Paulus
975 1590 1122 1676 Slupoviz
1142 1597 1176 1659 at
1194 1590 1250 1658 alii
1271 1608 1367 1675 quam
1392 1588 1509 1674 plures
1553 1589 1670 1657 Actum
1689 1589 1724 1656 in
1752 1587 1982 1672 ilunstarbero,

434 1711 519 1764 anno
539 1691 668 1763 Domni
688 1691 864 1778 nocuus
885 1693 988 1779 pridie
1008 1693 1167 1762 Kalendas
1188 1693 1335 1780 Augusti

537 1896 693 1982 BmcaIIz,
715 1900 844 1983 ntepopl
864 1904 960 1966 oeodu
980 1920 1011 1982 p.
1032 1921 1070 1968 oa
1093 1903 1307 1982 sumtum
1331 1919 1375 1965 uo
1404 1902 1547 1987 Szlozlua
1590 1896 1769 1983 Stargrodo,
1802 1901 1983 1980 Sturpprod.

434 1999 544 2085 oolla,
572 2003 673 2069 oolla
716 2000 1161 2085 Heinsiuhowalleinrielaa
1203 2002 1357 2086 Rodssen,
1382 2000 1756 2084 matulonam
1784 2004 1984 2088 Ostapm.

436 2107 538 2189 amp
555 2124 599 2173 no
620 2108 762 2195 Szlqzku.
805 2104 1035 2190 Munstarbare,
1058 2110 1280 2190 Matutam.

1113 2404 1188 2492 Nn.
1220 2399 1323 2492 319.

539 2595 666 2682 Simon
692 2597 883 2683 mitllnn.
910 2597 1108 2687 (inlinens.
1134 2605 1269 2684 1253
1295 2601 1386 2686 sed.
1413 2602 1451 2685 ti
1474 2599 1632 2704 l3ionst
1643 2614 1887 2685 memoriola
1905 2613 1985 2684 lile·

438 2716 527 2789 olion
548 2715 777 2787 mistum
799 2717 1040 2805 Sammonion

540 2824 703 2889 ΝΜ
747 2825 917 2891 Isoeclooio
929 2843 1009 2907 pop.
1029 2825 1103 2891 172

541 3026 581 3096 Iu
600 3026 728 3095 nomine
746 3025 853 3096 Panis
874 3036 908 3097 et
927 3028 1003 3098 Filii
1023 3035 1059 3098 ot
1080 3028 1218 3114 Spiritus
1240 3030 1344 3101 moon·
1362 3048 1465 3099 amon.
1493 3029 1575 3098 (lum
1596 3048 1637 3097 ax
1658 2988 1841 3114 temporalis
1861 3046 1988 3113 perun

282 3150 286 3160 ·
437 3128 569 3201 tationls
590 3128 746 3198 munitulo
767 3148 807 3199 ea
826 3149 888 3215 quo
908 3138 1047 3217 aguntur
1066 3131 1102 3200 in
1122 3137 1273 3218 tempora,
1295 3133 1325 3201 si
1344 3132 1456 3216 scripti
1473 3132 1625 3202 memoria
1636 3131 1755 3200 iueriut
1767 3149 1832 3199 uon
1845 3129 1987 3214 misula,

437 3231 630 3318 aliquociens
649 3231 685 3298 ln
704 3231 869 3302 occiduum
894 3234 1060 3303 obliuionis
1088 3236 1292 3321 precipieIum
1316 3235 1505 3319 ‹linbeutun
1535 3240 1662 3320 oportet
1686 3239 1725 3303 ut
1750 3251 1812 3319 que
1837 3233 1989 3301 utilitatis

376 3330 377 3334 ’
438 3334 491 3405 vol
509 3333 711 3404 nenessitatis
731 3352 828 3405 eausa
848 3341 924 3404 sunt
942 3336 1059 3421 iugiter
1078 3338 1289 3420 memoranda,
1316 3357 1358 3406 uo
1370 3337 1529 3406 mumma
1541 3338 1648 3406 valen
1660 3336 1859 3420 niqmnnus
1879 3335 1989 3404 mbiu·

441 3441 539 3521 nare,
560 3435 728 3506 literanum
752 3436 932 3506 testimonio
955 3443 990 3506 at
1018 3439 1249 3525 subsoiptiono
1273 3441 1404 3508 testium
1432 3441 1677 3526 perhennentur.
1720 3439 1805 3508 Hine
1832 3438 1991 3524 aequos

437 3559 497 3628 ago
514 3538 625 3609 Simon
643 3540 834 3610 oestelhnms
857 3540 1051 3610 Gnaunensis
1072 3543 1218 3611 omuilnus
1239 3550 1306 3611 tam
1326 3543 1526 3628 presentilnus
1545 3561 1643 3628 quam
1663 3542 1778 3611 futiris
1792 3542 1989 3628 presencium

282 3637 293 3658 ”
438 3661 497 3730 per
515 3647 659 3711 tenorem
680 3643 772 3727 cupio
793 3661 863 3712 esse
883 3650 1005 3726 nomm,
1027 3644 1112 3729 quod
1133 3645 1243 3714 habito
1265 3645 1395 3714 oonsilio
1416 3663 1586 3730 puerorum
1598 3662 1749 3728 meorum,
1771 3645 1849 3713 uiuis
1863 3644 1991 3729 reilgio-

437 3744 483 3814 sis
504 3749 539 3813 et
554 3744 701 3814 houoetis
722 3744 842 3813 Domus
862 3745 1103 3814 Mieohoviensis
1124 3746 1332 3815 tarditatem
1353 3765 1416 3832 quo
1437 3746 1595 3816 Bnrkowo
1617 3746 1774 3833 quondam
1801 3745 1986 3828 sambatus,
2019 3828 2021 3831 .

437 3865 522 3917 nuno
541 3853 649 3916 autem
668 3846 854 3930 Simonono,
874 3867 946 3915 oum
966 3847 1116 3938 omnibns,
1133 3849 1337 3932 proventibus
1357 3854 1392 3916 et
1411 3850 1590 3918 attInentiis
1612 3867 1675 3934 qne
1694 3849 1735 3917 (lo
1755 3848 1898 3934 prodicta
1910 3849 1988 3917 villa

437 3949 535 4019 michi
555 3956 785 4019 oonsueueruut
805 3951 979 4035 provenire,
1003 3951 1073 4018 lure
1092 3950 1284 4019 houeditario
1302 3951 1411 4036 quiete
1430 3969 1469 4019 ao
1489 3951 1619 4036 pauifioa
1640 3951 1674 4018 ln
1688 3956 1875 4036 perpetuum
1889 3951 1991 4036 possi·

437 4051 582 4122 «landam
626 4052 672 4120 Et
692 4053 720 4120 si
741 4051 825 4120 forto
845 4058 919 4138 post
939 4072 990 4120 me
1008 4053 1097 4136 pueri
1118 4053 1181 4120 nei
1201 4053 1251 4120 vel
1272 4053 1364 4138 pueui
1385 4071 1554 4137 puerorum
1583 4071 1725 4123 meorum
1751 4052 1910 4138 predictos
1927 4052 1992 4121 ira·

439 4159 506 4224 tres
527 4172 586 4240 pro
606 4154 750 4240 prulleio
770 4154 946 4223 ineditata
966 4156 1144 4238 inquietare
1165 4155 1333 4239 voluerint,
1355 4155 1433 4222 dent
1454 4161 1613 4225 necantes
1633 4173 1756 4224 mareas
1777 4155 1849 4240 puri
1866 4156 1991 4241 argenti

437 4257 589 4344 psalletis
610 4255 763 4326 nauibus
780 4256 902 4325 Domus
922 4257 1173 4341 Ilieuhoviensis,
1196 4263 1230 4326 et
1250 4257 1299 4325 ito
1315 4257 1442 4325 adeant
1455 4275 1547 4326 suam
1559 4257 1680 4326 uilllam
1695 4257 1824 4342 paoifioe
1837 4264 1872 4327 at
1883 4260 1992 4344 quieta

438 4359 608 4446 maldam
653 4359 701 4427 Ut
725 4365 833 4427 autam
858 4359 917 4428 heu
941 4360 1069 4428 donatio
1091 4366 1125 4428 et
1144 4361 1302 4428 ordinatio
1331 4360 1428 4427 robur
1458 4360 1616 4428 mroistur
1640 4367 1792 4446 perpetua
1820 4360 1991 4444 firmitatis,

439 4467 617 4548 presentem
635 4459 762 4528 literam
780 4462 842 4529 mei
864 4461 959 4546 sigilli
977 4462 1150 4532 munimina
1169 4462 1351 4532 roboratuu
1374 4462 1435 4530 sibi
1456 4463 1604 4532 (luximus
1626 4464 1864 4533 oonoadeudam.
1907 4466 1992 4532 Asta

439 4567 516 4632 sunt
535 4561 594 4631 hoo
614 4569 761 4647 prasente
780 4563 860 4632 (inco
874 4563 1038 4631 Premnlio
1058 4571 1093 4633 ot
1112 4571 1260 4650 proseuta
1279 4563 1378 4634 fratre
1398 4582 1457 4632 suo
1477 4565 1634 4649 Bolesluo,
1655 4585 1738 4635 anuo
1759 4566 1993 4636 Inuarnaoiouis

544 4868 796 4955 llioohovim
818 4875 857 4940 de
879 4875 1032 4940 fuclon.
1075 4870 1234 4944 Burkowe
1254 4877 1414 4958 queam,
1443 4892 1527 4941 mnu
1544 4827 1730 4959 Simonoue,
1762 4877 1992 4958 Szpuoosoulca
