<?xml version="1.0" encoding="UTF-8"?>
<!DOCTYPE html PUBLIC "-//W3C//DTD XHTML 1.0 Transitional//EN"
    "http://www.w3.org/TR/xhtml1/DTD/xhtml1-transitional.dtd">
<html xmlns="http://www.w3.org/1999/xhtml" xml:lang="en" lang="en">
 <head>
  <title>
</title>
<meta http-equiv="Content-Type" content="text/html;charset=utf-8" />
  <meta name='ocr-system' content='tesseract 3.04.00' />
  <meta name='ocr-capabilities' content='ocr_page ocr_carea ocr_par ocr_line ocrx_word'/>
</head>
<body>
  <div class='ocr_page' id='page_1' title='image "./codexdiplomatic03zakrgoog_0496.png"; bbox 0 0 4860 6180; ppageno 0'>
   <div class='ocr_carea' id='block_1_1' title="bbox 1670 428 1849 544">
    <p class='ocr_par' dir='ltr' id='par_1_1' title="bbox 1670 428 1849 544">
     <span class='ocr_line' id='line_1_1' title="bbox 1670 428 1849 544; baseline -0.006 -1"><span class='ocrx_word' id='word_1_1' title='bbox 1670 428 1679 440; x_wconf 76' lang='grc'><strong>’</strong></span> <span class='ocrx_word' id='word_1_2' title='bbox 1775 466 1849 544; x_wconf 76' lang='lat' dir='ltr'><strong>cci</strong></span> 
     </span>
    </p>
   </div>
   <div class='ocr_carea' id='block_1_2' title="bbox 304 667 1854 1991">
    <p class='ocr_par' dir='ltr' id='par_1_2' title="bbox 304 667 1854 1991">
     <span class='ocr_line' id='line_1_2' title="bbox 308 667 1853 739; baseline -0.003 0"><span class='ocrx_word' id='word_1_3' title='bbox 308 670 408 739; x_wconf 88' lang='lat' dir='ltr'><strong>eciem</strong></span> <span class='ocrx_word' id='word_1_4' title='bbox 429 669 489 737; x_wconf 91' lang='lat' dir='ltr'><strong>iiiri</strong></span> <span class='ocrx_word' id='word_1_5' title='bbox 510 668 676 739; x_wconf 71' lang='lat' dir='ltr'><strong>venerandi</strong></span> <span class='ocrx_word' id='word_1_6' title='bbox 697 669 814 737; x_wconf 91' lang='lat' dir='ltr'><strong>domini</strong></span> <span class='ocrx_word' id='word_1_7' title='bbox 836 667 961 738; x_wconf 89' lang='lat' dir='ltr'><strong>abbatis</strong></span> <span class='ocrx_word' id='word_1_8' title='bbox 982 667 1131 737; x_wconf 75' lang='lat' dir='ltr'><strong>Iohannis</strong></span> <span class='ocrx_word' id='word_1_9' title='bbox 1153 668 1193 737; x_wconf 91' lang='lat' dir='ltr'><strong>de</strong></span> <span class='ocrx_word' id='word_1_10' title='bbox 1214 667 1300 737; x_wconf 87' lang='lat' dir='ltr'><strong>Obru</strong></span> <span class='ocrx_word' id='word_1_11' title='bbox 1318 668 1358 736; x_wconf 94' lang='lat' dir='ltr'><strong>eb</strong></span> <span class='ocrx_word' id='word_1_12' title='bbox 1379 686 1439 737; x_wconf 84' lang='lat' dir='ltr'><strong>sno</strong></span> <span class='ocrx_word' id='word_1_13' title='bbox 1459 669 1565 738; x_wconf 83' lang='lat' dir='ltr'><strong>fidelia</strong></span> <span class='ocrx_word' id='word_1_14' title='bbox 1594 669 1725 738; x_wconf 83' lang='lat' dir='ltr'><strong>servicia</strong></span> <span class='ocrx_word' id='word_1_15' title='bbox 1746 667 1853 736; x_wconf 91' lang='lat' dir='ltr'><strong>eondi-</strong></span> 
     </span>
     <span class='ocr_line' id='line_1_3' title="bbox 307 760 1851 860; baseline -0.001 -20"><span class='ocrx_word' id='word_1_16' title='bbox 307 774 378 858; x_wconf 89' lang='lat' dir='ltr'><strong>gnis</strong></span> <span class='ocrx_word' id='word_1_17' title='bbox 396 760 607 860; x_wconf 60' lang='lat' dir='ltr'><strong>&#39;peticionibus</strong></span> <span class='ocrx_word' id='word_1_18' title='bbox 625 775 824 859; x_wconf 66' lang='lat' dir='ltr'><strong>acquiescere</strong></span> <span class='ocrx_word' id='word_1_19' title='bbox 845 774 1016 858; x_wconf 91' lang='lat' dir='ltr'><strong>cupientes,</strong></span> <span class='ocrx_word' id='word_1_20' title='bbox 1039 774 1138 840; x_wconf 92' lang='lat' dir='ltr'><strong>oideui</strong></span> <span class='ocrx_word' id='word_1_21' title='bbox 1154 774 1259 842; x_wconf 90' lang='lat' dir='ltr'><strong>deniui</strong></span> <span class='ocrx_word' id='word_1_22' title='bbox 1280 774 1320 840; x_wconf 88' lang='lat' dir='ltr'><strong>ile</strong></span> <span class='ocrx_word' id='word_1_23' title='bbox 1334 772 1421 840; x_wconf 93' lang='lat' dir='ltr'><strong>Obra</strong></span> <span class='ocrx_word' id='word_1_24' title='bbox 1436 773 1468 840; x_wconf 93' lang='lat' dir='ltr'><strong>in</strong></span> <span class='ocrx_word' id='word_1_25' title='bbox 1483 775 1566 841; x_wconf 86' lang='lat' dir='ltr'><strong>villis</strong></span> <span class='ocrx_word' id='word_1_26' title='bbox 1581 771 1851 858; x_wconf 75' lang='lat' dir='ltr'><strong>subsequentibus,</strong></span> 
     </span>
     <span class='ocr_line' id='line_1_4' title="bbox 307 874 1851 959; baseline -0.003 -15"><span class='ocrx_word' id='word_1_27' title='bbox 307 875 395 944; x_wconf 89' lang='lat' dir='ltr'><strong>Obra</strong></span> <span class='ocrx_word' id='word_1_28' title='bbox 416 875 569 959; x_wconf 84' lang='lat' dir='ltr'><strong>videlieet,</strong></span> <span class='ocrx_word' id='word_1_29' title='bbox 592 877 714 945; x_wconf 72' lang='lat' dir='ltr'><strong>lunineu</strong></span> <span class='ocrx_word' id='word_1_30' title='bbox 736 883 771 943; x_wconf 89' lang='lat' dir='ltr'><strong>et</strong></span> <span class='ocrx_word' id='word_1_31' title='bbox 790 875 903 956; x_wconf 83' lang='lat' dir='ltr'><strong>Uiaud,</strong></span> <span class='ocrx_word' id='word_1_32' title='bbox 926 875 1057 942; x_wconf 88' lang='lat' dir='ltr'><strong>liberum</strong></span> <span class='ocrx_word' id='word_1_33' title='bbox 1079 875 1191 942; x_wconf 83' lang='lat' dir='ltr'><strong>danius</strong></span> <span class='ocrx_word' id='word_1_34' title='bbox 1213 875 1378 943; x_wconf 80' lang='lat' dir='ltr'><strong>arbitrium</strong></span> <span class='ocrx_word' id='word_1_35' title='bbox 1400 877 1523 944; x_wconf 87' lang='lat' dir='ltr'><strong>locandi</strong></span> <span class='ocrx_word' id='word_1_36' title='bbox 1546 879 1595 944; x_wconf 83' lang='lat' dir='ltr'><strong>ius</strong></span> <span class='ocrx_word' id='word_1_37' title='bbox 1614 874 1851 955; x_wconf 86' lang='lat' dir='ltr'><strong>Tlicutonieum,</strong></span> 
     </span>
     <span class='ocr_line' id='line_1_5' title="bbox 309 977 1853 1064; baseline -0.002 -16"><span class='ocrx_word' id='word_1_38' title='bbox 309 998 347 1048; x_wconf 89' lang='lat' dir='ltr'><strong>eo</strong></span> <span class='ocrx_word' id='word_1_39' title='bbox 369 979 448 1061; x_wconf 87' lang='lat' dir='ltr'><strong>iure,</strong></span> <span class='ocrx_word' id='word_1_40' title='bbox 469 999 532 1064; x_wconf 89' lang='lat' dir='ltr'><strong>que</strong></span> <span class='ocrx_word' id='word_1_41' title='bbox 553 998 660 1048; x_wconf 89' lang='lat' dir='ltr'><strong>omnes</strong></span> <span class='ocrx_word' id='word_1_42' title='bbox 679 980 822 1048; x_wconf 84' lang='lat' dir='ltr'><strong>civitates</strong></span> <span class='ocrx_word' id='word_1_43' title='bbox 844 985 877 1045; x_wconf 89' lang='lat' dir='ltr'><strong>et</strong></span> <span class='ocrx_word' id='word_1_44' title='bbox 899 977 972 1045; x_wconf 87' lang='lat' dir='ltr'><strong>villo</strong></span> <span class='ocrx_word' id='word_1_45' title='bbox 994 978 1026 1044; x_wconf 92' lang='lat' dir='ltr'><strong>in</strong></span> <span class='ocrx_word' id='word_1_46' title='bbox 1048 979 1195 1046; x_wconf 86' lang='lat' dir='ltr'><strong>ilistiictu</strong></span> <span class='ocrx_word' id='word_1_47' title='bbox 1216 979 1315 1046; x_wconf 85' lang='lat' dir='ltr'>nostri</span> <span class='ocrx_word' id='word_1_48' title='bbox 1342 978 1472 1048; x_wconf 89' lang='lat' dir='ltr'><strong>dominii</strong></span> <span class='ocrx_word' id='word_1_49' title='bbox 1493 982 1696 1050; x_wconf 87' lang='lat' dir='ltr'><strong>collocantur.</strong></span> <span class='ocrx_word' id='word_1_50' title='bbox 1740 978 1853 1046; x_wconf 79' lang='lat' dir='ltr'><strong>Absol-</strong></span> 
     </span>
     <span class='ocr_line' id='line_1_6' title="bbox 305 1079 1852 1170; baseline 0.001 -22"><span class='ocrx_word' id='word_1_51' title='bbox 305 1088 415 1151; x_wconf 83' lang='lat' dir='ltr'><strong>ventes</strong></span> <span class='ocrx_word' id='word_1_52' title='bbox 436 1081 521 1167; x_wconf 87' lang='lat' dir='ltr'><strong>ipsas</strong></span> <span class='ocrx_word' id='word_1_53' title='bbox 540 1081 732 1150; x_wconf 78' lang='lat' dir='ltr'><strong>beralitates</strong></span> <span class='ocrx_word' id='word_1_54' title='bbox 753 1081 794 1149; x_wconf 88' lang='lat' dir='ltr'><strong>ab</strong></span> <span class='ocrx_word' id='word_1_55' title='bbox 815 1081 901 1148; x_wconf 91' lang='lat' dir='ltr'><strong>omni</strong></span> <span class='ocrx_word' id='word_1_56' title='bbox 922 1079 1079 1148; x_wconf 90' lang='lat' dir='ltr'><strong>solutione</strong></span> <span class='ocrx_word' id='word_1_57' title='bbox 1100 1081 1248 1149; x_wconf 89' lang='lat' dir='ltr'><strong>Polenicu</strong></span> <span class='ocrx_word' id='word_1_58' title='bbox 1274 1102 1336 1167; x_wconf 88' lang='lat' dir='ltr'><strong>quc</strong></span> <span class='ocrx_word' id='word_1_59' title='bbox 1363 1090 1471 1151; x_wconf 91' lang='lat' dir='ltr'><strong>nostre</strong></span> <span class='ocrx_word' id='word_1_60' title='bbox 1500 1084 1694 1170; x_wconf 80' lang='lat' dir='ltr'><strong>dignoscitur</strong></span> <span class='ocrx_word' id='word_1_61' title='bbox 1712 1082 1852 1149; x_wconf 91' lang='lat' dir='ltr'><strong>dominio</strong></span> 
     </span>
     <span class='ocr_line' id='line_1_7' title="bbox 305 1184 1850 1271; baseline -0.001 -19"><span class='ocrx_word' id='word_1_62' title='bbox 305 1187 474 1270; x_wconf 85' lang='lat' dir='ltr'><strong>pertinere,</strong></span> <span class='ocrx_word' id='word_1_63' title='bbox 495 1184 640 1252; x_wconf 81' lang='lat' dir='ltr'><strong>videlieet</strong></span> <span class='ocrx_word' id='word_1_64' title='bbox 661 1205 682 1253; x_wconf 90' lang='lat' dir='ltr'><strong>a</strong></span> <span class='ocrx_word' id='word_1_65' title='bbox 702 1204 809 1267; x_wconf 80' lang='lat' dir='ltr'><strong>numa,</strong></span> <span class='ocrx_word' id='word_1_66' title='bbox 831 1201 987 1266; x_wconf 84' lang='lat' dir='ltr'><strong>apowon,</strong></span> <span class='ocrx_word' id='word_1_67' title='bbox 1010 1203 1031 1251; x_wconf 90' lang='lat' dir='ltr'><strong>a</strong></span> <span class='ocrx_word' id='word_1_68' title='bbox 1052 1184 1187 1268; x_wconf 83' lang='lat' dir='ltr'><strong>preivod,</strong></span> <span class='ocrx_word' id='word_1_69' title='bbox 1208 1203 1228 1251; x_wconf 92' lang='lat' dir='ltr'><strong>a</strong></span> <span class='ocrx_word' id='word_1_70' title='bbox 1248 1191 1363 1267; x_wconf 76' lang='lat' dir='ltr'><strong>strena</strong></span> <span class='ocrx_word' id='word_1_71' title='bbox 1385 1206 1406 1252; x_wconf 91' lang='lat' dir='ltr'><strong>a</strong></span> <span class='ocrx_word' id='word_1_72' title='bbox 1427 1188 1631 1271; x_wconf 87' lang='lat' dir='ltr'><strong>poduorowe,</strong></span> <span class='ocrx_word' id='word_1_73' title='bbox 1653 1184 1850 1269; x_wconf 90' lang='lat' dir='ltr'><strong>aporadlne,</strong></span> 
     </span>
     <span class='ocr_line' id='line_1_8' title="bbox 304 1285 1851 1374; baseline -0.003 -17"><span class='ocrx_word' id='word_1_74' title='bbox 304 1288 346 1357; x_wconf 85' lang='lat' dir='ltr'><strong>ab</strong></span> <span class='ocrx_word' id='word_1_75' title='bbox 365 1288 466 1374; x_wconf 88' lang='lat' dir='ltr'><strong>opole,</strong></span> <span class='ocrx_word' id='word_1_76' title='bbox 487 1307 509 1356; x_wconf 91' lang='lat' dir='ltr'><strong>a</strong></span> <span class='ocrx_word' id='word_1_77' title='bbox 527 1288 614 1370; x_wconf 82' lang='lat' dir='ltr'><strong>bove,</strong></span> <span class='ocrx_word' id='word_1_78' title='bbox 635 1307 656 1354; x_wconf 89' lang='lat' dir='ltr'><strong>a</strong></span> <span class='ocrx_word' id='word_1_79' title='bbox 677 1306 780 1368; x_wconf 83' lang='lat' dir='ltr'><strong>vacca,</strong></span> <span class='ocrx_word' id='word_1_80' title='bbox 803 1285 844 1354; x_wconf 91' lang='lat' dir='ltr'><strong>ab</strong></span> <span class='ocrx_word' id='word_1_81' title='bbox 863 1285 1069 1370; x_wconf 80' lang='lat' dir='ltr'><strong>expelitiene,</strong></span> <span class='ocrx_word' id='word_1_82' title='bbox 1092 1288 1188 1353; x_wconf 86' lang='lat' dir='ltr'><strong>uestri</strong></span> <span class='ocrx_word' id='word_1_83' title='bbox 1211 1288 1378 1356; x_wconf 89' lang='lat' dir='ltr'><strong>citacione:</strong></span> <span class='ocrx_word' id='word_1_84' title='bbox 1400 1291 1447 1356; x_wconf 88' lang='lat' dir='ltr'><strong>ita</strong></span> <span class='ocrx_word' id='word_1_85' title='bbox 1469 1291 1554 1373; x_wconf 82' lang='lat' dir='ltr'><strong>quod</strong></span> <span class='ocrx_word' id='word_1_86' title='bbox 1574 1287 1676 1356; x_wconf 83' lang='lat' dir='ltr'><strong>incole</strong></span> <span class='ocrx_word' id='word_1_87' title='bbox 1694 1286 1851 1355; x_wconf 87' lang='lat' dir='ltr'><strong>dictarum</strong></span> 
     </span>
     <span class='ocr_line' id='line_1_9' title="bbox 305 1387 1852 1478; baseline -0.001 -20"><span class='ocrx_word' id='word_1_88' title='bbox 305 1392 340 1458; x_wconf 91' lang='lat' dir='ltr'><strong>iii</strong></span> <span class='ocrx_word' id='word_1_89' title='bbox 360 1391 421 1460; x_wconf 89' lang='lat' dir='ltr'><strong>lieo</strong></span> <span class='ocrx_word' id='word_1_90' title='bbox 441 1391 513 1478; x_wconf 82' lang='lat' dir='ltr'><strong>(sie)</strong></span> <span class='ocrx_word' id='word_1_91' title='bbox 534 1398 643 1459; x_wconf 89' lang='lat' dir='ltr'><strong>nostro</strong></span> <span class='ocrx_word' id='word_1_92' title='bbox 664 1390 766 1475; x_wconf 74' lang='lat' dir='ltr'><strong>sigillo</strong></span> <span class='ocrx_word' id='word_1_93' title='bbox 789 1408 895 1457; x_wconf 92' lang='lat' dir='ltr'><strong>eoram</strong></span> <span class='ocrx_word' id='word_1_94' title='bbox 919 1387 1007 1456; x_wconf 88' lang='lat' dir='ltr'><strong>nobis</strong></span> <span class='ocrx_word' id='word_1_95' title='bbox 1030 1397 1234 1473; x_wconf 89' lang='lat' dir='ltr'><strong>compareant</strong></span> <span class='ocrx_word' id='word_1_96' title='bbox 1255 1393 1425 1475; x_wconf 80' lang='lat' dir='ltr'><strong>provocati.</strong></span> <span class='ocrx_word' id='word_1_97' title='bbox 1469 1392 1517 1459; x_wconf 91' lang='lat' dir='ltr'><strong>Ut</strong></span> <span class='ocrx_word' id='word_1_98' title='bbox 1537 1398 1644 1460; x_wconf 87' lang='lat' dir='ltr'><strong>autern</strong></span> <span class='ocrx_word' id='word_1_99' title='bbox 1666 1395 1777 1457; x_wconf 89' lang='lat' dir='ltr'><strong>nostra</strong></span> <span class='ocrx_word' id='word_1_100' title='bbox 1797 1389 1852 1456; x_wconf 90' lang='lat' dir='ltr'><strong>do-</strong></span> 
     </span>
     <span class='ocr_line' id='line_1_10' title="bbox 306 1492 1852 1581; baseline -0.002 -19"><span class='ocrx_word' id='word_1_101' title='bbox 306 1494 397 1562; x_wconf 89' lang='lat' dir='ltr'><strong>nacio</strong></span> <span class='ocrx_word' id='word_1_102' title='bbox 418 1494 574 1579; x_wconf 89' lang='lat' dir='ltr'><strong>simulque</strong></span> <span class='ocrx_word' id='word_1_103' title='bbox 594 1494 791 1562; x_wconf 84' lang='lat' dir='ltr'><strong>condimacie</strong></span> <span class='ocrx_word' id='word_1_104' title='bbox 813 1499 966 1578; x_wconf 88' lang='lat' dir='ltr'><strong>perpetuo</strong></span> <span class='ocrx_word' id='word_1_105' title='bbox 987 1492 1175 1560; x_wconf 89' lang='lat' dir='ltr'><strong>inviolabilis</strong></span> <span class='ocrx_word' id='word_1_106' title='bbox 1195 1501 1382 1578; x_wconf 80' lang='lat' dir='ltr'><strong>perseveret,</strong></span> <span class='ocrx_word' id='word_1_107' title='bbox 1405 1502 1582 1581; x_wconf 82' lang='lat' dir='ltr'><strong>presentem</strong></span> <span class='ocrx_word' id='word_1_108' title='bbox 1597 1495 1736 1561; x_wconf 85' lang='lat' dir='ltr'><strong>litteram</strong></span> <span class='ocrx_word' id='word_1_109' title='bbox 1750 1492 1852 1560; x_wconf 88' lang='lat' dir='ltr'><strong>nostii&#39;</strong></span> 
     </span>
     <span class='ocr_line' id='line_1_11' title="bbox 306 1594 1854 1683; baseline -0.001 -19"><span class='ocrx_word' id='word_1_110' title='bbox 306 1597 402 1683; x_wconf 78' lang='lat' dir='ltr'><strong>sigilli</strong></span> <span class='ocrx_word' id='word_1_111' title='bbox 429 1597 599 1665; x_wconf 87' lang='lat' dir='ltr'><strong>munimine</strong></span> <span class='ocrx_word' id='word_1_112' title='bbox 629 1598 848 1664; x_wconf 85' lang='lat' dir='ltr'><strong>confirmamus</strong></span> <span class='ocrx_word' id='word_1_113' title='bbox 874 1594 1072 1679; x_wconf 85' lang='lat' dir='ltr'><strong>presentibus</strong></span> <span class='ocrx_word' id='word_1_114' title='bbox 1100 1596 1162 1664; x_wconf 89' lang='lat' dir='ltr'><strong>hiis</strong></span> <span class='ocrx_word' id='word_1_115' title='bbox 1189 1596 1336 1665; x_wconf 79' lang='lat' dir='ltr'><strong>testibus:</strong></span> <span class='ocrx_word' id='word_1_116' title='bbox 1367 1600 1482 1668; x_wconf 84' lang='lat' dir='ltr'><strong>comite</strong></span> <span class='ocrx_word' id='word_1_117' title='bbox 1511 1599 1675 1665; x_wconf 88' lang='lat' dir='ltr'><strong>Petireone</strong></span> <span class='ocrx_word' id='word_1_118' title='bbox 1704 1598 1854 1681; x_wconf 86' lang='lat' dir='ltr'><strong>pincerna</strong></span> 
     </span>
     <span class='ocr_line' id='line_1_12' title="bbox 306 1698 1852 1783; baseline 0.001 -16"><span class='ocrx_word' id='word_1_119' title='bbox 306 1700 522 1783; x_wconf 83' lang='lat' dir='ltr'><strong>Pennanlcusi,</strong></span> <span class='ocrx_word' id='word_1_120' title='bbox 548 1700 677 1781; x_wconf 81' lang='lat' dir='ltr'><strong>Tuoma,</strong></span> <span class='ocrx_word' id='word_1_121' title='bbox 703 1699 842 1767; x_wconf 88' lang='lat' dir='ltr'><strong>lobaune</strong></span> <span class='ocrx_word' id='word_1_122' title='bbox 869 1705 1016 1766; x_wconf 84' lang='lat' dir='ltr'><strong>venatore</strong></span> <span class='ocrx_word' id='word_1_123' title='bbox 1038 1698 1254 1782; x_wconf 86' lang='lat' dir='ltr'><strong>Poznauieusi,</strong></span> <span class='ocrx_word' id='word_1_124' title='bbox 1283 1703 1396 1769; x_wconf 84' lang='lat' dir='ltr'><strong>comite</strong></span> <span class='ocrx_word' id='word_1_125' title='bbox 1417 1701 1587 1770; x_wconf 89' lang='lat' dir='ltr'><strong>Vincencio</strong></span> <span class='ocrx_word' id='word_1_126' title='bbox 1613 1700 1785 1768; x_wconf 89' lang='lat' dir='ltr'><strong>castellane</strong></span> <span class='ocrx_word' id='word_1_127' title='bbox 1812 1699 1852 1768; x_wconf 88' lang='lat' dir='ltr'><strong>dc</strong></span> 
     </span>
     <span class='ocr_line' id='line_1_13' title="bbox 307 1801 1852 1886; baseline -0.002 -13"><span class='ocrx_word' id='word_1_128' title='bbox 307 1802 456 1873; x_wconf 82' lang='lat' dir='ltr'><strong>Scutocln</strong></span> <span class='ocrx_word' id='word_1_129' title='bbox 500 1804 617 1872; x_wconf 88' lang='lat' dir='ltr'><strong>Datum</strong></span> <span class='ocrx_word' id='word_1_130' title='bbox 636 1805 670 1871; x_wconf 91' lang='lat' dir='ltr'><strong>in</strong></span> <span class='ocrx_word' id='word_1_131' title='bbox 687 1803 814 1871; x_wconf 89' lang='lat' dir='ltr'><strong>Peznan</strong></span> <span class='ocrx_word' id='word_1_132' title='bbox 840 1821 923 1869; x_wconf 90' lang='lat' dir='ltr'><strong>anuo</strong></span> <span class='ocrx_word' id='word_1_133' title='bbox 951 1801 1053 1886; x_wconf 85' lang='lat' dir='ltr'><strong>gratie</strong></span> <span class='ocrx_word' id='word_1_134' title='bbox 1079 1801 1205 1869; x_wconf 86' lang='lat' dir='ltr'><strong>Domini</strong></span> <span class='ocrx_word' id='word_1_135' title='bbox 1232 1802 1397 1870; x_wconf 89' lang='lat' dir='ltr'><strong>millesime</strong></span> <span class='ocrx_word' id='word_1_136' title='bbox 1423 1804 1636 1872; x_wconf 80' lang='lat' dir='ltr'><strong>ducentesimo</strong></span> <span class='ocrx_word' id='word_1_137' title='bbox 1663 1803 1852 1886; x_wconf 87' lang='lat' dir='ltr'><strong>octogesimo</strong></span> 
     </span>
     <span class='ocr_line' id='line_1_14' title="bbox 307 1903 1674 1991; baseline -0.001 -17"><span class='ocrx_word' id='word_1_138' title='bbox 307 1907 342 1974; x_wconf 92' lang='lat' dir='ltr'><strong>iii</strong></span> <span class='ocrx_word' id='word_1_139' title='bbox 364 1904 446 1976; x_wconf 89' lang='lat' dir='ltr'><strong>leste</strong></span> <span class='ocrx_word' id='word_1_140' title='bbox 467 1907 570 1977; x_wconf 85' lang='lat' dir='ltr'><strong>sancti</strong></span> <span class='ocrx_word' id='word_1_141' title='bbox 591 1906 726 1991; x_wconf 89' lang='lat' dir='ltr'><strong>Remigii</strong></span> <span class='ocrx_word' id='word_1_142' title='bbox 747 1903 943 1987; x_wconf 76' lang='lat' dir='ltr'><strong>confessoris,</strong></span> <span class='ocrx_word' id='word_1_143' title='bbox 965 1923 1023 1990; x_wconf 86' lang='lat' dir='ltr'><strong>per</strong></span> <span class='ocrx_word' id='word_1_144' title='bbox 1042 1922 1155 1972; x_wconf 87' lang='lat' dir='ltr'><strong>manus</strong></span> <span class='ocrx_word' id='word_1_145' title='bbox 1175 1904 1293 1972; x_wconf 84' lang='lat' dir='ltr'><strong>Tilonis</strong></span> <span class='ocrx_word' id='word_1_146' title='bbox 1311 1907 1427 1975; x_wconf 88' lang='lat' dir='ltr'><strong>notarii</strong></span> <span class='ocrx_word' id='word_1_147' title='bbox 1450 1907 1536 1975; x_wconf 91' lang='lat' dir='ltr'><strong>curie</strong></span> <span class='ocrx_word' id='word_1_148' title='bbox 1557 1911 1674 1974; x_wconf 88' lang='lat' dir='ltr'><strong>nostre.</strong></span> 
     </span>
    </p>
   </div>
   <div class='ocr_carea' id='block_1_3' title="bbox 408 2109 1593 2198">
    <p class='ocr_par' dir='ltr' id='par_1_3' title="bbox 408 2109 1593 2198">
     <span class='ocr_line' id='line_1_15' title="bbox 408 2109 1593 2198; baseline -0.002 -19"><span class='ocrx_word' id='word_1_149' title='bbox 408 2110 506 2198; x_wconf 69' lang='lat' dir='ltr'><strong>osia,</strong></span> <span class='ocrx_word' id='word_1_150' title='bbox 534 2115 621 2178; x_wconf 68' lang='lat' dir='ltr'><strong>nora</strong></span> <span class='ocrx_word' id='word_1_151' title='bbox 664 2112 799 2196; x_wconf 67' lang='lat' dir='ltr'><strong>inne,</strong></span> <span class='ocrx_word' id='word_1_152' title='bbox 821 2116 964 2178; x_wconf 68' lang='lat' dir='ltr'><strong>ronse.</strong></span> <span class='ocrx_word' id='word_1_153' title='bbox 1008 2109 1121 2193; x_wconf 76' lang='lat' dir='ltr'><strong>unzi,</strong></span> <span class='ocrx_word' id='word_1_154' title='bbox 1148 2113 1254 2190; x_wconf 68' lang='lat' dir='ltr'><strong>uun</strong></span> <span class='ocrx_word' id='word_1_155' title='bbox 1298 2109 1446 2194; x_wconf 68' lang='lat' dir='ltr'><strong>sonci,</strong></span> <span class='ocrx_word' id='word_1_156' title='bbox 1471 2116 1593 2178; x_wconf 67' lang='lat' dir='ltr'><strong>sanim</strong></span> 
     </span>
    </p>
   </div>
   <div class='ocr_carea' id='block_1_4' title="bbox 975 2407 1182 2496">
    <p class='ocr_par' dir='ltr' id='par_1_4' title="bbox 975 2407 1182 2496">
     <span class='ocr_line' id='line_1_16' title="bbox 975 2407 1182 2496; baseline 0 0"><span class='ocrx_word' id='word_1_157' title='bbox 975 2410 1049 2496; x_wconf 88' lang='lat' dir='ltr'><strong>Nr.</strong></span> <span class='ocrx_word' id='word_1_158' title='bbox 1081 2407 1182 2496; x_wconf 87' lang='lat'><strong>498.</strong></span> 
     </span>
    </p>
   </div>
   <div class='ocr_carea' id='block_1_5' title="bbox 306 2567 1854 3123">
    <p class='ocr_par' dir='ltr' id='par_1_5' title="bbox 306 2567 1854 3123">
     <span class='ocr_line' id='line_1_17' title="bbox 411 2567 1852 2712; baseline -0.001 -17"><span class='ocrx_word' id='word_1_159' title='bbox 411 2608 597 2695; x_wconf 76' lang='lat' dir='ltr'><strong>soniis</strong></span> <span class='ocrx_word' id='word_1_160' title='bbox 614 2607 772 2694; x_wconf 74' lang='lat' dir='ltr'><strong>nemsi</strong></span> <span class='ocrx_word' id='word_1_161' title='bbox 789 2608 865 2690; x_wconf 78' lang='lat' dir='ltr'><strong>iux</strong></span> <span class='ocrx_word' id='word_1_162' title='bbox 882 2607 1032 2691; x_wconf 77' lang='lat' dir='ltr'><strong>ioum</strong></span> <span class='ocrx_word' id='word_1_163' title='bbox 1050 2567 1192 2691; x_wconf 75' lang='lat' dir='ltr'><strong>is&#39;so</strong></span> <span class='ocrx_word' id='word_1_164' title='bbox 1209 2607 1299 2690; x_wconf 77' lang='lat' dir='ltr'><strong>noi.</strong></span> <span class='ocrx_word' id='word_1_165' title='bbox 1316 2613 1383 2705; x_wconf 91' lang='lat'><strong>11,</strong></span> <span class='ocrx_word' id='word_1_166' title='bbox 1406 2607 1448 2691; x_wconf 85' lang='lat' dir='ltr'><strong>u</strong></span> <span class='ocrx_word' id='word_1_167' title='bbox 1465 2606 1594 2712; x_wconf 75' lang='lat' dir='ltr'><strong>num</strong></span> <span class='ocrx_word' id='word_1_168' title='bbox 1625 2624 1746 2695; x_wconf 69' lang='lat' dir='ltr'><strong>uun</strong></span> <span class='ocrx_word' id='word_1_169' title='bbox 1771 2626 1852 2696; x_wconf 87' lang='lat' dir='ltr'><strong>Her·</strong></span> 
     </span>
     <span class='ocr_line' id='line_1_18' title="bbox 307 2727 1854 2851; baseline -0.002 -52"><span class='ocrx_word' id='word_1_170' title='bbox 307 2729 390 2851; x_wconf 73' lang='lat' dir='ltr'><strong>uio</strong></span> <span class='ocrx_word' id='word_1_171' title='bbox 411 2730 547 2799; x_wconf 74' lang='lat' dir='ltr'><strong>nunu</strong></span> <span class='ocrx_word' id='word_1_172' title='bbox 567 2729 759 2798; x_wconf 69' lang='lat' dir='ltr'><strong>nanuum</strong></span> <span class='ocrx_word' id='word_1_173' title='bbox 780 2746 866 2810; x_wconf 79' lang='lat' dir='ltr'><strong>suas,</strong></span> <span class='ocrx_word' id='word_1_174' title='bbox 887 2729 989 2796; x_wconf 72' lang='lat' dir='ltr'><strong>iicon</strong></span> <span class='ocrx_word' id='word_1_175' title='bbox 1010 2727 1151 2796; x_wconf 67' lang='lat' dir='ltr'><strong>noune</strong></span> <span class='ocrx_word' id='word_1_176' title='bbox 1172 2727 1287 2811; x_wconf 72' lang='lat' dir='ltr'><strong>moui</strong></span> <span class='ocrx_word' id='word_1_177' title='bbox 1309 2727 1349 2796; x_wconf 88' lang='lat' dir='ltr'><strong>u.</strong></span> <span class='ocrx_word' id='word_1_178' title='bbox 1370 2728 1458 2814; x_wconf 78' lang='lat' dir='ltr'><strong>moy</strong></span> <span class='ocrx_word' id='word_1_179' title='bbox 1477 2735 1512 2797; x_wconf 78' lang='lat' dir='ltr'><strong>ei</strong></span> <span class='ocrx_word' id='word_1_180' title='bbox 1535 2728 1638 2812; x_wconf 75' lang='lat' dir='ltr'><strong>emo,</strong></span> <span class='ocrx_word' id='word_1_181' title='bbox 1660 2730 1728 2798; x_wconf 78' lang='lat' dir='ltr'><strong>inre</strong></span> <span class='ocrx_word' id='word_1_182' title='bbox 1752 2729 1854 2797; x_wconf 79' lang='lat' dir='ltr'><strong>rieu-</strong></span> 
     </span>
     <span class='ocr_line' id='line_1_19' title="bbox 309 2833 1850 3023; baseline -0.001 -20"><span class='ocrx_word' id='word_1_183' title='bbox 309 2833 694 3005; x_wconf 48' lang='lat' dir='ltr'><strong>wmwltlffmm</strong></span> <span class='ocrx_word' id='word_1_184' title='bbox 721 2939 877 3023; x_wconf 71' lang='lat' dir='ltr'><strong>Rzpdm</strong></span> <span class='ocrx_word' id='word_1_185' title='bbox 921 2935 1031 3000; x_wconf 63' lang='lat' dir='ltr'><strong>Luem</strong></span> <span class='ocrx_word' id='word_1_186' title='bbox 1058 2938 1150 3000; x_wconf 73' lang='lat' dir='ltr'><strong>torto</strong></span> <span class='ocrx_word' id='word_1_187' title='bbox 1180 2940 1319 3016; x_wconf 69' lang='lat' dir='ltr'><strong>papiriis,</strong></span> <span class='ocrx_word' id='word_1_188' title='bbox 1343 2933 1447 3015; x_wconf 74' lang='lat' dir='ltr'><strong>lctdrdj</strong></span> <span class='ocrx_word' id='word_1_189' title='bbox 1473 2936 1584 3002; x_wconf 73' lang='lat' dir='ltr'><strong>iroddc</strong></span> <span class='ocrx_word' id='word_1_190' title='bbox 1607 2941 1777 3019; x_wconf 67' lang='lat' dir='ltr'><strong>monitu</strong></span> <span class='ocrx_word' id='word_1_191' title='bbox 1797 2940 1850 3002; x_wconf 85' lang='lat' dir='ltr'><strong>od·</strong></span> 
     </span>
     <span class='ocr_line' id='line_1_20' title="bbox 306 3040 1375 3123; baseline 0 -17"><span class='ocrx_word' id='word_1_192' title='bbox 306 3045 397 3123; x_wconf 75' lang='lat' dir='ltr'><strong>pedi,</strong></span> <span class='ocrx_word' id='word_1_193' title='bbox 418 3062 439 3106; x_wconf 90' lang='lat' dir='ltr'><strong>o</strong></span> <span class='ocrx_word' id='word_1_194' title='bbox 460 3062 479 3106; x_wconf 77' lang='grc' dir='ltr'><strong><em>ι</em></strong></span> <span class='ocrx_word' id='word_1_195' title='bbox 498 3045 560 3105; x_wconf 82' lang='lat' dir='ltr'><strong>niiii</strong></span> <span class='ocrx_word' id='word_1_196' title='bbox 581 3043 656 3106; x_wconf 80' lang='lat' dir='ltr'><strong>colo</strong></span> <span class='ocrx_word' id='word_1_197' title='bbox 674 3044 793 3120; x_wconf 72' lang='lat' dir='ltr'><strong>polono</strong></span> <span class='ocrx_word' id='word_1_198' title='bbox 814 3042 1011 3114; x_wconf 67' lang='lat' dir='ltr'><strong>dobmmtur</strong></span> <span class='ocrx_word' id='word_1_199' title='bbox 1026 3044 1125 3119; x_wconf 77' lang='lat' dir='ltr'><strong>pisino</strong></span> <span class='ocrx_word' id='word_1_200' title='bbox 1147 3040 1255 3103; x_wconf 83' lang='lat' dir='ltr'><em>XVII</em></span> <span class='ocrx_word' id='word_1_201' title='bbox 1271 3043 1375 3106; x_wconf 71' lang='lat' dir='ltr'><strong>nictu.</strong></span> 
     </span>
    </p>
   </div>
   <div class='ocr_carea' id='block_1_6' title="bbox 308 3232 1853 3535">
    <p class='ocr_par' dir='ltr' id='par_1_6' title="bbox 308 3232 1853 3535">
     <span class='ocr_line' id='line_1_21' title="bbox 334 3232 1853 3333; baseline 0.003 -21"><span class='ocrx_word' id='word_1_202' title='bbox 334 3232 343 3242; x_wconf 81' lang='grc'><strong>’</strong></span> <span class='ocrx_word' id='word_1_203' title='bbox 410 3243 448 3312; x_wconf 93' lang='lat' dir='ltr'><strong>lii</strong></span> <span class='ocrx_word' id='word_1_204' title='bbox 468 3245 593 3314; x_wconf 90' lang='lat' dir='ltr'><strong>iiomiiie</strong></span> <span class='ocrx_word' id='word_1_205' title='bbox 613 3244 739 3312; x_wconf 90' lang='lat' dir='ltr'><strong>Domini</strong></span> <span class='ocrx_word' id='word_1_206' title='bbox 758 3263 859 3311; x_wconf 77' lang='lat' dir='ltr'><strong>amin.</strong></span> <span class='ocrx_word' id='word_1_207' title='bbox 904 3243 1042 3311; x_wconf 79' lang='lat' dir='ltr'><strong>Humani</strong></span> <span class='ocrx_word' id='word_1_208' title='bbox 1062 3244 1187 3329; x_wconf 84' lang='lat' dir='ltr'><strong>generis</strong></span> <span class='ocrx_word' id='word_1_209' title='bbox 1207 3243 1347 3312; x_wconf 76' lang='lat' dir='ltr'><strong>annones</strong></span> <span class='ocrx_word' id='word_1_210' title='bbox 1368 3245 1519 3312; x_wconf 91' lang='lat' dir='ltr'><strong>memoria</strong></span> <span class='ocrx_word' id='word_1_211' title='bbox 1538 3251 1692 3332; x_wconf 89' lang='lat' dir='ltr'><strong>perpetua</strong></span> <span class='ocrx_word' id='word_1_212' title='bbox 1705 3247 1853 3333; x_wconf 83' lang='lat' dir='ltr'><strong>indigen·</strong></span> 
     </span>
     <span class='ocr_line' id='line_1_22' title="bbox 308 3345 1853 3433; baseline 0.002 -17"><span class='ocrx_word' id='word_1_213' title='bbox 308 3355 358 3416; x_wconf 73' lang='lat' dir='ltr'><strong>tei</strong></span> <span class='ocrx_word' id='word_1_214' title='bbox 378 3348 563 3433; x_wconf 90' lang='lat' dir='ltr'><strong>plerumque</strong></span> <span class='ocrx_word' id='word_1_215' title='bbox 583 3346 624 3414; x_wconf 90' lang='lat' dir='ltr'><strong>ab</strong></span> <span class='ocrx_word' id='word_1_216' title='bbox 644 3346 804 3414; x_wconf 90' lang='lat' dir='ltr'><strong>bominum</strong></span> <span class='ocrx_word' id='word_1_217' title='bbox 826 3348 942 3415; x_wconf 84' lang='lat' dir='ltr'><strong>notitia</strong></span> <span class='ocrx_word' id='word_1_218' title='bbox 961 3345 1154 3429; x_wconf 89' lang='lat' dir='ltr'><strong>dilabuntur,</strong></span> <span class='ocrx_word' id='word_1_219' title='bbox 1185 3365 1247 3432; x_wconf 88' lang='lat' dir='ltr'><strong>qne</strong></span> <span class='ocrx_word' id='word_1_220' title='bbox 1268 3347 1494 3431; x_wconf 80' lang='lat' dir='ltr'><strong>sciipburomm</strong></span> <span class='ocrx_word' id='word_1_221' title='bbox 1523 3365 1579 3415; x_wconf 91' lang='lat' dir='ltr'><strong>seu</strong></span> <span class='ocrx_word' id='word_1_222' title='bbox 1601 3350 1731 3417; x_wconf 88' lang='lat' dir='ltr'><strong>testium</strong></span> <span class='ocrx_word' id='word_1_223' title='bbox 1751 3353 1853 3418; x_wconf 91' lang='lat' dir='ltr'><strong>muni·</strong></span> 
     </span>
     <span class='ocr_line' id='line_1_23' title="bbox 309 3448 1852 3535; baseline 0.001 -16"><span class='ocrx_word' id='word_1_224' title='bbox 309 3452 392 3519; x_wconf 91' lang='lat' dir='ltr'><strong>mine</strong></span> <span class='ocrx_word' id='word_1_225' title='bbox 412 3469 476 3518; x_wconf 92' lang='lat' dir='ltr'><strong>noii</strong></span> <span class='ocrx_word' id='word_1_226' title='bbox 496 3458 695 3518; x_wconf 84' lang='lat' dir='ltr'><strong>renovantur.</strong></span> <span class='ocrx_word' id='word_1_227' title='bbox 739 3450 840 3534; x_wconf 89' lang='lat' dir='ltr'><strong>igitur</strong></span> <span class='ocrx_word' id='word_1_228' title='bbox 870 3469 928 3517; x_wconf 94' lang='lat' dir='ltr'><strong>nos</strong></span> <span class='ocrx_word' id='word_1_229' title='bbox 950 3449 1104 3535; x_wconf 87' lang='lat' dir='ltr'><strong>secundus</strong></span> <span class='ocrx_word' id='word_1_230' title='bbox 1130 3448 1263 3516; x_wconf 88' lang='lat' dir='ltr'><strong>Premisl</strong></span> <span class='ocrx_word' id='word_1_231' title='bbox 1288 3448 1348 3516; x_wconf 89' lang='lat' dir='ltr'><strong>Dei</strong></span> <span class='ocrx_word' id='word_1_232' title='bbox 1376 3450 1480 3534; x_wconf 83' lang='lat' dir='ltr'><strong>gratia</strong></span> <span class='ocrx_word' id='word_1_233' title='bbox 1507 3449 1572 3518; x_wconf 82' lang='lat' dir='ltr'><strong>dux</strong></span> <span class='ocrx_word' id='word_1_234' title='bbox 1592 3451 1721 3520; x_wconf 91' lang='lat' dir='ltr'><strong>Poloiiie</strong></span> <span class='ocrx_word' id='word_1_235' title='bbox 1741 3460 1852 3522; x_wconf 90' lang='lat' dir='ltr'><strong>netum</strong></span> 
     </span>
    </p>
   </div>
   <div class='ocr_carea' id='block_1_7' title="bbox 308 3552 1969 3642">
    <p class='ocr_par' dir='ltr' id='par_1_7' title="bbox 308 3552 1969 3642">
     <span class='ocr_line' id='line_1_24' title="bbox 308 3552 1969 3642; baseline 0.001 -19"><span class='ocrx_word' id='word_1_236' title='bbox 308 3554 440 3623; x_wconf 86' lang='lat' dir='ltr'><strong>lucinius</strong></span> <span class='ocrx_word' id='word_1_237' title='bbox 459 3554 614 3621; x_wconf 82' lang='lat' dir='ltr'><strong>universis</strong></span> <span class='ocrx_word' id='word_1_238' title='bbox 635 3560 700 3621; x_wconf 84' lang='lat' dir='ltr'><strong>tam</strong></span> <span class='ocrx_word' id='word_1_239' title='bbox 721 3553 920 3638; x_wconf 77' lang='lat' dir='ltr'><strong>presentibus</strong></span> <span class='ocrx_word' id='word_1_240' title='bbox 941 3573 1036 3638; x_wconf 88' lang='lat' dir='ltr'><strong>quain</strong></span> <span class='ocrx_word' id='word_1_241' title='bbox 1054 3552 1170 3619; x_wconf 83' lang='lat' dir='ltr'><strong>futuiis</strong></span> <span class='ocrx_word' id='word_1_242' title='bbox 1190 3558 1368 3636; x_wconf 82' lang='lat' dir='ltr'><strong>presentem</strong></span> <span class='ocrx_word' id='word_1_243' title='bbox 1389 3553 1537 3637; x_wconf 86' lang='lat' dir='ltr'><strong>paginam</strong></span> <span class='ocrx_word' id='word_1_244' title='bbox 1551 3554 1747 3638; x_wconf 89' lang='lat' dir='ltr'><strong>inspecturis,</strong></span> <span class='ocrx_word' id='word_1_245' title='bbox 1770 3556 1853 3642; x_wconf 88' lang='lat' dir='ltr'><strong>quod</strong></span> <span class='ocrx_word' id='word_1_246' title='bbox 1964 3625 1969 3637; x_wconf 72' lang='grc'>,</span> 
     </span>
    </p>
   </div>
   <div class='ocr_carea' id='block_1_8' title="bbox 308 3655 1855 5584">
    <p class='ocr_par' dir='ltr' id='par_1_8' title="bbox 308 3655 1855 5584">
     <span class='ocr_line' id='line_1_25' title="bbox 308 3655 1853 3742; baseline 0 -15"><span class='ocrx_word' id='word_1_247' title='bbox 308 3662 428 3727; x_wconf 81' lang='lat' dir='ltr'><strong>sumni</strong></span> <span class='ocrx_word' id='word_1_248' title='bbox 449 3663 534 3726; x_wconf 88' lang='lat' dir='ltr'><strong>terre</strong></span> <span class='ocrx_word' id='word_1_249' title='bbox 547 3664 654 3725; x_wconf 89' lang='lat' dir='ltr'><strong>nostre</strong></span> <span class='ocrx_word' id='word_1_250' title='bbox 669 3657 828 3741; x_wconf 83' lang='lat' dir='ltr'><strong>cupientes</strong></span> <span class='ocrx_word' id='word_1_251' title='bbox 849 3657 884 3724; x_wconf 91' lang='lat' dir='ltr'><strong>iii</strong></span> <span class='ocrx_word' id='word_1_252' title='bbox 905 3656 1017 3723; x_wconf 86' lang='lat' dir='ltr'><strong>melius</strong></span> <span class='ocrx_word' id='word_1_253' title='bbox 1038 3655 1209 3722; x_wconf 79' lang='lat' dir='ltr'><strong>reformare</strong></span> <span class='ocrx_word' id='word_1_254' title='bbox 1229 3656 1284 3738; x_wconf 89' lang='lat' dir='ltr'><strong>qui</strong></span> <span class='ocrx_word' id='word_1_255' title='bbox 1305 3655 1338 3720; x_wconf 94' lang='lat' dir='ltr'><strong>iii</strong></span> <span class='ocrx_word' id='word_1_256' title='bbox 1357 3655 1495 3722; x_wconf 82' lang='lat' dir='ltr'><strong>maxima</strong></span> <span class='ocrx_word' id='word_1_257' title='bbox 1515 3661 1606 3738; x_wconf 86' lang='lat' dir='ltr'><strong>parte</strong></span> <span class='ocrx_word' id='word_1_258' title='bbox 1619 3662 1670 3724; x_wconf 89' lang='lat' dir='ltr'><strong>est</strong></span> <span class='ocrx_word' id='word_1_259' title='bbox 1682 3659 1805 3742; x_wconf 88' lang='lat' dir='ltr'><strong>pesitus</strong></span> <span class='ocrx_word' id='word_1_260' title='bbox 1820 3660 1853 3727; x_wconf 91' lang='lat' dir='ltr'><strong>iii</strong></span> 
     </span>
     <span class='ocr_line' id='line_1_26' title="bbox 309 3757 1853 3843; baseline 0.002 -16"><span class='ocrx_word' id='word_1_261' title='bbox 309 3759 444 3843; x_wconf 66' lang='lat' dir='ltr'><strong>duecte,</strong></span> <span class='ocrx_word' id='word_1_262' title='bbox 465 3759 606 3828; x_wconf 86' lang='lat' dir='ltr'><strong>dedimus</strong></span> <span class='ocrx_word' id='word_1_263' title='bbox 624 3759 739 3827; x_wconf 90' lang='lat' dir='ltr'><strong>dilecte</strong></span> <span class='ocrx_word' id='word_1_264' title='bbox 758 3766 791 3828; x_wconf 90' lang='lat' dir='ltr'><strong>ct</strong></span> <span class='ocrx_word' id='word_1_265' title='bbox 811 3761 940 3843; x_wconf 91' lang='lat' dir='ltr'><strong>speciali</strong></span> <span class='ocrx_word' id='word_1_266' title='bbox 960 3765 1068 3825; x_wconf 91' lang='lat' dir='ltr'><strong>nestro</strong></span> <span class='ocrx_word' id='word_1_267' title='bbox 1086 3758 1222 3826; x_wconf 88' lang='lat' dir='ltr'><strong>sculteto</strong></span> <span class='ocrx_word' id='word_1_268' title='bbox 1242 3757 1391 3826; x_wconf 87' lang='lat' dir='ltr'><strong>Herdane</strong></span> <span class='ocrx_word' id='word_1_269' title='bbox 1414 3759 1541 3842; x_wconf 88' lang='lat' dir='ltr'><strong>suisque</strong></span> <span class='ocrx_word' id='word_1_270' title='bbox 1555 3761 1784 3829; x_wconf 82' lang='lat' dir='ltr'><strong>successoribus</strong></span> <span class='ocrx_word' id='word_1_271' title='bbox 1798 3783 1853 3830; x_wconf 94' lang='lat' dir='ltr'><strong>ne·</strong></span> 
     </span>
     <span class='ocr_line' id='line_1_27' title="bbox 308 3858 1851 3949; baseline 0.003 -19"><span class='ocrx_word' id='word_1_272' title='bbox 308 3869 392 3931; x_wconf 83' lang='lat' dir='ltr'><strong>stias</strong></span> <span class='ocrx_word' id='word_1_273' title='bbox 410 3862 599 3930; x_wconf 75' lang='lat' dir='ltr'><strong>hereditates</strong></span> <span class='ocrx_word' id='word_1_274' title='bbox 619 3862 759 3930; x_wconf 85' lang='lat' dir='ltr'><strong>Dobrcze</strong></span> <span class='ocrx_word' id='word_1_275' title='bbox 780 3861 931 3929; x_wconf 81' lang='lat' dir='ltr'><strong>maiorum</strong></span> <span class='ocrx_word' id='word_1_276' title='bbox 946 3868 979 3927; x_wconf 93' lang='lat' dir='ltr'><strong>et</strong></span> <span class='ocrx_word' id='word_1_277' title='bbox 992 3861 1155 3949; x_wconf 84' lang='lat' dir='ltr'><strong>minorem,</strong></span> <span class='ocrx_word' id='word_1_278' title='bbox 1178 3858 1328 3941; x_wconf 85' lang='lat' dir='ltr'><strong>et01sze,</strong></span> <span class='ocrx_word' id='word_1_279' title='bbox 1347 3861 1426 3927; x_wconf 89' lang='lat' dir='ltr'><strong>sitas</strong></span> <span class='ocrx_word' id='word_1_280' title='bbox 1441 3861 1523 3928; x_wconf 90' lang='lat' dir='ltr'><strong>cirea</strong></span> <span class='ocrx_word' id='word_1_281' title='bbox 1537 3862 1696 3931; x_wconf 85' lang='lat' dir='ltr'><strong>civitatem</strong></span> <span class='ocrx_word' id='word_1_282' title='bbox 1711 3871 1851 3934; x_wconf 86' lang='lat' dir='ltr'><strong>nostram</strong></span> 
     </span>
     <span class='ocr_line' id='line_1_28' title="bbox 310 3963 1853 4048; baseline 0.001 -14"><span class='ocrx_word' id='word_1_283' title='bbox 310 3965 522 4048; x_wconf 81' lang='lat' dir='ltr'><strong>Gelisieusem,</strong></span> <span class='ocrx_word' id='word_1_284' title='bbox 541 3964 711 4032; x_wconf 84' lang='lat' dir='ltr'><strong>Teutonico</strong></span> <span class='ocrx_word' id='word_1_285' title='bbox 732 3966 801 4032; x_wconf 89' lang='lat' dir='ltr'><strong>iure</strong></span> <span class='ocrx_word' id='word_1_286' title='bbox 822 3963 980 4044; x_wconf 87' lang='lat' dir='ltr'><strong>locandas,</strong></span> <span class='ocrx_word' id='word_1_287' title='bbox 1009 3982 1047 4030; x_wconf 92' lang='lat' dir='ltr'><strong>eo</strong></span> <span class='ocrx_word' id='word_1_288' title='bbox 1068 3963 1146 4044; x_wconf 91' lang='lat' dir='ltr'><strong>iure,</strong></span> <span class='ocrx_word' id='word_1_289' title='bbox 1177 3982 1240 4047; x_wconf 91' lang='lat' dir='ltr'><strong>quo</strong></span> <span class='ocrx_word' id='word_1_290' title='bbox 1267 3982 1375 4030; x_wconf 90' lang='lat' dir='ltr'><strong>omnes</strong></span> <span class='ocrx_word' id='word_1_291' title='bbox 1402 3963 1546 4031; x_wconf 80' lang='lat' dir='ltr'><strong>civitates</strong></span> <span class='ocrx_word' id='word_1_292' title='bbox 1573 3983 1630 4033; x_wconf 88' lang='lat' dir='ltr'><strong>scii</strong></span> <span class='ocrx_word' id='word_1_293' title='bbox 1656 3967 1729 4036; x_wconf 85' lang='lat' dir='ltr'><strong>ville</strong></span> <span class='ocrx_word' id='word_1_294' title='bbox 1751 3970 1783 4035; x_wconf 93' lang='lat' dir='ltr'><strong>in</strong></span> <span class='ocrx_word' id='word_1_295' title='bbox 1806 3968 1853 4036; x_wconf 89' lang='lat' dir='ltr'><strong>di·</strong></span> 
     </span>
     <span class='ocr_line' id='line_1_29' title="bbox 309 4066 1855 4152; baseline 0.005 -18"><span class='ocrx_word' id='word_1_296' title='bbox 309 4070 422 4137; x_wconf 92' lang='lat' dir='ltr'><strong>strictu</strong></span> <span class='ocrx_word' id='word_1_297' title='bbox 443 4067 544 4135; x_wconf 90' lang='lat' dir='ltr'><strong>nostri</strong></span> <span class='ocrx_word' id='word_1_298' title='bbox 564 4066 693 4134; x_wconf 90' lang='lat' dir='ltr'><strong>dominii</strong></span> <span class='ocrx_word' id='word_1_299' title='bbox 716 4068 888 4152; x_wconf 88' lang='lat' dir='ltr'><strong>potiuntur.</strong></span> <span class='ocrx_word' id='word_1_300' title='bbox 934 4066 1053 4133; x_wconf 89' lang='lat' dir='ltr'><strong>Domus</strong></span> <span class='ocrx_word' id='word_1_301' title='bbox 1076 4067 1183 4150; x_wconf 88' lang='lat' dir='ltr'><strong>itaque</strong></span> <span class='ocrx_word' id='word_1_302' title='bbox 1201 4067 1262 4134; x_wconf 91' lang='lat' dir='ltr'><strong>sibi</strong></span> <span class='ocrx_word' id='word_1_303' title='bbox 1282 4069 1408 4152; x_wconf 87' lang='lat' dir='ltr'><strong>suisque</strong></span> <span class='ocrx_word' id='word_1_304' title='bbox 1433 4069 1663 4137; x_wconf 89' lang='lat' dir='ltr'><strong>suecessoribus</strong></span> <span class='ocrx_word' id='word_1_305' title='bbox 1687 4091 1743 4139; x_wconf 90' lang='lat' dir='ltr'><strong>seu</strong></span> <span class='ocrx_word' id='word_1_306' title='bbox 1766 4073 1855 4142; x_wconf 87' lang='lat' dir='ltr'><strong>liere-</strong></span> 
     </span>
     <span class='ocr_line' id='line_1_30' title="bbox 310 4169 1852 4256; baseline 0.004 -18"><span class='ocrx_word' id='word_1_307' title='bbox 310 4170 401 4238; x_wconf 89' lang='lat' dir='ltr'><strong>ilibus</strong></span> <span class='ocrx_word' id='word_1_308' title='bbox 423 4171 590 4255; x_wconf 89' lang='lat' dir='ltr'><strong>septimum</strong></span> <span class='ocrx_word' id='word_1_309' title='bbox 612 4190 755 4237; x_wconf 90' lang='lat' dir='ltr'><strong>mansum</strong></span> <span class='ocrx_word' id='word_1_310' title='bbox 776 4171 899 4237; x_wconf 90' lang='lat' dir='ltr'><strong>ratione</strong></span> <span class='ocrx_word' id='word_1_311' title='bbox 919 4188 975 4236; x_wconf 91' lang='lat' dir='ltr'><strong>sue</strong></span> <span class='ocrx_word' id='word_1_312' title='bbox 989 4169 1153 4237; x_wconf 85' lang='lat' dir='ltr'><strong>locationis</strong></span> <span class='ocrx_word' id='word_1_313' title='bbox 1167 4171 1234 4238; x_wconf 86' lang='lat' dir='ltr'><strong>iure</strong></span> <span class='ocrx_word' id='word_1_314' title='bbox 1249 4171 1438 4238; x_wconf 88' lang='lat' dir='ltr'><strong>bereditaiio</strong></span> <span class='ocrx_word' id='word_1_315' title='bbox 1452 4170 1486 4236; x_wconf 94' lang='lat' dir='ltr'><strong>in</strong></span> <span class='ocrx_word' id='word_1_316' title='bbox 1500 4180 1687 4256; x_wconf 88' lang='lat' dir='ltr'><strong>perpetuum</strong></span> <span class='ocrx_word' id='word_1_317' title='bbox 1702 4175 1852 4244; x_wconf 86' lang='lat' dir='ltr'><strong>obtinere.</strong></span> 
     </span>
     <span class='ocr_line' id='line_1_31' title="bbox 310 4273 1852 4358; baseline 0.004 -18"><span class='ocrx_word' id='word_1_318' title='bbox 310 4273 461 4358; x_wconf 80' lang='lat' dir='ltr'><strong>Qiiitquid</strong></span> <span class='ocrx_word' id='word_1_319' title='bbox 485 4279 592 4341; x_wconf 85' lang='lat' dir='ltr'><strong>autem</strong></span> <span class='ocrx_word' id='word_1_320' title='bbox 615 4275 647 4339; x_wconf 93' lang='lat' dir='ltr'><strong>iii</strong></span> <span class='ocrx_word' id='word_1_321' title='bbox 669 4274 816 4340; x_wconf 87' lang='lat' dir='ltr'><strong>districtu</strong></span> <span class='ocrx_word' id='word_1_322' title='bbox 837 4273 1086 4356; x_wconf 88' lang='lat' dir='ltr'><strong>supradictarum</strong></span> <span class='ocrx_word' id='word_1_323' title='bbox 1114 4274 1324 4341; x_wconf 86' lang='lat' dir='ltr'><strong>hereditatum</strong></span> <span class='ocrx_word' id='word_1_324' title='bbox 1351 4273 1500 4340; x_wconf 86' lang='lat' dir='ltr'><strong>utilitatis</strong></span> <span class='ocrx_word' id='word_1_325' title='bbox 1529 4282 1635 4358; x_wconf 87' lang='lat' dir='ltr'><strong>potest</strong></span> <span class='ocrx_word' id='word_1_326' title='bbox 1664 4286 1800 4346; x_wconf 87' lang='lat' dir='ltr'><strong>nuncet</strong></span> <span class='ocrx_word' id='word_1_327' title='bbox 1822 4281 1852 4346; x_wconf 93' lang='lat' dir='ltr'><strong>in</strong></span> 
     </span>
     <span class='ocr_line' id='line_1_32' title="bbox 310 4377 1853 4464; baseline 0.002 -20"><span class='ocrx_word' id='word_1_328' title='bbox 310 4383 473 4461; x_wconf 88' lang='lat' dir='ltr'><strong>postemm</strong></span> <span class='ocrx_word' id='word_1_329' title='bbox 495 4379 633 4462; x_wconf 84' lang='lat' dir='ltr'><strong>reperiri,</strong></span> <span class='ocrx_word' id='word_1_330' title='bbox 657 4379 723 4462; x_wconf 88' lang='lat' dir='ltr'><strong>ipse</strong></span> <span class='ocrx_word' id='word_1_331' title='bbox 743 4384 778 4446; x_wconf 86' lang='lat' dir='ltr'><strong>ot</strong></span> <span class='ocrx_word' id='word_1_332' title='bbox 798 4398 857 4445; x_wconf 90' lang='lat' dir='ltr'><strong>sua</strong></span> <span class='ocrx_word' id='word_1_333' title='bbox 879 4377 1048 4461; x_wconf 80' lang='lat' dir='ltr'><strong>posteritas</strong></span> <span class='ocrx_word' id='word_1_334' title='bbox 1070 4385 1222 4462; x_wconf 89' lang='lat' dir='ltr'><strong>perpetuo</strong></span> <span class='ocrx_word' id='word_1_335' title='bbox 1243 4378 1397 4462; x_wconf 89' lang='lat' dir='ltr'><strong>percipiat</strong></span> <span class='ocrx_word' id='word_1_336' title='bbox 1410 4396 1448 4443; x_wconf 85' lang='lat' dir='ltr'><strong>ox</strong></span> <span class='ocrx_word' id='word_1_337' title='bbox 1463 4377 1597 4461; x_wconf 72' lang='lat' dir='ltr'><strong>inegro,</strong></span> <span class='ocrx_word' id='word_1_338' title='bbox 1616 4382 1754 4464; x_wconf 85' lang='lat' dir='ltr'><strong>exceptis</strong></span> <span class='ocrx_word' id='word_1_339' title='bbox 1768 4383 1853 4464; x_wconf 83' lang='lat' dir='ltr'><strong>agris</strong></span> 
     </span>
     <span class='ocr_line' id='line_1_33' title="bbox 311 4480 1853 4569; baseline 0.004 -23"><span class='ocrx_word' id='word_1_340' title='bbox 311 4481 429 4548; x_wconf 88' lang='lat' dir='ltr'><strong>nostris</strong></span> <span class='ocrx_word' id='word_1_341' title='bbox 451 4486 486 4548; x_wconf 92' lang='lat' dir='ltr'><strong>et</strong></span> <span class='ocrx_word' id='word_1_342' title='bbox 506 4481 634 4565; x_wconf 87' lang='lat' dir='ltr'><strong>piscina,</strong></span> <span class='ocrx_word' id='word_1_343' title='bbox 656 4499 717 4565; x_wconf 88' lang='lat' dir='ltr'><strong>que</strong></span> <span class='ocrx_word' id='word_1_344' title='bbox 738 4499 795 4565; x_wconf 89' lang='lat' dir='ltr'><strong>pio</strong></span> <span class='ocrx_word' id='word_1_345' title='bbox 817 4481 908 4569; x_wconf 87' lang='lat' dir='ltr'><strong>nobis</strong></span> <span class='ocrx_word' id='word_1_346' title='bbox 930 4481 1106 4565; x_wconf 85' lang='lat' dir='ltr'><strong>specialiter</strong></span> <span class='ocrx_word' id='word_1_347' title='bbox 1128 4500 1331 4547; x_wconf 76' lang='lat' dir='ltr'><strong>reseruemus.</strong></span> <span class='ocrx_word' id='word_1_348' title='bbox 1376 4480 1444 4546; x_wconf 91' lang='lat' dir='ltr'><strong>llee</strong></span> <span class='ocrx_word' id='word_1_349' title='bbox 1464 4487 1540 4546; x_wconf 89' lang='lat' dir='ltr'><strong>sunt</strong></span> <span class='ocrx_word' id='word_1_350' title='bbox 1560 4489 1666 4548; x_wconf 89' lang='lat' dir='ltr'><strong>autem</strong></span> <span class='ocrx_word' id='word_1_351' title='bbox 1684 4484 1853 4552; x_wconf 81' lang='lat' dir='ltr'><strong>utilitates:</strong></span> 
     </span>
     <span class='ocr_line' id='line_1_34' title="bbox 312 4581 1854 4669; baseline 0.003 -20"><span class='ocrx_word' id='word_1_352' title='bbox 312 4585 439 4651; x_wconf 89' lang='lat' dir='ltr'><strong>tertium</strong></span> <span class='ocrx_word' id='word_1_353' title='bbox 461 4583 622 4651; x_wconf 87' lang='lat' dir='ltr'><strong>denarium</strong></span> <span class='ocrx_word' id='word_1_354' title='bbox 644 4583 759 4665; x_wconf 90' lang='lat' dir='ltr'><strong>iudicii,</strong></span> <span class='ocrx_word' id='word_1_355' title='bbox 779 4588 813 4650; x_wconf 94' lang='lat' dir='ltr'><strong>et</strong></span> <span class='ocrx_word' id='word_1_356' title='bbox 834 4581 1045 4649; x_wconf 89' lang='lat' dir='ltr'><strong>molendinum</strong></span> <span class='ocrx_word' id='word_1_357' title='bbox 1067 4581 1202 4649; x_wconf 92' lang='lat' dir='ltr'><strong>liberum</strong></span> <span class='ocrx_word' id='word_1_358' title='bbox 1230 4584 1313 4665; x_wconf 88' lang='lat' dir='ltr'><strong>quod</strong></span> <span class='ocrx_word' id='word_1_359' title='bbox 1338 4589 1386 4649; x_wconf 83' lang='lat' dir='ltr'><strong>est</strong></span> <span class='ocrx_word' id='word_1_360' title='bbox 1415 4582 1553 4666; x_wconf 89' lang='lat' dir='ltr'><strong>positum</strong></span> <span class='ocrx_word' id='word_1_361' title='bbox 1584 4584 1712 4650; x_wconf 90' lang='lat' dir='ltr'><strong>iiiieiius</strong></span> <span class='ocrx_word' id='word_1_362' title='bbox 1736 4587 1854 4669; x_wconf 89' lang='lat' dir='ltr'><strong>piscine</strong></span> 
     </span>
     <span class='ocr_line' id='line_1_35' title="bbox 311 4684 1852 4773; baseline 0.001 -20"><span class='ocrx_word' id='word_1_363' title='bbox 311 4693 426 4754; x_wconf 86' lang='lat' dir='ltr'><strong>nostre.</strong></span> <span class='ocrx_word' id='word_1_364' title='bbox 469 4685 503 4754; x_wconf 86' lang='lat' dir='ltr'><strong>Si</strong></span> <span class='ocrx_word' id='word_1_365' title='bbox 524 4705 586 4770; x_wconf 90' lang='lat' dir='ltr'><strong>que</strong></span> <span class='ocrx_word' id='word_1_366' title='bbox 606 4685 671 4752; x_wconf 88' lang='lat' dir='ltr'><strong>ulia</strong></span> <span class='ocrx_word' id='word_1_367' title='bbox 689 4685 867 4753; x_wconf 91' lang='lat' dir='ltr'><strong>molendina</strong></span> <span class='ocrx_word' id='word_1_368' title='bbox 889 4703 1036 4769; x_wconf 87' lang='lat' dir='ltr'><strong>piucessu</strong></span> <span class='ocrx_word' id='word_1_369' title='bbox 1058 4685 1208 4767; x_wconf 89' lang='lat' dir='ltr'><strong>temporis</strong></span> <span class='ocrx_word' id='word_1_370' title='bbox 1231 4686 1262 4750; x_wconf 94' lang='lat' dir='ltr'><strong>iii</strong></span> <span class='ocrx_word' id='word_1_371' title='bbox 1283 4684 1377 4751; x_wconf 83' lang='lat' dir='ltr'><strong>tiuvio</strong></span> <span class='ocrx_word' id='word_1_372' title='bbox 1399 4685 1537 4752; x_wconf 83' lang='lat' dir='ltr'><strong>Pressiio</strong></span> <span class='ocrx_word' id='word_1_373' title='bbox 1550 4687 1689 4755; x_wconf 88' lang='lat' dir='ltr'><strong>eiliiicori</strong></span> <span class='ocrx_word' id='word_1_374' title='bbox 1704 4691 1852 4773; x_wconf 88' lang='lat' dir='ltr'><strong>poterint,</strong></span> 
     </span>
     <span class='ocr_line' id='line_1_36' title="bbox 312 4786 1855 4873; baseline 0.001 -16"><span class='ocrx_word' id='word_1_375' title='bbox 312 4797 465 4872; x_wconf 84' lang='lat' dir='ltr'><strong>omniun</strong></span> <span class='ocrx_word' id='word_1_376' title='bbox 484 4789 524 4858; x_wconf 90' lang='lat' dir='ltr'><strong>de</strong></span> <span class='ocrx_word' id='word_1_377' title='bbox 544 4788 652 4856; x_wconf 78' lang='lat' dir='ltr'><strong>euclem</strong></span> <span class='ocrx_word' id='word_1_378' title='bbox 674 4788 767 4854; x_wconf 82' lang='lat' dir='ltr'><strong>tinnio</strong></span> <span class='ocrx_word' id='word_1_379' title='bbox 789 4788 970 4871; x_wconf 87' lang='lat' dir='ltr'><strong>supradicto</strong></span> <span class='ocrx_word' id='word_1_380' title='bbox 988 4786 1181 4854; x_wconf 84' lang='lat' dir='ltr'><strong>liereiiitntes</strong></span> <span class='ocrx_word' id='word_1_381' title='bbox 1202 4788 1373 4872; x_wconf 77' lang='lat' dir='ltr'><strong>possident,</strong></span> <span class='ocrx_word' id='word_1_382' title='bbox 1395 4789 1462 4873; x_wconf 87' lang='lat' dir='ltr'><strong>ipsc</strong></span> <span class='ocrx_word' id='word_1_383' title='bbox 1484 4794 1518 4855; x_wconf 90' lang='lat' dir='ltr'><strong>ct</strong></span> <span class='ocrx_word' id='word_1_384' title='bbox 1532 4808 1590 4856; x_wconf 89' lang='lat' dir='ltr'><strong>sua</strong></span> <span class='ocrx_word' id='word_1_385' title='bbox 1604 4793 1774 4873; x_wconf 85' lang='lat' dir='ltr'><strong>posteritas</strong></span> <span class='ocrx_word' id='word_1_386' title='bbox 1789 4793 1855 4859; x_wconf 87' lang='lat' dir='ltr'><strong>eli·</strong></span> 
     </span>
     <span class='ocr_line' id='line_1_37' title="bbox 312 4889 1854 4979; baseline 0.003 -23"><span class='ocrx_word' id='word_1_387' title='bbox 312 4889 382 4959; x_wconf 88' lang='lat' dir='ltr'><strong>lieet</strong></span> <span class='ocrx_word' id='word_1_388' title='bbox 402 4891 500 4959; x_wconf 87' lang='lat' dir='ltr'><strong>libere</strong></span> <span class='ocrx_word' id='word_1_389' title='bbox 521 4891 700 4959; x_wconf 88' lang='lat' dir='ltr'><strong>obtinenda.</strong></span> <span class='ocrx_word' id='word_1_390' title='bbox 744 4891 870 4958; x_wconf 86' lang='lat' dir='ltr'><strong>llnbent</strong></span> <span class='ocrx_word' id='word_1_391' title='bbox 890 4892 986 4958; x_wconf 88' lang='lat' dir='ltr'><strong>etiaiii</strong></span> <span class='ocrx_word' id='word_1_392' title='bbox 1008 4890 1111 4957; x_wconf 82' lang='lat' dir='ltr'><strong>dictus</strong></span> <span class='ocrx_word' id='word_1_393' title='bbox 1131 4892 1284 4958; x_wconf 82' lang='lat' dir='ltr'><strong>scultetus</strong></span> <span class='ocrx_word' id='word_1_394' title='bbox 1306 4898 1413 4958; x_wconf 87' lang='lat' dir='ltr'><strong>noster</strong></span> <span class='ocrx_word' id='word_1_395' title='bbox 1434 4897 1467 4957; x_wconf 91' lang='lat' dir='ltr'><strong>ct</strong></span> <span class='ocrx_word' id='word_1_396' title='bbox 1494 4892 1543 4957; x_wconf 90' lang='lat' dir='ltr'><strong>sui</strong></span> <span class='ocrx_word' id='word_1_397' title='bbox 1572 4912 1766 4962; x_wconf 76' lang='lat' dir='ltr'><strong>successures</strong></span> <span class='ocrx_word' id='word_1_398' title='bbox 1791 4897 1854 4979; x_wconf 89' lang='lat' dir='ltr'><strong>pis·</strong></span> 
     </span>
     <span class='ocr_line' id='line_1_38' title="bbox 312 4994 1854 5080; baseline 0.005 -21"><span class='ocrx_word' id='word_1_399' title='bbox 312 4994 400 5060; x_wconf 84' lang='lat' dir='ltr'><strong>uiridi</strong></span> <span class='ocrx_word' id='word_1_400' title='bbox 418 4994 550 5062; x_wconf 83' lang='lat' dir='ltr'><strong>liberum</strong></span> <span class='ocrx_word' id='word_1_401' title='bbox 569 4995 734 5062; x_wconf 87' lang='lat' dir='ltr'><strong>arbitrium</strong></span> <span class='ocrx_word' id='word_1_402' title='bbox 758 4994 789 5059; x_wconf 91' lang='lat' dir='ltr'><strong>in</strong></span> <span class='ocrx_word' id='word_1_403' title='bbox 809 4995 895 5061; x_wconf 85' lang='lat' dir='ltr'><strong>dictu</strong></span> <span class='ocrx_word' id='word_1_404' title='bbox 915 4994 1060 5075; x_wconf 80' lang='lat' dir='ltr'><strong>Pressiin,</strong></span> <span class='ocrx_word' id='word_1_405' title='bbox 1083 5001 1237 5078; x_wconf 88' lang='lat' dir='ltr'><strong>quantum</strong></span> <span class='ocrx_word' id='word_1_406' title='bbox 1259 4996 1298 5063; x_wconf 91' lang='lat' dir='ltr'><strong>dc</strong></span> <span class='ocrx_word' id='word_1_407' title='bbox 1319 4997 1387 5080; x_wconf 89' lang='lat' dir='ltr'><strong>ipsu</strong></span> <span class='ocrx_word' id='word_1_408' title='bbox 1405 4994 1544 5078; x_wconf 77' lang='lat' dir='ltr'><strong>piossiilet</strong></span> <span class='ocrx_word' id='word_1_409' title='bbox 1564 4996 1594 5062; x_wconf 93' lang='lat' dir='ltr'><strong>iii</strong></span> <span class='ocrx_word' id='word_1_410' title='bbox 1628 4997 1854 5066; x_wconf 85' lang='lat' dir='ltr'><strong>liciuilitntibus</strong></span> 
     </span>
     <span class='ocr_line' id='line_1_39' title="bbox 312 5097 1853 5183; baseline 0.003 -21"><span class='ocrx_word' id='word_1_411' title='bbox 312 5099 453 5180; x_wconf 83' lang='lat' dir='ltr'><strong>supeii‘us</strong></span> <span class='ocrx_word' id='word_1_412' title='bbox 474 5099 652 5165; x_wconf 88' lang='lat' dir='ltr'><strong>iieniiiintis.</strong></span> <span class='ocrx_word' id='word_1_413' title='bbox 699 5098 799 5164; x_wconf 83' lang='lat' dir='ltr'><strong>locus</strong></span> <span class='ocrx_word' id='word_1_414' title='bbox 821 5103 927 5163; x_wconf 90' lang='lat' dir='ltr'><strong>autem</strong></span> <span class='ocrx_word' id='word_1_415' title='bbox 949 5097 1003 5180; x_wconf 89' lang='lat' dir='ltr'><strong>qui</strong></span> <span class='ocrx_word' id='word_1_416' title='bbox 1033 5104 1127 5180; x_wconf 88' lang='lat' dir='ltr'><strong>uptus</strong></span> <span class='ocrx_word' id='word_1_417' title='bbox 1151 5105 1201 5165; x_wconf 88' lang='lat' dir='ltr'><strong>cst</strong></span> <span class='ocrx_word' id='word_1_418' title='bbox 1227 5099 1266 5165; x_wconf 85' lang='lat' dir='ltr'><strong>iul</strong></span> <span class='ocrx_word' id='word_1_419' title='bbox 1296 5097 1502 5166; x_wconf 81' lang='lat' dir='ltr'><strong>eliliiniuluiii</strong></span> <span class='ocrx_word' id='word_1_420' title='bbox 1526 5099 1746 5183; x_wconf 89' lang='lat' dir='ltr'><strong>molendinum,</strong></span> <span class='ocrx_word' id='word_1_421' title='bbox 1773 5103 1853 5169; x_wconf 86' lang='lat' dir='ltr'><strong>situs</strong></span> 
     </span>
     <span class='ocr_line' id='line_1_40' title="bbox 311 5199 1853 5287; baseline 0.006 -23"><span class='ocrx_word' id='word_1_422' title='bbox 311 5201 453 5283; x_wconf 74' lang='lat' dir='ltr'><strong>minum</strong></span> <span class='ocrx_word' id='word_1_423' title='bbox 471 5201 622 5287; x_wconf 75' lang='lat' dir='ltr'><strong>piscinam</strong></span> <span class='ocrx_word' id='word_1_424' title='bbox 645 5207 795 5282; x_wconf 84' lang='lat' dir='ltr'><strong>nostram,</strong></span> <span class='ocrx_word' id='word_1_425' title='bbox 818 5199 1006 5266; x_wconf 77' lang='lat' dir='ltr'><strong>henoticum</strong></span> <span class='ocrx_word' id='word_1_426' title='bbox 1028 5206 1061 5266; x_wconf 90' lang='lat' dir='ltr'><strong>et</strong></span> <span class='ocrx_word' id='word_1_427' title='bbox 1081 5201 1178 5268; x_wconf 86' lang='lat' dir='ltr'><strong>libere</strong></span> <span class='ocrx_word' id='word_1_428' title='bbox 1197 5203 1303 5286; x_wconf 86' lang='lat' dir='ltr'><strong>possid</strong></span> <span class='ocrx_word' id='word_1_429' title='bbox 1316 5253 1324 5270; x_wconf 90' lang='lat'><strong>.</strong></span> <span class='ocrx_word' id='word_1_430' title='bbox 1337 5254 1345 5270; x_wconf 88' lang='lat'><strong>.</strong></span> <span class='ocrx_word' id='word_1_431' title='bbox 1360 5254 1367 5269; x_wconf 94' lang='lat'>.</span> <span class='ocrx_word' id='word_1_432' title='bbox 1381 5221 1433 5268; x_wconf 92' lang='lat' dir='ltr'><strong>iini</strong></span> <span class='ocrx_word' id='word_1_433' title='bbox 1450 5202 1576 5286; x_wconf 83' lang='lat' dir='ltr'><strong>piscina</strong></span> <span class='ocrx_word' id='word_1_434' title='bbox 1622 5202 1740 5270; x_wconf 76' lang='lat' dir='ltr'><strong>licinius</strong></span> <span class='ocrx_word' id='word_1_435' title='bbox 1757 5206 1853 5274; x_wconf 87' lang='lat' dir='ltr'><strong>etiuni</strong></span> 
     </span>
     <span class='ocr_line' id='line_1_41' title="bbox 383 5304 1854 5386; baseline 0.007 -21.5"><span class='ocrx_word' id='word_1_436' title='bbox 383 5304 510 5372; x_wconf 90' lang='lat' dir='ltr'><strong>domino</strong></span> <span class='ocrx_word' id='word_1_437' title='bbox 532 5306 683 5372; x_wconf 81' lang='lat' dir='ltr'><strong>iiiliecato</strong></span> <span class='ocrx_word' id='word_1_438' title='bbox 701 5304 740 5370; x_wconf 90' lang='lat' dir='ltr'><strong>de</strong></span> <span class='ocrx_word' id='word_1_439' title='bbox 762 5304 864 5386; x_wconf 73' lang='lat' dir='ltr'><strong>Piscis,</strong></span> <span class='ocrx_word' id='word_1_440' title='bbox 887 5304 1012 5370; x_wconf 89' lang='lat' dir='ltr'><strong>iloniiiie</strong></span> <span class='ocrx_word' id='word_1_441' title='bbox 1034 5304 1207 5371; x_wconf 87' lang='lat' dir='ltr'><strong>llnrtlioldo</strong></span> <span class='ocrx_word' id='word_1_442' title='bbox 1229 5307 1352 5374; x_wconf 89' lang='lat' dir='ltr'><strong>iiotario</strong></span> <span class='ocrx_word' id='word_1_443' title='bbox 1375 5305 1566 5386; x_wconf 80' lang='lat' dir='ltr'><strong>(loliisieusi,</strong></span> <span class='ocrx_word' id='word_1_444' title='bbox 1593 5305 1719 5373; x_wconf 87' lang='lat' dir='ltr'><strong>domine</strong></span> <span class='ocrx_word' id='word_1_445' title='bbox 1740 5308 1854 5377; x_wconf 86' lang='lat' dir='ltr'><strong>Oblino</strong></span> 
     </span>
     <span class='ocr_line' id='line_1_42' title="bbox 314 5404 1854 5493; baseline 0.01 -27"><span class='ocrx_word' id='word_1_446' title='bbox 314 5404 377 5471; x_wconf 83' lang='lat' dir='ltr'><strong>cicc</strong></span> <span class='ocrx_word' id='word_1_447' title='bbox 399 5408 439 5475; x_wconf 88' lang='lat' dir='ltr'><strong>di·</strong></span> <span class='ocrx_word' id='word_1_448' title='bbox 462 5409 554 5476; x_wconf 82' lang='lat' dir='ltr'><strong>Pisdr</strong></span> <span class='ocrx_word' id='word_1_449' title='bbox 574 5415 747 5475; x_wconf 85' lang='lat' dir='ltr'><strong>niciciitore</strong></span> <span class='ocrx_word' id='word_1_450' title='bbox 770 5409 896 5493; x_wconf 86' lang='lat' dir='ltr'><strong>speciiili</strong></span> <span class='ocrx_word' id='word_1_451' title='bbox 920 5415 1036 5475; x_wconf 84' lang='lat' dir='ltr'><strong>inistiu.</strong></span> <span class='ocrx_word' id='word_1_452' title='bbox 1084 5408 1199 5476; x_wconf 81' lang='lat' dir='ltr'><strong>llutuiii</strong></span> <span class='ocrx_word' id='word_1_453' title='bbox 1224 5411 1254 5476; x_wconf 90' lang='lat' dir='ltr'><strong>iii</strong></span> <span class='ocrx_word' id='word_1_454' title='bbox 1278 5410 1363 5477; x_wconf 71' lang='lat' dir='ltr'><strong>Colis</strong></span> <span class='ocrx_word' id='word_1_455' title='bbox 1385 5429 1469 5478; x_wconf 87' lang='lat' dir='ltr'><strong>auno</strong></span> <span class='ocrx_word' id='word_1_456' title='bbox 1490 5412 1592 5491; x_wconf 76' lang='lat' dir='ltr'><strong>gintii·</strong></span> <span class='ocrx_word' id='word_1_457' title='bbox 1616 5411 1739 5478; x_wconf 80' lang='lat' dir='ltr'><strong>liouiiui</strong></span> <span class='ocrx_word' id='word_1_458' title='bbox 1756 5414 1854 5480; x_wconf 86' lang='lat' dir='ltr'><strong>inille·</strong></span> 
     </span>
     <span class='ocr_line' id='line_1_43' title="bbox 1251 5525 1698 5584; baseline 0.002 -51"><span class='ocrx_word' id='word_1_459' title='bbox 1251 5525 1255 5533; x_wconf 92' lang='lat'><strong><em>.</em></strong></span> <span class='ocrx_word' id='word_1_460' title='bbox 1647 5530 1698 5584; x_wconf 64' lang='grc' dir='ltr'><strong>ω,</strong></span> 
     </span>
    </p>
   </div>
   <div class='ocr_carea' id='block_1_9' title="bbox 0 0 2439 6180">
    <p class='ocr_par' dir='ltr' id='par_1_9' title="bbox 0 0 2439 6180">
     <span class='ocr_line' id='line_1_44' title="bbox 0 0 2439 6180; baseline 0 0"><span class='ocrx_word' id='word_1_461' title='bbox 0 0 2439 6180; x_wconf 95' lang='lat' dir='ltr'><strong> </strong></span> 
     </span>
    </p>
   </div>
  </div>
 </body>
</html>
