4476 6180
1813 426 1888 508 ddi

442 633 483 700 '2
520 632 703 702 &ciuium
723 634 832 718 etism,
852 640 890 702 ut
909 633 1055 720 episcopo
1084 634 1241 721 desumto,
1270 635 1460 722 propositus,
1487 634 1623 704 decanus
1651 640 1686 703 et
1712 633 1894 719 Capitulum

338 737 488 811 ab
504 738 649 822 ecclesie,
672 744 706 806 et
725 739 838 806 mium
860 737 914 822 qui
937 745 1098 822 presentes
1118 737 1244 815 luerint,
1265 738 1455 807 denuncient
1475 739 1535 807 hoc
1548 738 1607 806 sub
1619 758 1702 825 pena
1720 739 1893 808 ciliciorum

336 860 478 915 nn
490 842 640 930 omnibuis
668 841 823 928 episcopis
851 845 885 907 et
910 839 1152 925 provincialibus
1180 841 1263 910 infra
1289 850 1361 911 octo
1392 842 1460 910 dies
1481 862 1502 911 a
1523 847 1663 927 tempore
1687 843 1829 925 sciencie,
1856 846 1895 909 ut
2040 916 2043 920 ,
2125 895 2129 903 .

339 946 481 1033 Μὰ
500 964 634 1033 pernam
654 946 800 1014 defuncte
828 950 863 1012 et
893 944 1001 1012 divina
1028 944 1132 1012 officia
1160 964 1222 1030 que
1252 964 1311 1031 pro
1338 945 1494 1014 defunctis
1515 945 1606 1028 liunt,
1636 951 1702 1014 tam
1723 966 1745 1015 a
1765 946 1895 1032 prelatis

340 1067 445 1137 μ
464 1049 601 1119 nutris
621 1052 768 1118 docenter
789 1054 822 1116 et
842 1047 1023 1115 solemniter
1041 1046 1246 1116 celebrentur.

447 1156 484 1222 ⁸.
523 1152 704 1223 &tuimur
722 1151 953 1233 nichilominus,
976 1157 1013 1217 ut
1033 1169 1085 1217 res
1101 1148 1241 1219 defuncti
1262 1152 1401 1236 episcopi
1423 1153 1489 1220 siut
1509 1151 1570 1220 sub
1596 1152 1731 1221 tuitione
1752 1157 1786 1221 et
1809 1152 1895 1222 fideli

352 1256 495 1327 mn&
510 1257 708 1345 pnlctorum
729 1255 918 1323 oathodmlis
939 1254 1079 1337 ecclesie,
1102 1273 1201 1340 usque
1222 1255 1264 1322 ad
1285 1255 1469 1324 electionem
1489 1256 1757 1324 sui'suocessoris.

448 1363 486 1429 t
513 1359 841 1429 'Fmoommunieomus
863 1358 962 1426 eciam
983 1376 1101 1440 omnes,
1123 1358 1189 1426 sire
1211 1359 1275 1425 sint
1296 1358 1453 1444 principes
1479 1360 1545 1426 sive
1571 1358 1703 1427 alterius
1721 1359 1895 1445 dignimis,

355 1463 411 1550 qui
430 1481 483 1532 ru
496 1463 695 1549 episcopales
715 1462 790 1531 sedo
810 1460 983 1529 cathedrali
1005 1469 1136 1529 vocante
1157 1462 1404 1546 presumpserint
1425 1460 1459 1527 in
1480 1479 1557 1528 usus
1582 1481 1656 1531 suos
1686 1461 1826 1547 redigere
1846 1461 1896 1530 vel

353 1584 411 1652 per
431 1565 569 1654 alim
590 1566 773 1635 violenciam
792 1584 959 1650 occuparo3
981 1585 1079 1651 quum
1100 1566 1139 1634 de
1157 1567 1226 1636 iure
1247 1565 1382 1634 debeant
1410 1566 1517 1634 omnia
1543 1565 1697 1635 merari
1724 1566 1897 1636 successori

352 1668 492 1754 oetlusia
506 1669 603 1742 nius
623 1676 699 1738 sunt
718 1667 828 1737 usibus
847 1667 1022 1754 profutura

915 1915 990 2003 Nr.
1022 1909 1122 2003 597.
1169 1912 1331 2020 (254²)

359 2106 362 2111 ’
455 2095 640 2183 baradus
658 2099 735 2183 dux
752 2096 951 2182 lauchicie
977 2101 1112 2180 1246
1139 2096 1213 2182 dot
1241 2102 1291 2197 2,
1316 2098 1359 2181 in
1385 2097 1565 2201 luseum
1585 2122 1689 2186 nam
1717 2115 1813 2185 uses
1833 2121 1899 2184 tra

351 2218 502 2289 ditionem
520 2220 640 2307 praedii
659 2219 846 2303 Ilieicueno,
867 2237 889 2286 a
908 2217 1040 2287 Nicolao
1054 2218 1120 2287 lilio
1140 2218 1291 2305 llistivuy
1311 2219 1454 2305 palatini,
1475 2221 1624 2290 cociam
1643 2220 1821 2289 Gnecnensi
1841 2238 1899 2306 pro

353 2322 397 2392 80
417 2323 532 2392 marcis
551 2322 650 2395 debiti
671 2320 797 2391 ocum
1363 2334 1366 2339 ·

358 2519 360 2524 Ι
454 2431 594 2509 Pernam
617 2425 936 2508 memorarem
965 2447 1008 2492 no
1032 2429 1477 2507 pbmooeezntctjeduaba
1507 2433 1901 2512 corrumpundum

354 2532 863 2620 oeoeekpteezpcweznpcirta
909 2528 1552 2609 Rmanetemmrjeeoelmirzezone

462 2637 603 2702 daim
646 2637 763 2701 Archia
791 2637 923 2715 Capituli
945 2636 1102 2714 Metropol
1126 2636 1180 2698 Nr.
1202 2636 1254 2700 17.

455 2771 494 2842 ln
514 2771 641 2841 nomino
659 2771 787 2840 Domini
807 2790 910 2839 omen.
952 2769 1021 2839 Nos
1043 2769 1206 2839 Corradus
1228 2771 1290 2838 ilci
1311 2771 1419 2855 prucis
1438 2770 1503 2839 dux
1530 2771 1699 2840 mehicie
1723 2777 1834 2840 notum
1853 2771 1901 2841 ia·

354 2878 453 2947 cimus
472 2877 627 2946 universis
647 2875 845 2960 presentibus
867 2881 901 2943 et
922 2874 1048 2958 laturis,
1071 2874 1155 2960 quod
1173 2893 1279 2943 comes
1299 2875 1453 2959 ldistiruy
1482 2873 1642 2959 palatinus
1667 2880 1776 2943 noster
1796 2894 1902 2944 aarum

354 2981 444 3050 uobis
471 2987 506 3051 et
533 2979 607 3048 filiis
635 2979 752 3047 nostris
775 2978 922 3047 Boleclao
950 2978 1030 3046 duae
1056 2977 1200 3046 blazonio
1226 2984 1260 3046 et
1287 2976 1447 3046 Semovito
1468 2977 1548 3046 duce
1567 2977 1691 3062 publice
1711 2980 1901 3081 recognocit,
1985 3037 2005 3049 ,,

357 3083 442 3171 quad
462 3083 613 3152 Nicolaus
634 3081 717 3150 filius
739 3101 816 3150 suus
837 3082 876 3149 de
898 3100 1051 3150 consensu
1071 3087 1105 3149 et
1124 3082 1287 3150 voluntate
1315 3081 1417 3167 ipsius
1443 3085 1478 3148 et
1503 3080 1637 3148 aliomm
1666 3080 1801 3150 liliorum
1823 3083 1922 3166 eius,

354 3186 496 3274 predium
514 3185 670 3273 quoddam
692 3185 811 3253 dictum
826 3184 984 3253 Kolchoso
999 3184 1083 3268 quod
1097 3184 1139 3251 ad
1153 3203 1207 3253 eos
1220 3187 1290 3252 iura
1303 3183 1482 3271 pertinebat
1494 3183 1695 3266 hereditario,
1717 3204 1788 3252 aum
1802 3187 1903 3254 omni·

354 3290 412 3358 bus
430 3289 622 3358 utilitatibus
643 3295 677 3356 et
693 3287 892 3373 pertinentiis
916 3287 1086 3355 venerabili
1113 3289 1197 3372 petri
1223 3295 1332 3357 nosue
1362 3288 1489 3355 domino
1517 3287 1554 3355 F.
1574 3287 1752 3356 Gnemensi
1780 3289 1902 3358 archie-
2012 3331 2014 3334 ⁴

354 3393 480 3479 pisoopo
501 3398 535 3461 et
554 3392 685 3461 ecclesie
706 3391 883 3458 Gnecnensi
904 3410 962 3475 pro
981 3390 1072 3458 XXX
1093 3393 1208 3460 marcis
1229 3392 1362 3478 argenti,
1386 3409 1465 3477 quas
1487 3390 1630 3476 prelatus
1644 3390 1685 3458 N.
1701 3411 1760 3486 pro
1774 3392 1904 3462 dedinis
1967 3456 1968 3460 ,
2005 3452 2020 3457 ,,

354 3496 506 3565 violenter
526 3494 664 3564 obtentis
683 3500 717 3562 et
736 3494 881 3578 dampnis
899 3492 1079 3561 Gnecneasi
1102 3495 1232 3562 ecclesie
1252 3495 1401 3580 irrogatis
1416 3489 1597 3576 tenebatur,
1618 3493 1652 3561 in
1671 3495 1832 3579 presencie
1846 3495 1904 3563 dlii

354 3599 455 3668 nostri
475 3598 609 3666 illustris
629 3597 781 3665 Kuzimiri
803 3597 892 3664 ducis
924 3595 1062 3682 Guyavie
1092 3597 1225 3666 tradidit
1252 3597 1321 3664 iure
1346 3604 1500 3682 perpetuo
1526 3596 1758 3681 possidendum.
1803 3598 1903 3679 Quum
1950 3633 1956 3644 ·

355 3701 558 3770 munaum
578 3699 662 3768 idem
682 3699 843 3785 palatinus
864 3705 972 3768 noster
992 3704 1095 3766 ratam
1116 3699 1233 3768 habens
1253 3707 1287 3768 et
1307 3699 1409 3768 eidem
1429 3718 1536 3768 coram
1556 3700 1647 3768 nobis
1668 3719 1815 3785 expresse
1829 3722 1903 3772 oon·

355 3803 502 3887 sentiens,
524 3802 603 3870 illud
624 3801 707 3869 idem
728 3801 872 3886 predium
894 3821 965 3869 com
984 3802 1129 3871 omnibus
1150 3802 1353 3886 utilitatibus,
1376 3805 1517 3871 omnium
1535 3801 1673 3871 filiorum
1686 3821 1816 3872 suorum
1830 3825 1904 3875 oon·

355 3924 449 3976 emsa
468 3905 705 3987 interveniente,
728 3906 765 3991 (6
785 3910 829 3971 tit.
852 3907 922 3990 del.)
942 3905 1005 3972 ism
1026 3904 1111 3973 dicto
1133 3907 1219 3990 patri
1240 3914 1349 3975 nostro
1367 3914 1401 3974 et
1422 3907 1490 3975 eius
1519 3907 1752 3975 successoribus
1772 3925 1831 3992 pro
1851 3928 1904 3976 ea·

355 4010 426 4080 dem
443 4009 576 4096 moenia
592 4008 695 4077 denuo
716 4009 848 4076 tradidit
877 4014 1028 4092 perpetuo
1053 4008 1284 4092 possidendum,
1313 4009 1453 4078 adiciens
1485 4016 1519 4077 et
1542 4009 1741 4095 promittens,
1770 4012 1904 4096 quodsi

355 4113 520 4199 quisquam
553 4113 656 4197 ipsum
688 4112 840 4196 predium,
874 4130 911 4178 eo
940 4117 973 4178 et
1001 4111 1074 4178 filiis
1100 4112 1167 4179 suis
1188 4117 1355 4197 postquem
1377 4113 1526 4180 instituta
1545 4114 1630 4179 actio
1649 4113 1695 4180 eis
1715 4113 1906 4182 denunciata

356 4216 451 4286 luerit
482 4217 589 4305 (itit
620 4217 689 4298 del.)
719 4214 965 4294 defendentibus,
991 4215 1158 4283 edomino
1188 4216 1422 4301 archiepiscopo
1448 4221 1482 4283 et
1508 4214 1549 4283 ab
1576 4216 1644 4282 eius
1672 4219 1905 4285 successoribus

356 4321 515 4401 erinoerit,
537 4317 782 4387 obtundendo
804 4323 890 4384 terra
920 4337 1000 4402 eque
1024 4318 1107 4385 bona
1127 4323 1161 4384 et
1179 4320 1217 4397 (6
1237 4326 1281 4386 lit.
1304 4320 1376 4403 del.)
1396 4319 1478 4400 otili,
1502 4320 1570 4402 ipse
1591 4324 1625 4384 et
1646 4317 1687 4385 N.
1709 4321 1746 4404 (6
1764 4325 1809 4388 lit.
1833 4323 1905 4406 aet.)

356 4423 432 4492 dare
464 4424 638 4490 neooeserio
669 4422 846 4490 Gnoznensi
878 4421 1007 4488 ecclesie
1037 4420 1237 4488 tenebuntur.
1282 4421 1433 4489 Voleutes
1461 4427 1568 4488 autem
1594 4428 1631 4488 ut
1655 4422 1734 4506 quid
1756 4431 1821 4491 tam
1843 4425 1904 4493 soi·

356 4525 523 4612 lupuiter
543 4531 649 4593 octunm
676 4531 726 4591 est
744 4544 849 4592 eoram
876 4524 966 4591 uobis
995 4523 1138 4592 omnibus
1168 4525 1353 4606 innoteseat,
1381 4543 1509 4608 presens
1534 4525 1688 4608 scriptum
1714 4528 1906 4610 appensione

357 4629 450 4715 sigilii
472 4629 572 4698 nostri
594 4636 627 4696 et
649 4629 852 4695 annotatione
874 4629 1004 4694 testium
1025 4627 1170 4694 duximus
1192 4627 1412 4709 roborandum,
1434 4646 1568 4711 quorum
1591 4627 1719 4695 nomina
1740 4636 1815 4696 sunt
1829 4629 1904 4698 hec:

358 4732 517 4801 Abraham
537 4732 695 4818 palatinus
715 4730 866 4812 Mozovie,
889 4730 1038 4797 hibertus
1061 4729 1219 4814 palatinus
1243 4728 1327 4796 cuir.
1340 4779 1372 4798 ..
1393 4734 1431 4808 (3
1443 4736 1486 4795 lit.
1501 4734 1571 4808 del.)
1592 4729 1771 4814 Stephanus
1791 4732 1905 4800 castel·

287 4913 291 4923 ¹
357 4837 448 4904 lanus
473 4835 651 4916 Lanchicie,
680 4834 846 4901 Marianus
875 4835 1064 4902 castellanus
1093 4833 1133 4900 de
1159 4834 1292 4917 Itospra,
1322 4835 1485 4918 bomavog
1514 4833 1739 4916 thesaurarius,
1772 4834 1905 4903 Lassata

358 4940 516 5024 pincerna,
545 4938 694 5007 Urbanus
722 4957 828 5020 agneo,
858 4937 1026 5004 Bodinlous
1053 4937 1155 5018 iudex,
1183 4936 1312 5004 Stresek
1348 4936 1502 5018 tribunus,
1530 4936 1691 5004 Odolanus
1710 4940 1747 5014 (5
1767 4943 1811 5004 lit.
1834 4943 1904 5017 del)

361 5040 417 5109 lun
438 5039 600 5125 Scuyaaoa
620 5048 759 5121 venator,
782 5040 894 5105 Tauros
918 5040 999 5105 tilium
1021 5039 1118 5120 l‘otri,
1147 5045 1180 5105 ot
1205 5040 1260 5105 alii
1289 5059 1384 5125 quam
1406 5039 1523 5124 plures.
1568 5042 1683 5108 Actum
1712 5040 1745 5106 in
1765 5039 1905 5109 Yasoene

332 5133 339 5146 ’
361 5163 443 5212 suno
463 5143 590 5210 Domini
608 5142 844 5225 dccxcvi,
866 5149 955 5209 sexto
971 5141 1084 5209 'Narras
1105 5142 1260 5210 Octobris.

404 5356 412 5365 ,
459 5280 629 5363 Koloussa,
662 5285 838 5346 lr'ielczeroo.
882 5279 959 5347 ebir
976 5281 1022 5367 (i)
1043 5285 1124 5346 mole
1150 5279 1289 5362 Chirasc,
1320 5286 1398 5362 osolt
1428 5285 1567 5358 Sieradz,
1593 5282 1642 5344 lod
1670 5285 1717 5346 tel
1739 5277 1905 5367 Chimoek,

363 5390 439 5468 cupii
464 5388 582 5455 Crerrk.
626 5383 757 5470 Iiosprn,
781 5389 931 5466 eozprza.
975 5385 1124 5467 Yasccue,
1146 5388 1305 5452 lasioeiec.
