4476 6180
1713 478 1787 552 ste

242 683 323 751 turia
344 701 473 767 presens
494 684 645 766 scripturn
667 682 865 766 inspecturis,
894 681 978 766 quod
1006 683 1166 751 intuentes
1193 683 1298 750 tidelia
1324 687 1479 768 gmtaque
1503 683 1654 768 obsequia
1681 681 1788 749 dilecti

244 803 282 852 ae
302 785 448 869 specialis
469 784 623 869 capellani
645 791 679 852 et
700 784 931 869 prothonotarii
949 786 1049 852 nostri
1071 785 1188 853 domiui
1203 785 1354 866 Thilonis,
1377 803 1438 868 que
1459 785 1549 853 nobis
1570 784 1790 870 multipliciter

243 886 387 971 inpendit
406 893 440 954 et
459 888 493 952 in
515 886 657 954 intumm
678 887 774 954 dante
795 887 929 956 Dornirm
950 888 1120 972 inpendero
1140 895 1190 954 est
1203 895 1343 971 paratim,
1362 893 1397 954 et
1409 888 1557 970 precipue
1570 887 1603 953 in
1617 886 1789 972 optinenda

244 987 334 1056 nebia
354 988 471 1057 dilecta
491 991 623 1074 coniuge
644 995 753 1056 nostra
774 990 902 1057 domino
922 990 1068 1072 Ricbaaa,
1091 989 1145 1056 ubi
1168 991 1200 1056 in
1222 989 1413 1057 tmnseundc
1428 989 1529 1056 maria
1543 996 1577 1055 et
1590 989 1719 1056 flumina
1732 1007 1789 1057 nee

243 1108 305 1157 non
326 1096 362 1158 et
380 1091 444 1159 ulia
463 1093 586 1160 viarum
607 1092 797 1174 disenmina,
817 1111 880 1158 non
900 1092 1046 1159 inmerito
1068 1093 1207 1176 corporis
1229 1092 1335 1176 potuit
1354 1097 1388 1158 et
1402 1109 1507 1157 rerum
1527 1092 1667 1174 pericula
1681 1088 1788 1158 lormi-

242 1191 335 1260 dare:
357 1198 488 1278 proptor
508 1193 566 1261 hee
587 1199 621 1259 et
643 1194 706 1260 clia
725 1193 859 1259 fideliter
880 1198 914 1258 et
935 1197 1116 1259 constanter
1137 1193 1277 1276 inpensa,
1306 1193 1426 1276 «nnn,
1445 1192 1599 1259 tradimus
1625 1196 1659 1259 et
1686 1192 1790 1259 conie-

241 1292 338 1361 rlmus
357 1295 418 1361 sibi
439 1301 473 1363 et
493 1295 637 1362 omnibus
659 1294 891 1362 soccamribcs
912 1294 977 1360 suis
997 1294 1104 1361 villam
1126 1313 1165 1362 ae
1192 1295 1399 1362 beralitatem
1425 1300 1566 1362 nostram
1593 1293 1699 1361 Gdeez
1721 1292 1790 1359 vul·

242 1394 362 1479 gariter
382 1403 605 1482 nuncupatam,
625 1415 695 1464 euni
718 1397 802 1463 omni
821 1397 889 1462 iure
910 1403 944 1462 et
964 1396 1103 1464 doninic
1124 1415 1187 1480 quc
1207 1397 1308 1480 ipson
1326 1397 1521 1480 possedimus
1535 1402 1568 1463 et
1589 1395 1661 1462 lacu
1673 1394 1789 1462 ibidem
1845 1471 1847 1474 Α

242 1497 439 1582 integraliter
460 1499 624 1579 existente,
647 1499 715 1565 iure
733 1498 924 1565 hereditario
944 1499 978 1564 in
999 1506 1185 1582 perpetuum
1207 1497 1425 1582 possidendam
1440 1505 1474 1565 et
1487 1498 1698 1581 optinendam
1725 1497 1790 1564 De-

242 1604 354 1666 nantes
373 1600 433 1668 sibi
453 1600 586 1669 liberum
608 1601 776 1668 arbitrium
797 1599 915 1667 dietam
935 1600 1143 1667 beralitatem
1158 1599 1321 1682 vendendi,
1343 1600 1490 1682 donandi,
1514 1598 1717 1666 conmutandi
1732 1617 1788 1665 sen

242 1699 427 1784 ahquolibet
446 1702 538 1770 modo
560 1703 727 1785 alienandi,
750 1702 802 1769 cni
820 1709 854 1770 et
873 1702 1000 1786 quando
1023 1709 1058 1769 et
1077 1702 1351 1786 quocienscunque
1374 1703 1434 1769 sibi
1455 1701 1614 1793 ridebitur
1632 1700 1789 1784 expedire,

243 1809 277 1870 et
295 1801 493 1871 absolventes
515 1804 615 1889 ipsam
637 1811 671 1871 et
690 1822 799 1871 omnes
824 1804 939 1871 ibidem
961 1804 1176 1871 inhabitantes
1199 1803 1242 1871 ab
1262 1806 1347 1871 omni
1367 1805 1528 1873 cantione
1548 1802 1698 1871 Polonien
1719 1821 1790 1887 per·

242 1909 348 1988 petuo,
369 1905 516 1973 uidelicet
537 1925 557 1973 a
578 1926 683 1988 nnraz,
704 1925 725 1972 a
746 1921 864 1989 ponor,
884 1924 905 1972 a
926 1905 1053 1989 proved,
1075 1925 1096 1973 a
1117 1913 1232 1989 strena,
1254 1925 1275 1973 a
1296 1908 1482 1990 podeoroee,
1501 1927 1522 1974 a
1540 1906 1628 1988 bore,
1648 1923 1789 1988 arcem,

242 2004 283 2074 ab
303 2005 396 2090 opole
413 2014 447 2075 et
465 2008 562 2075 casui
581 2009 747 2088 diodone
771 2009 827 2088 ita,
849 2008 934 2090 qnod
953 2011 981 2074 si
1003 2009 1075 2092 qun
1094 2009 1212 2076 incolas
1233 2009 1318 2077 dicte
1337 2009 1411 2076 ville
1426 2010 1524 2077 citare
1544 2008 1689 2090 voluerit,
1704 2008 1791 2091 ipsos

242 2107 283 2175 ad
303 2115 445 2177 cosham
466 2111 657 2194 presenciam
679 2110 787 2177 littera
809 2115 927 2190 nosne,
949 2110 1053 2194 sigillo
1074 2117 1132 2178 aut
1151 2110 1246 2177 anulo
1267 2111 1418 2179 evocabit
1462 2110 1507 2178 Et
1534 2111 1561 2176 si
1587 2108 1791 2178 homicidium

243 2210 327 2277 intoe
346 2211 433 2296 ipsos
454 2210 551 2278 inerit
572 2218 798 2296 perpetratum,
819 2213 936 2294 nullus,
956 2220 1005 2279 set
1026 2213 1172 2280 dominus
1192 2213 1284 2281 Thilo
1306 2219 1340 2280 et
1360 2214 1410 2281 sui
1432 2213 1563 2282 heredes
1589 2230 1717 2281 musam
1734 2210 1791 2278 bo-

243 2312 362 2380 nicidii
381 2313 575 2396 iudicabunt,
597 2314 718 2382 noema
740 2314 848 2383 iudicii
867 2315 1067 2398 integraliter
1086 2316 1295 2400 percipiendo.
1323 2316 1480 2393 Preterea
1498 2316 1525 2382 si
1547 2333 1627 2399 quas
1640 2314 1792 2399 spoeiales

245 2414 424 2484 annues
445 2416 479 2482 in
501 2422 589 2483 terra
609 2423 720 2485 nostra
740 2418 937 2501 posuerimus
958 2423 992 2484 et
1013 2418 1098 2501 ipsas
1120 2418 1362 2501 perceperimus,
1384 2418 1425 2485 ad
1445 2435 1499 2485 ecs
1520 2416 1685 2484 solvendas
1706 2415 1793 2482 dicta

242 2515 319 2582 ruta
339 2516 467 2584 minime
489 2518 656 2601 tenebitur,
676 2526 726 2586 set
746 2519 1053 2604 pmiatus‘dcminns
1070 2520 1139 2587 Thi
1161 2521 1247 2604 ipsas
1274 2520 1428 2605 percipiet
1452 2538 1510 2604 pro
1537 2537 1596 2589 sua
1615 2516 1793 2590 voluntate.

243 2617 363 2687 mnus
384 2620 514 2705 insuper
535 2621 594 2687 sibi
615 2621 649 2687 in
670 2620 756 2688 dicta
776 2622 852 2688 eilia
872 2622 922 2689 ius
943 2621 1181 2704 Theutanienm,
1207 2627 1245 2689 ut
1272 2641 1342 2689 eam
1369 2622 1453 2690 locet
1479 2621 1606 2705 qundo
1633 2618 1694 2688 sibi
1722 2619 1792 2703 pia·

245 2721 346 2789 cuerit
366 2721 435 2789 iure
455 2721 660 2804 Tbeutanico,
682 2723 853 2790 secundum
873 2722 959 2806 quod
978 2742 1087 2791 omues
1107 2723 1183 2790 dne
1202 2723 1443 2792 Thentenlcales
1464 2723 1498 2790 in
1518 2722 1657 2790 dominio
1678 2726 1791 2789 nestro

244 2829 319 2893 aunt
339 2823 457 2906 locate3
476 2824 536 2892 hee
557 2832 697 2909 excepto,
718 2825 803 2909 quod
825 2825 928 2892 musis
949 2844 1011 2909 qne
1032 2825 1146 2909 eapitis
1166 2826 1416 2910 amputationem
1433 2832 1493 2893 aut
1510 2825 1645 2892 alieuius
1658 2823 1792 2892 membri

243 2925 473 2994 mutilationem
494 2927 631 3011 exigant,
653 2933 761 2994 neam
782 2929 934 2995 interesse
954 2945 1018 2993 non
1036 2926 1164 2995 debebit
1183 2932 1369 3011 procurator
1388 2930 1448 2993 aut
1467 2925 1643 3007 lantwoith,
1664 2926 1721 2992 ssd
1735 2925 1791 2993 do-
1830 2962 1832 2968 2

244 3027 347 3096 minus
367 3027 436 3096 Thi.
458 3027 544 3112 ipsas
565 3047 635 3095 curn
657 3047 714 3095 suo
734 3029 876 3096 iudicans
897 3029 1043 3110 sculteto,
1062 3027 1202 3095 iudicata
1223 3027 1387 3112 optinebit
1431 3027 1476 3095 lit
1496 3045 1537 3094 ne
1557 3045 1653 3111 super
1673 3027 1736 3094 hiis
1757 3026 1791 3093 in

244 3135 406 3214 posterum
426 3129 598 3212 dubitetur,
621 3137 782 3213 presentes
804 3131 957 3199 conscribi
976 3131 1124 3198 iussimus
1152 3135 1186 3197 et
1213 3131 1308 3214 sigilli
1337 3131 1440 3198 nostri
1467 3129 1640 3196 munimine
1661 3128 1792 3196 lecimus

245 3230 429 3298 mmmunici
450 3228 648 3314 presentibus
670 3231 720 3297 bis
741 3231 891 3298 testibus:
914 3232 1081 3299 comitibus
1102 3231 1234 3298 Alberta
1252 3231 1338 3298 dieto
1357 3230 1550 3299 &macrior
1564 3231 1738 3299 castellm
1753 3230 1793 3299 de

247 3329 396 3413 Omnsin,
418 3331 549 3399 Nicolao
578 3330 777 3416 subdcpiiero
805 3332 984 3413 Kalisiensi,
1011 3332 1141 3418 Grabya
1168 3332 1427 3401 subthesauraria
1456 3337 1574 3401 auehe
1618 3332 1738 3400 Datum
1759 3333 1793 3399 in
1881 3340 1883 3344 ’

244 3432 337 3500 Pisdr
355 3433 391 3500 in
411 3430 549 3501 amnne
571 3428 758 3528 Natiuitatis
778 3434 914 3518 gloriose
939 3434 1089 3519 Virginis,
1118 3453 1202 3502 anno
1228 3435 1356 3501 Domini
1385 3434 1551 3503 millesimo
1578 3433 1793 3503 ducentesimo
1857 3499 1861 3508 .

246 3535 456 3621 octuagesimo
476 3527 577 3619 exn,
599 3554 656 3620 per
678 3554 789 3604 manus
811 3535 951 3605 Imcenis
972 3537 1088 3604 notarii
1110 3537 1197 3606 curie
1217 3542 1333 3605 nostra

349 3736 465 3822 eecce
492 3741 591 3806 aaz.
629 3729 784 3822 'ennam
808 3738 956 3826 monet
1000 3738 1101 3822 ean,
1124 3743 1255 3822 bozac.

922 4032 996 4119 Nc.
1028 4029 1128 4118 569.

327 4226 704 4311 .Pranislsecnndna
724 4227 1121 4311 dnxPcloni01286
1147 4225 1219 4310 det
1242 4232 1317 4324 14,
1340 4227 1383 4310 in
1407 4226 1612 4331 Penni-nim
1637 4252 1794 4331 proten

250 4351 312 4430 tur,
329 4347 540 4414 hereditatem
563 4346 793 4414 Ostmwieezno
822 4347 972 4414 ecelesiae
991 4346 1198 4414 Poznaniensi
1224 4352 1335 4414 coutm
1360 4347 1543 4431 petitionem
1569 4346 1692 4415 Nicolai
1712 4347 1795 4415 'ibo-

247 4448 328 4517 nsie
349 4448 581 4516 senoentinliter
597 4467 666 4515 esse
687 4448 908 4515 adiudicatum.

350 4553 491 4631 Perperna
510 4557 628 4632 orpoia
672 4551 777 4618 Satur
797 4572 815 4614 z
836 4556 899 4616 cici
909 4552 1061 4628 J'edmnba.
1083 4555 1203 4625 zielon,
1225 4570 1243 4614 z
1265 4548 1391 4629 dtdrepo
1403 4550 1529 4636 pieezcd
1548 4554 1666 4617 znikda

352 4651 489 4719 mmet.
534 4654 652 4718 Arabio.
681 4655 822 4732 Capituli.
847 4655 875 4728 Ι,
896 4653 950 4717 to.
972 4686 1015 4700 -
1038 4649 1222 4733 Renwlslo',
1249 4654 1317 4715 cod.
1339 4654 1459 4730 cibalem.
1484 4654 1594 4716 Maior.
1614 4656 1716 4718 Pelen.
1739 4655 1793 4721 ⁶7.

350 4854 388 4922 In
410 4855 534 4923 nomine
556 4854 681 4921 Domini
704 4874 804 4921 amen.
850 4854 934 4922 Dum
955 4853 1032 4920 vivit
1053 4852 1163 4921 littera
1180 4853 1258 4919 vivit
1275 4859 1309 4920 et
1322 4853 1406 4921 actio
1420 4853 1683 4937 comissalittere,
1705 4856 1794 4923 euius

249 4956 383 5025 usnemu
402 4956 505 5024 nutrit
524 4958 707 5024 memoriam
727 4963 760 5023 et
780 4954 929 5023 roborata
949 4954 1082 5038 suscipit
1100 4955 1335 5021 inerementcun.
1380 4954 1482 5038 Igitur
1507 4973 1564 5022 nos
1590 4955 1724 5023 Premisl
1745 4976 1795 5024 se·

250 5057 378 5139 nundus,
421 5057 480 5124 Dei
500 5058 608 5141 gracia
628 5058 691 5123 dux
714 5057 851 5137 Dolonis,
874 5063 983 5132 notum
1001 5055 1131 5122 iacimus
1153 5056 1306 5122 uniuersis
1328 5063 1394 5122 turn
1415 5055 1613 5138 presentibus
1635 5074 1731 5139 quam
1745 5056 1795 5124 iu·

252 5159 330 5224 turis
351 5164 527 5243 presentem
548 5158 693 5241 paginam
716 5158 913 5240 inspecturis,
935 5157 1019 5241 quod
1040 5174 1111 5222 curn
1129 5157 1214 5223 inter
1236 5158 1444 5224 venerabilem
1468 5157 1499 5223 in
1523 5156 1650 5224 Christo
1671 5164 1794 5242 patrem

252 5259 410 5326 dominum
431 5258 601 5327 Iohannem
623 5261 823 5327 miseratione
844 5260 950 5324 diuina
971 5258 1215 5325 l’ozunniensem
1236 5259 1417 5343 episcopum
1430 5279 1469 5326 en
1485 5278 1558 5340 una,
1581 5265 1614 5326 et
1628 5259 1793 5327 Nicolaum

258 5359 353 5427 hlium
375 5359 471 5444 Petri,
493 5361 611 5428 dietum
633 5361 792 5442 'therasia
814 5381 854 5428 ex
874 5367 965 5444 porto
978 5360 1080 5427 uitem
1100 5379 1196 5444 super
1217 5359 1390 5428 heminam
1411 5379 1506 5445 quarn
1528 5361 1729 5445 Boguphalus
1744 5380 1795 5428 ve·

1603 5477 1639 5535 67
