4860 6180
1289 572 1364 658 Nr.
1396 570 1498 661 309.

723 767 880 853 Premis]
906 771 983 852 dux
1008 767 1154 851 Potonie
1182 773 1315 850 1253
1342 769 1443 852 l'ebr.
1471 776 1542 867 12,
1567 772 1609 852 in
1627 770 1799 869 Poenam
1824 784 1932 851 duem
1961 785 2167 872 sermore,

620 909 701 977 quse
719 894 844 957 mortuo
864 891 999 973 quodam
1022 889 1123 955 milite
1141 889 1208 955 sine
1229 889 1318 974 prole
1333 896 1367 956 ct
1380 891 1512 959 haerede
1534 893 1574 958 ed
1593 910 1683 958 suam
1705 894 1828 974 partem
1848 895 1988 972 venerat,
2010 899 2169 960 monaste·

621 995 669 1062 rio
690 992 731 1061 de
752 992 941 1060 ilenricbow
959 992 1089 1059 confert.

726 1101 855 1172 Simul,
883 1098 944 1160 Lib.
964 1100 1138 1174 fundatior.
1161 1100 1287 1159 oleastri·
1308 1099 1505 1179 destrictos,
1529 1118 1603 1178 pop.
1632 1099 1704 1164 158.

722 1300 760 1367 1n
782 1300 908 1367 nomine
929 1299 1054 1366 Domini
1081 1317 1182 1365 amen.
1226 1297 1294 1365 Nos
1322 1299 1513 1368 Premislaus
1536 1301 1595 1368 Dei
1619 1301 1728 1386 gracie
1748 1301 1812 1368 dux
1833 1299 1971 1381 Polemo,
1994 1298 2170 1384 pmlectum

621 1408 729 1471 sancte
750 1403 864 1470 mamis
887 1402 1026 1468 Ecclesie
1047 1402 1165 1468 nostris
1195 1401 1311 1486 ubique
1339 1404 1479 1471 zelantes
1499 1403 1691 1488 temporibus
1712 1410 1823 1470 notum
1845 1402 2076 1470 essevolumus
2098 1422 2170 1488 prs-
2300 1463 2303 1468 .

621 1503 762 1573 sentibvm
783 1509 818 1570 et
838 1501 968 1584 futuris,
996 1501 1081 1587 quod
1110 1502 1186 1569 olim
1209 1509 1350 1587 tempore
1377 1505 1478 1572 incliti
1507 1507 1595 1572 ducis
1622 1505 1795 1572 Wlodezlai
1823 1503 1922 1572 felicis
1942 1506 2170 1574 recordacionis

621 1606 723 1692 petris
741 1605 843 1672 nostri
861 1606 969 1672 extitit
990 1605 1118 1688 quidam
1140 1605 1230 1671 miles
1250 1606 1368 1673 Paulus
1388 1609 1522 1690 nomine,
1544 1609 1599 1692 qui
1621 1608 1733 1674 babuit
1752 1608 1787 1673 in
1807 1607 1997 1691 patrimonio
2012 1609 2171 1692 quendam

622 1709 812 1793 villamque
833 1714 964 1775 voeatur
985 1705 1137 1788 Stercore,
1159 1725 1221 1790 que
1242 1714 1292 1774 est
1312 1710 1377 1775 sita
1396 1711 1486 1778 iuxta
1507 1710 1649 1778 szcici
1670 1711 1848 1795 lagenarios
1861 1716 1999 1793 nostros,
2016 1731 2055 1778 ex
2069 1713 2173 1781 altere

536 1898 540 1905 ι
622 1817 715 1898 perte
736 1810 855 1879 hebens
876 1811 983 1877 villam
1001 1809 1120 1875 domini
1135 1810 1359 1878 Poznaniensis
1372 1813 1509 1896 episcopi
1530 1831 1592 1896 que
1606 1819 1737 1879 vocatur
1759 1811 1894 1879 Gorcba
1923 1810 1985 1877 Sed
1999 1813 2074 1895 quia
2087 1813 2172 1881 idem

622 1911 740 1980 Peulm
761 1933 783 1980 s
808 1913 940 1998 paganis
961 1910 1146 1978 interiectus
1167 1930 1232 1978 non
1252 1912 1365 1980 relicta
1385 1914 1474 1998 prole
1501 1931 1559 1980 nec
1580 1915 1686 1998 aliquo
1707 1913 1821 1980 herede
1841 1912 1964 1996 pretate
1986 1913 2173 1982 hereditatis

623 2032 690 2097 sue,
712 2015 912 2099 postmodum
933 2033 1013 2081 uxor
1033 2014 1133 2098 ipsius
1152 2012 1350 2080 Dabrozlnve
1375 2017 1513 2098 nomine,
1539 2034 1579 2083 ea
1604 2034 1757 2084 consensu
1782 2021 1816 2082 et
1841 2014 2038 2098 beneplacito
2057 2021 2168 2084 nostm

512 2134 516 2140 ·
623 2136 682 2202 pro
702 2117 839 2184 remedio
856 2117 959 2184 anime
980 2116 1119 2183 eiusdem
1138 2115 1229 2181 Pauli
1250 2117 1309 2181 viri
1331 2116 1381 2182 sui
1395 2121 1429 2183 et
1443 2119 1477 2183 in
1491 2119 1704 2185 remissionem
1725 2135 1854 2184 suorum
1871 2123 2082 2200 peecatorum,
2097 2135 2172 2186 con·

624 2218 701 2287 tulit
718 2218 784 2286 mm
802 2219 921 2287 dictam
943 2219 1151 2286 hereditatem
1170 2217 1277 2285 domui
1294 2219 1387 2287 beate
1407 2219 1548 2303 Virginis
1568 2220 1609 2287 de
1630 2219 1818 2287 Henriehovr
1831 2218 1959 2286 Ordinis
1975 2220 2174 2304 cystercien-

624 2322 679 2405 ds,
701 2322 764 2390 site
783 2322 818 2390 ln
843 2323 969 2408 dyocesi
997 2322 1269 2405 wratislaviensi,
1298 2327 1332 2389 et
1353 2321 1505 2390 detribus
1528 2323 1645 2391 ibidem
1673 2323 1741 2391 Deo
1768 2322 1995 2391 famulantibus
2023 2329 2175 2407 perpetuo

625 2425 854 2512 pomidendum
899 2425 980 2494 cum
1008 2431 1117 2494 autern
1146 2425 1205 2494 hee
1233 2433 1412 2510 agerentur,
1441 2427 1575 2494 eocoesit
1601 2427 1737 2511 onmem
1766 2425 1883 2493 femina
1911 2445 1991 2493 uxor
2016 2426 2174 2510 quondam

626 2528 776 2612 stemus,
809 2533 954 2595 statuens
987 2546 1091 2596 eorem
1117 2529 1208 2595 nobis
1239 2530 1395 2613 quendam
1423 2549 1569 2614 puerum,
1597 2529 1697 2596 lilium
1720 2529 1860 2596 eiusdem
1885 2528 2037 2610 Floriani,
2066 2528 2174 2596 dicens

627 2630 726 2698 eidem
755 2649 853 2716 puem
886 2651 907 2698 a
938 2638 1047 2699 nostre
1076 2650 1198 2699 summo
1225 2632 1328 2699 iudice
1356 2633 1515 2700 Domardo
1541 2651 1610 2699 esse
1638 2633 1764 2699 racione
1792 2631 2040 2716 propinquitatis
2065 2631 2174 2699 villam

627 2731 767 2802 Stsreovv
785 2733 1007 2816 adiudicatam,
1039 2739 1073 2801 et
1099 2751 1196 2818 super
1223 2734 1283 2801 hoe
1303 2735 1425 2818 accepit
1446 2733 1487 2800 ed
1508 2732 1641 2801 eundem
1664 2733 1863 2801 Domardum·
1881 2752 1986 2801 coram
2008 2733 2099 2800 nobis
2120 2733 2176 2802 be·

627 2835 743 2919 sulum
762 2835 847 2920 quod
867 2843 999 2903 vocetur
1018 2837 1052 2902 in
1072 2835 1220 2904 Polonioo
1242 2841 1354 2918 estez,
1376 2841 1410 2903 et
1435 2837 1608 2903 nunctium.
1650 2837 1828 2903 Domerdus
1853 2854 1928 2903 vero
1953 2836 2047 2903 iudex
2069 2842 2178 2904 noster

628 2938 751 3005 remisit
771 2938 906 3005 eundern
926 2938 1089 3005 nunetium
1110 2937 1152 3004 ed
1173 2955 1241 3019 nos,
1263 2937 1383 3019 dicens,
1410 2939 1485 3020 quie
1512 2956 1571 3005 nec
1591 2938 1673 3006 benc
1692 2937 1855 3020 feminam,
1877 2957 2008 3005 uxorem
2029 2937 2182 3006 videlicet

628 3040 778 3124 Floriani,
800 3060 938 3125 unquam
959 3042 1104 3122 vidisset,
1126 3059 1184 3107 nec
1211 3040 1258 3107 illi
1287 3059 1385 3125 pnem
1414 3040 1531 3108 dictam
1559 3041 1666 3108 villam
1688 3041 1802 3109 iudicio
1823 3039 2050 3108 confirmasset
2095 3038 2175 3107 cum

629 3161 703 3229 ergo
722 3142 833 3211 eadem
854 3144 931 3210 ville
948 3143 1089 3211 Stercore
1108 3143 1193 3210 iusto
1214 3143 1329 3210 iudicio
1359 3143 1400 3210 ad
1419 3150 1568 3210 'nostrum
1592 3149 1715 3227 partem
1734 3143 1870 3226 devenit,
1892 3142 2092 3210 contulimus-
2106 3161 2177 3223 mm

630 3246 671 3313 ad
691 3245 844 3313 bonorem
872 3246 933 3313 Dei
958 3252 991 3313 et
1015 3246 1050 3312 in
1072 3245 1285 3313 remissionem
1314 3241 1515 3329 peccatorum
1543 3253 1738 3328 nostrorum,
1767 3251 1802 3313 et
1828 3245 1928 3312 eciam
1957 3262 2016 3328 pro
2040 3242 2178 3311 remedio

567 3369 570 3374 ·
630 3349 733 3416 enimc
753 3348 832 3415 dicti
852 3346 943 3414 Pauli
964 3349 1019 3431 qui
1040 3349 1126 3432 patri
1147 3354 1256 3416 nostro
1284 3347 1429 3415 fedeliter
1450 3348 1587 3429 servivit,
1609 3347 1732 3432 pretato
1754 3347 1894 3414 cleustro
1914 3347 1953 3413 de
1975 3345 2174 3427 Henriebon,

630 3449 771 3518 volentes
798 3450 881 3518 bane
913 3456 1057 3518 noemam
1088 3449 1292 3517 donacionem
1325 3451 1443 3516 no'stris
1471 3454 1713 3533 nostrorumque
1738 3467 1953 3520 suscessorem
1982 3447 2178 3532 temporibus

631 3569 755 3637 semper
771 3558 875 3620 retem
896 3554 1081 3633 consistere,
1110 3552 1206 3618 nullis
1228 3560 1403 3636 temporum
1425 3552 1474 3619 vel
1495 3571 1700 3636 personarum
1722 3551 1970 3618 successionibus
1990 3550 2178 3617 viobndm.

631 3653 676 3722 st
694 3660 734 3723 at
753 3653 947 3739 sepedictum
966 3655 1137 3722 cnustrum
1160 3653 1200 3720 de
1221 3652 1409 3720 Henrichow
1427 3648 1633 3739 prescriptam
1651 3653 1760 3720 villam
1781 3639 1921 3720 Staroov'v
1943 3652 2118 3719 liberaliter
2138 3650 2178 3718 eb

632 3757 717 3824 omni
738 3755 849 3840 inpetu
870 3757 1066 3840 cognationis
1087 3754 1260 3839 supradicti
1290 3755 1381 3822 Pauli
1407 3756 1580 3840 possideat,
1609 3761 1788 3841 presentem
1813 3757 1939 3823 kartam
1962 3755 2058 3838 sigilli
2079 3753 2181 3821 nostri

632 3858 821 3926 munivimus
851 3858 1049 3942 appensione.
1104 3859 1222 3923 Actum
1250 3865 1300 3924 est
1332 3857 1391 3923 hoe
1423 3875 1506 3923 enno
1533 3858 1687 3924 dominice
1718 3858 1950 3925 Inoamecionis
1981 3855 2178 3936 eusdem,

632 3961 734 4045 pridie
754 3960 829 4028 Idus
851 3961 1015 4028 Februarii
1041 3962 1075 4027 in
1099 3959 1240 4042 Poznan,
1271 3960 1332 4027 hiis
1359 3959 1570 4044 presentibus:
1600 3959 1759 4027 Domardo
1780 3961 1883 4027 iudice
1904 3966 2023 4042 metm,
2045 3958 2180 4025 Ierustio

632 4061 731 4132 botre
751 4063 861 4148 ipsius,
883 4063 1025 4147 Bognsse
1045 4062 1277 4129 subcemerario
1298 4068 1422 4144 nostro,
1450 4063 1587 4129 Antonio
1614 4063 1679 4128 tilio
1703 4062 1879 4145 Witoslavi,
1902 4062 2011 4141 lerata
2031 4068 2180 4129 venatore

634 4165 674 4234 de
691 4166 820 4250 Bousin,
844 4166 1002 4251 Lutolpho
1033 4166 1179 4233 tribuono
1201 4165 1417 4245 Pozneniensi,
1444 4165 1554 4247 Petm,
1580 4165 1750 4247 Micbeele,
1772 4166 1911 4233 Iohanne
1933 4165 2104 4249 capelbnis
2125 4182 2181 4230 no-

634 4272 720 4354 stris,
741 4275 777 4338 et
796 4270 868 4337 aliis
889 4289 982 4354 quem
1006 4270 1160 4355 pluribus.

737 4456 878 4541 Stsreov,
902 4462 1093 4524 stertentes.
1131 4457 1272 4524 szcici
1294 4455 1537 4541 lagenariomm,
1569 4459 1766 4540 tapsenses.
1794 4455 1931 4542 Gorche,
1960 4454 2068 4521 ddrke
2094 4451 2181 4520 lies·

636 4559 762 4645 lithos,
785 4565 979 4628 Heinricltete.
1002 4560 1133 4642 Bansin,
1154 4561 1299 4647 prszpri.
