4860 6180
1072 536 1178 685 ur.
1209 588 1310 684 ιιι.

534 799 689 885 homiui
715 799 793 880 dux
818 796 969 881 Polonia
995 802 1119 878 1251
1144 795 1234 900 ιρι.
1260 800 1343 892 25,
1368 794 1411 876 in
1437 793 1601 894 eornm
1628 807 1809 880 umraum
1840 833 1896 900 poe
1922 846 1969 911 m.

432 927 514 990 trem
534 939 627 988 suurn
648 917 669 985 l.
691 916 871 985 m.·dncem
900 916 1128 984 wladislavum
1154 914 1304 984 ecclesiae
1335 914 1377 981 de
1401 913 1608 982 Trnemesruo
1633 911 1783 980 collatam
1809 921 1970 1015 motum,

431 1042 470 1092 ac
490 1022 580 1090 novis
600 1019 771 1106 privilegiis
791 1025 987 1104 augmentat.

514 1128 677 1220 iterque».
699 1127 816 1210 amaia
853 1126 965 1203 Brzepi
984 1125 1110 1208 obciqle;
1133 1124 1208 1185 dele
1229 1123 1361 1208 meula
1380 1121 1503 1185 dzirulri
1523 1121 1565 1183 od
1579 1121 1821 1199 pnunimeuic
1839 1130 1971 1218 placasse,

540 1228 742 1292 mamerano.
783 1225 870 1291 Aio.
890 1228 976 1290 Corra
1000 1228 1073 1291 car
1095 1227 1169 1303 lieu.
1191 1225 1334 1290 Laterum

536 1430 575 1498 In
595 1430 721 1499 nomine
742 1429 869 1497 Domini
891 1428 951 1496 Dei
972 1427 1074 1496 eterni
1094 1446 1197 1496 amen.
1230 1427 1321 1509 Quod
1341 1446 1363 1495 a
1383 1427 1502 1495 nostris
1522 1425 1697 1495 senioribus
1722 1426 1900 1500 institutum
1920 1452 1973 1523 err,

432 1531 475 1602 ad
496 1532 646 1600 noticiam
667 1537 809 1599 nostram
830 1550 894 1599 non
914 1531 1052 1598 venisset
1072 1531 1100 1597 si
1119 1530 1273 1598 celassent
1292 1530 1475 1598 testimonia
1502 1530 1693 1598 litterarum.
1736 1528 1837 1610 Quam
1856 1533 1896 1602 ob
1915 1559 1973 1610 rem

432 1636 579 1704 noverint
598 1635 734 1703 universi
752 1653 883 1719 presens
903 1634 1058 1719 scriptum
1081 1633 1268 1718 inspecturi,
1295 1632 1380 1718 quod
1401 1651 1459 1700 nos
1480 1632 1614 1700 Premisl
1635 1632 1696 1699 Dei
1717 1635 1824 1717 gracia
1840 1636 1902 1704 dux
1922 1642 1972 1711 Po

433 1738 527 1821 lonle,
550 1744 771 1823 cognoscenter
792 1757 812 1804 a
832 1743 924 1823 patre
950 1742 1069 1820 nostro,
1103 1735 1203 1802 felicis
1229 1736 1377 1803 memorie
1396 1734 1486 1803 duce
1509 1734 1703 1803 Wladislavu
1735 1737 1819 1804 viam
1844 1741 1975 1815 universe

434 1839 540 1908 carnis
560 1839 703 1924 ingrcssi,
726 1839 871 1907 omnibus
891 1839 976 1905 villis
996 1838 1128 1906 ecclesie
1146 1837 1233 1905 beati
1253 1836 1418 1905 adalberti
1439 1836 1479 1904 de
1501 1836 1712 1905 Cberemasna
1732 1838 1792 1905 sub
1814 1841 1870 1908 tali
1885 1842 1975 1914 sonus

434 1940 615 2010 libertatern
647 1940 745 2010 fuisse
770 1942 933 2010 collatam:
966 1940 1052 2025 quod
1084 1959 1192 2008 omnes
1219 1939 1449 2007 inhabitatores
1479 1939 1626 2008 villarum
1658 1947 1830 2009 memorate
1858 1946 1976 2017 ecclesie

434 2045 663 2132 apodvorore‚
683 2067 704 2115 a
724 2052 855 2128 strossa,
877 2065 899 2113 a
919 2062 1025 2126 aaran,
1046 2063 1069 2112 a
1088 2043 1234 2128 podvoda
1251 2049 1328 2111 sunt
1349 2043 1497 2126 absoluti,
1516 2051 1551 2111 et
1568 2043 1652 2129 qnod
1666 2043 1766 2110 eciam
1782 2063 1885 2112 coram
1899 2051 1976 2117 nullo

434 2149 587 2234 palatro,
609 2148 782 2217 castellano
803 2155 862 2216 sut
882 2149 990 2232 aliquo
1010 2147 1113 2214 iudice
1138 2165 1198 2231 pro
1219 2165 1405 2232 quacunque
1433 2164 1531 2215 eausa
1551 2148 1585 2213 in
1605 2147 1757 2214 indicium
1777 2148 1978 2220 evocabuntur

435 2250 497 2318 nlsi
518 2251 607 2336 prim
628 2250 737 2318 littera
755 2257 813 2318 aut
833 2251 938 2335 sigillo
962 2249 1114 2336 principis
1138 2249 1256 2316 luemut
1283 2250 1457 2335 provocati,
1485 2254 1536 2317 eet
1562 2252 1591 2317 si
1618 2251 1691 2335 quis
1718 2248 1759 2316 dc
1789 2250 1866 2334 ipsis
1892 2269 1978 2336 super

434 2371 623 2440 quacunque
640 2372 676 2421 re
696 2353 831 2421 voluerit
850 2353 1022 2439 eaenulas,
1045 2353 1160 2420 iudicio
1182 2353 1333 2438 principis
1354 2352 1406 2420 rel
1425 2351 1579 2437 prepositi
1600 2350 1723 2435 prelato
1743 2351 1873 2420 ecclesie
1892 2368 1977 2438 prum

435 2456 563 2524 iusticia
583 2455 751 2522 dictaverit
771 2454 966 2540 expediatur,
993 2456 1043 2521 ius
1064 2474 1138 2523 vcro
1160 2456 1245 2540 quod
1264 2455 1457 2523 adiutorium
1484 2454 1603 2522 dicitur
1622 2453 1664 2521 ad
1685 2453 1805 2521 dictam
1826 2456 1977 2525 ecclmiaru

436 2563 589 2643 perpetuo
616 2558 800 2643 pertinebit:
825 2576 921 2642 quarn
941 2557 1146 2625 donacionem
1172 2564 1206 2625 et
1226 2558 1405 2626 libertatern
1426 2576 1484 2625 nos
1504 2564 1609 2625 ratam
1631 2556 1784 2624 habentes
1806 2559 1979 2642 atdrusun,

436 2659 479 2730 ad
496 2661 684 2728 instanciam
702 2662 867 2746 peticionis
887 2662 989 2729 nostri
1009 2660 1139 2727 discreti
1160 2659 1272 2727 Basilii
1290 2661 1444 2746 prepositi
1464 2660 1595 2727 ecclesie
1615 2664 1788 2727 manoratc
1809 2665 1842 2726 et
1855 2659 1978 2728 fratrum

437 2763 552 2850 ipsius,
582 2764 682 2850 ipsam
711 2764 929 2832 innovavimus
954 2769 1123 2831 claustra
1149 2761 1400 2831 confirmavimus
1424 2764 1625 2831 auctoritate
1669 2761 1715 2829 Et
1745 2762 1822 2846 quia
1850 2762 1980 2830 boninus

327 2872 332 2882 '
437 2863 561 2951 prefate
581 2865 712 2934 ecclesie
731 2884 754 2933 a
773 2865 975 2934 venatoribus
996 2867 1115 2933 nostris
1141 2865 1328 2950 recipiendis
1355 2870 1389 2933 et
1413 2864 1545 2933 canibus
1570 2865 1735 2950 pmcendis
1756 2865 1861 2949 sepius
1880 2884 1980 2949 grava·

438 2968 564 3052 benum
587 2967 628 3036 ob
648 2969 859 3036 reverenciam
879 2967 939 3037 Dei
964 2974 999 3035 et
1024 2968 1110 3036 beati
1134 2967 1312 3050 adalberti,
1346 2967 1380 3034 in
1406 2969 1685 3053 remissionemque
1712 2973 1909 3052 peccatorum
1931 2988 1981 3034 no

438 3076 578 3138 suorum
599 3088 654 3138 cos
674 3070 715 3139 ab
736 3071 797 3138 boc
815 3072 997 3156 gravamine
1015 3071 1048 3137 in
1069 3074 1257 3155 perpetuum
1277 3069 1479 3156 absolvimm,
1505 3072 1554 3140 ita
1575 3072 1660 3156 quod
1681 3076 1808 3138 nostros
1828 3080 1982 3138 venatores

439 3192 504 3242 nou
521 3174 677 3259 recipiant
697 3180 731 3242 ct
751 3193 846 3242 canes
866 3180 994 3242 nostros
1015 3192 1078 3241 non
1096 3179 1237 3258 pascant
1267 3172 1426 3258 Preterea,
1441 3176 1475 3242 in
1489 3175 1809 3258 oemmpensauonu
1831 3173 1981 3241 cmusdum

438 3276 547 3344 viatici
567 3276 602 3343 in
622 3294 686 3361 quo
707 3276 878 3345 rnrrltorum
900 3282 1082 3344 sanctorum
1102 3276 1235 3362 reliquie
1255 3284 1331 3344 sunt
1351 3277 1522 3361 recondite,
1544 3296 1639 3362 quern
1661 3296 1720 3345 nos
1740 3277 1780 3345 do
1801 3275 1922 3362 prefata
1937 3293 1981 3341 ec·

440 3377 537 3446 alesia
556 3377 598 3446 ad
618 3379 738 3446 cadara
759 3384 900 3447 nostram
921 3380 1109 3463 accepimus,
1132 3379 1233 3446 eidem
1253 3381 1414 3465 preposito
1427 3385 1463 3448 et
1475 3382 1542 3448 suis
1556 3379 1790 3448 successoribus
1804 3377 1982 3447 contulimus

440 3479 567 3566 plenam
588 3487 779 3566 potestatem
800 3481 883 3549 intra
904 3482 1056 3550 terminos
1076 3481 1219 3566 predicte
1239 3482 1369 3551 ecclesie
1397 3482 1432 3550 in
1457 3482 1608 3551 Ganrava
1629 3490 1769 3552 matures
1796 3479 1935 3558 venandi
1954 3485 1982 3542 et

442 3582 604 3651 cbnsnras
625 3585 854 3669 capreollorum
868 3586 902 3652 in
916 3585 1061 3653 ornnibus
1074 3585 1158 3652 villis
1179 3585 1320 3670 predicte
1338 3585 1468 3654 ecclesie
1489 3586 1634 3668 mdeadi,
1655 3591 1690 3655 et
1708 3585 1835 3671 pedicas
1848 3580 1983 3670 ponendi,

441 3691 593 3780 renatare
613 3685 792 3754 (lamneusi
813 3693 847 3755 et
867 3706 1054 3772 quocunque
1075 3694 1185 3756 nostru
1203 3687 1343 3755 benefico
1365 3689 1399 3755 in
1417 3687 1480 3757 biis
1504 3688 1650 3756 omnibus
1671 3693 1881 3756 memoratam·
1896 3685 1984 3753 eccle*-

442 3789 522 3857 siam
549 3808 612 3857 non
641 3791 831 3876 inpediente.
874 3790 923 3859 Ut
943 3799 1051 3859 autem
1078 3791 1207 3860 donatio
1230 3799 1264 3859 et
1291 3792 1458 3876 promissio
1482 3792 1585 3876 patris
1611 3790 1712 3859 nostri
1737 3796 1772 3858 et
1798 3786 1984 3858 confirmacio

442 3898 553 3960 nostra
573 3898 607 3960 et
625 3895 844 3979 ammentacio
864 3893 1064 3978 presentibus
1086 3894 1281 3980 temporibus
1306 3899 1341 3961 et
1358 3893 1473 3962 lutor-is
1494 3901 1622 3963 maneat
1641 3894 1834 3975 inconcussa,
1857 3885 1984 3976 presenti

442 3993 630 4063 documento
651 4014 721 4063 eam
742 3998 916 4064 inserentes
937 3996 1034 4080 sigilli
1054 3997 1156 4063 nostri
1176 3997 1447 4065 corroboravimus
1460 4000 1662 4083 appensione.
1689 3998 1808 4065 Datum
1822 3997 1856 4062 in
1870 3995 1984 4060 Pozmn

444 4098 542 4166 tercia
562 4097 614 4166 die
635 4097 720 4166 beati
742 4098 920 4182 adalberti,
947 4117 1029 4166 anno
1049 4097 1280 4167 lncamationls
1301 4100 1456 4168 dominice
1477 4101 1645 4168 millesimo
1670 4099 1884 4169 ducentesimo
1903 4093 1985 4177 quiu-

443 4201 625 4285 quagesimo
646 4202 757 4285 primo.
794 4201 898 4268 Huius
920 4202 966 4269 rei
989 4208 1087 4268 testas
1108 4208 1198 4269 suat:
1217 4202 1402 4286 Bogumilus
1423 4203 1594 4288 palatinus,
1616 4202 1784 4288 Pretpelcb
1805 4197 1986 4269 ssulatim

444 4299 679 4386 Pccnanlcnsis,
701 4304 871 4372 Miroslaus
891 4311 926 4372 et
944 4304 1148 4389 Bussuplmlus
1170 4305 1227 4372 lilii
1249 4305 1412 4374 Vincencii
1431 4306 1675 4391 archiepiscopi,
1693 4307 1833 4390 Buguba
1853 4297 1987 4369 castellu-

443 4422 505 4472 nus
525 4404 566 4473 dc
586 4405 719 4489 Dersen,
741 4406 951 4474 Guevomirns
972 4407 1163 4476 castellanus
1184 4407 1224 4476 dc
1245 4407 1407 4492 Rogoseu;
1434 4408 1626 4493 Sophanem,
1653 4407 1799 4490 lacobus,
1832 4401 1987 4482 Gcrvirw.

444 4505 612 4592 listriana,
631 4508 806 4593 Iohannes,
824 4508 1004 4592 biirostins‚
1028 4511 1157 4593 Petrus,
1180 4509 1316 4579 bliclmcl
1337 4511 1491 4596 capellani
1512 4511 1613 4594 esurie,
1631 4517 1666 4578 et
1685 4509 1741 4578 alii
1761 4526 1858 4596 quam
1879 4503 1987 4590 pluro·

550 4711 770 4799 cbeoemesm,
796 4719 997 4782 ulamma
1029 4713 1188 4800 Ganaava,
1216 4718 1366 4804 durando
1385 4719 1527 4783 necata
1556 4715 1689 4799 Dmseu,
1712 4720 1791 4798 apo
1811 4708 1921 4782 bned,
1941 4703 1989 4784 uf*

446 4815 532 4898 aar&
550 4819 739 4907 ornacula.
771 4817 926 4904 Rugosum,
948 4818 1101 4899 moino.
