4860 6180
1906 414 1979 490 259

431 613 559 684 sinistro
580 609 690 680 littore
710 611 877 694 fluentem,
908 611 1082 696 procedunt
1102 617 1136 679 et
1153 611 1273 681 dictum
1301 615 1402 681 rivum
1431 617 1608 696 sequimur
1635 632 1734 698 usque
1762 614 1796 682 in
1817 613 1981 683 brachium
2043 606 2046 612 ’

432 719 558 802 tongam
578 713 663 799 qaod
681 715 769 781 lacus
789 714 930 781 Dratalre
950 714 1107 797 extendit,
1135 722 1168 782 et
1193 717 1239 784 sic
1265 717 1398 784 ulterius
1426 717 1517 784 iaxta
1541 715 1660 785 dictum
1688 719 1793 786 lacum
1818 717 1981 803 usquead

430 820 589 903 ingentem
609 815 769 884 cunum
792 817 988 884 terminalem
1007 817 1097 884 iuxta
1116 817 1258 886 Montem
1280 820 1402 887 calvum
1424 825 1497 903 post
1516 819 1697 887 arboretam
1720 820 1861 888 tiliamm
1884 839 1983 906 prope

431 921 533 989 ucnm
554 917 696 986 Dratzloe
717 920 824 999 situm,
847 927 932 988 recte
953 925 1147 1003 spectantem
1168 922 1211 988 ad
1232 922 1330 989 aliam
1349 922 1452 1007 (quil)
1472 921 1506 989 in
1528 921 1591 990 tine
1611 923 1741 990 minoris
1762 922 1884 990 brachii
1903 923 1981 991 dicti

432 1026 519 1094 loeas
539 1021 681 1090 liratslre
702 1021 845 1089 habetur.
891 1023 974 1090 Hinc
992 1023 1111 1090 directe
1132 1025 1172 1090 ad
1195 1025 1292 1091 alium
1315 1026 1484 1108 cumulum,
1505 1025 1643 1094 ferream
1664 1025 1805 1110 stipitem
1827 1024 1982 1092 infossam

432 1124 611 1206 habentem,
638 1143 736 1209 prope
762 1124 864 1192 rivum
894 1125 1020 1192 nomine
1041 1125 1251 1193 leimclrelen.
1295 1126 1379 1195 Hinc
1400 1134 1489 1195 uans
1510 1129 1630 1197 dictum
1651 1129 1753 1195 rivum
1771 1126 1813 1194 od
1835 1111 1981 1195 semitarii

432 1229 634 1316 piscatorum,
654 1227 820 1295 ducentem
841 1229 883 1295 ad
904 1229 1028 1312 aliquos
1042 1229 1137 1296 colles
1152 1235 1299 1296 curvatas
1313 1231 1411 1297 valles
1424 1230 1606 1314 efficientes,
1627 1232 1682 1314 qui
1699 1230 1787 1298 locus
1802 1229 1982 1313 Luchsreye

432 1333 561 1414 droun
579 1336 613 1399 et
633 1331 792 1415 sequendo
812 1331 915 1398 dictas
936 1332 1034 1399 valles
1061 1350 1160 1416 usque
1188 1333 1230 1399 ad
1258 1332 1362 1400 locum
1392 1334 1565 1416 palustrem
1594 1334 1713 1401 dictam
1741 1331 1982 1414 Marcksbruch,

432 1437 550 1505 duecte
570 1439 605 1502 et
624 1434 777 1501 indirecte
798 1452 898 1516 usque
918 1435 1034 1500 iterum
1054 1435 1096 1501 ad
1117 1453 1264 1518 mmmm
1282 1452 1431 1517 quercum
1454 1443 1488 1502 et
1506 1436 1642 1504 terreum
1664 1434 1805 1519 stipitem
1819 1453 1918 1519 prope
1932 1453 1982 1502 se·

432 1538 542 1608 mium
573 1536 799 1620 Radensteiglr.
843 1537 887 1602 Et
915 1543 1093 1620 sequuntur
1126 1538 1253 1603 termini
1284 1538 1415 1621 antique
1442 1537 1565 1606 thro
1590 1560 1611 1606 a
1631 1539 1717 1606 dicto
1748 1537 1818 1604 loco
1846 1536 1982 1619 polustd
2056 1541 2059 1545 ’

299 1655 303 1663 ·
431 1639 752 1724 Balgenhsgenbruch
775 1639 858 1706 nam
879 1640 1041 1723 usquead
1062 1641 1164 1707 rivum
1185 1640 1240 1724 qui
1261 1639 1500 1708 Memonrsiortt
1520 1643 1709 1726 appellatur,
1730 1639 1926 1726 procedendo
1947 1639 1983 1707 in

431 1741 518 1810 salon
539 1742 699 1810 terminali
719 1761 866 1809 arvorum
886 1760 966 1809 nove
987 1749 1021 1808 et
1043 1743 1173 1826 antique
1194 1741 1317 1809 thro
1342 1742 1384 1809 ad
1408 1761 1522 1809 novam
1548 1744 1715 1812 dueentem
1741 1762 1780 1810 ex
1801 1748 1982 1811 transverso

432 1848 474 1918 sd
493 1847 665 1933 msam
687 1864 836 1930 quercum
855 1845 897 1912 ad
917 1846 1012 1912 aliam
1026 1851 1265 1927 monstrantem,
1286 1845 1326 1913 de
1340 1864 1403 1929 qua
1416 1845 1457 1912 ad
1470 1845 1637 1913 arbustum
1649 1840 1836 1930 paludosam
1857 1845 1984 1931 nemim

432 1949 625 2032 Biroltholss,
646 1950 680 2015 in
701 1949 790 2016 sulco
812 1947 971 2015 terminali
992 1947 1188 2032 procedendo
1208 1947 1250 2014 ad
1267 1948 1355 2014 aliud
1376 1949 1541 2015 arbustum
1567 1948 1753 2034 paludosum
1779 1949 1905 2015 nomine
1927 1946 1983 2015 Ss-

432 2053 622 2136 hebruolea,
644 2052 718 2119 hinc
738 2051 780 2119 ad
800 2052 932 2136 stirpem
950 2069 1117 2135 queroeam
1146 2050 1318 2134 signatam,
1347 2050 1388 2118 de
1415 2070 1480 2135 qna
1505 2051 1547 2119 ad
1572 2050 1694 2118 loveam
1723 2049 1920 2118 terminalem
1949 2050 1984 2116 in

432 2174 497 2242 qna
516 2155 592 2224 olim
613 2155 738 2222 esscha
758 2173 892 2238 quercus
921 2154 1029 2235 stetit,
1051 2151 1092 2219 de
1120 2152 1177 2220 illa
1205 2153 1246 2220 ad
1274 2153 1372 2221 aliam
1389 2152 1511 2222 lovem
1532 2153 1572 2221 de
1592 2154 1718 2220 nomine
1739 2152 1902 2220 cuiusdam
1923 2151 1985 2219 vici

432 2259 572 2328 Kmusse
591 2263 815 2342 nuncupatam,
837 2256 878 2324 de
898 2275 961 2340 qua
981 2255 1023 2323 ad
1043 2255 1142 2321 alium
1163 2255 1267 2322 locum
1288 2255 1463 2340 palustrem
1483 2261 1581 2340 atque
1594 2256 1771 2324 silvestrem
1793 2255 1849 2340 qui
1861 2254 1985 2340 vulgari

433 2352 558 2431 nomine
579 2360 690 2428 Altum
712 2360 827 2427 collum
848 2358 1036 2442 appelletur,
1050 2357 1091 2425 de
1106 2376 1169 2442 qao
1182 2357 1224 2424 ad
1237 2364 1377 2425 montem
1390 2358 1595 2425 Tartarorum
1608 2363 1642 2426 et
1655 2357 1850 2426 latusculum
1863 2358 1984 2426 dictum

432 2465 536 2532 minor
555 2461 767 2547 Kesselpiuel‚
794 2461 927 2528 ulterius
954 2460 996 2527 ad
1024 2460 1126 2527 rivum
1149 2459 1203 2544 qui
1226 2459 1351 2526 Vadam
1371 2459 1487 2527 dncvrm
1506 2461 1687 2545 appellatur
1706 2459 1831 2542 dumus,
1853 2460 1887 2527 in
1907 2460 1985 2527 'lia-

433 2556 515 2635 ham
559 2564 608 2633 De
629 2583 740 2648 campo
759 2571 867 2630 autem
890 2561 1129 2646 claushagensi,
1151 2562 1185 2629 in
1206 2562 1339 2629 Polonia
1359 2567 1393 2630 et
1413 2581 1477 2629 non
1499 2564 1586 2630 intra
1605 2563 1707 2631 dictos
1728 2563 1880 2630 terminos
1900 2581 1986 2630 oom-

433 2668 599 2756 prehenso,
627 2667 765 2735 retinere
795 2666 890 2734 debet
911 2665 1032 2732 Damas
1060 2665 1347 2748 Fallrenburgensis
1370 2665 1514 2748 quintam
1540 2671 1674 2750 partem
1717 2665 1766 2733 De
1786 2664 1872 2732 dicto
1892 2663 1984 2733 Vado

433 2767 538 2840 dnosli
558 2770 666 2838 alveos
687 2768 855 2836 irriensis
877 2785 977 2852 usqne
997 2767 1031 2833 in
1052 2767 1157 2835 neum
1178 2765 1294 2834 Gossin
1315 2767 1467 2834 terminos
1485 2773 1584 2850 tenet,
1605 2768 1661 2852 qui
1681 2767 1716 2834 in
1734 2766 1843 2835 littore
1855 2767 1986 2835 sinistro

434 2878 486 2942 ost
505 2866 783 2942 dreamradendus
804 2865 905 2953 usque
926 2869 967 2936 ad
988 2867 1180 2936 affluentiam
1201 2869 1364 2936 cuiusdam
1384 2871 1487 2952 rivali,
1509 2869 1654 2938 ducentis
1675 2870 1826 2938 terminos
1839 2872 1873 2937 in
1887 2869 1986 2938 adum

434 2976 539 3046 herm
557 2976 592 3043 ln
612 2975 742 3043 sinstm
766 2973 876 3041 littore
903 2990 1012 3039 versus
1040 2970 1264 3039 Wittenbrnch
1289 2972 1331 3039 ad
1357 2971 1495 3040 ferream
1519 2973 1662 3057 stipitem
1690 2972 1832 3057 eliasque
1858 2971 1987 3040 arbores
2021 3031 2024 3039 .
2171 2955 2186 2976 ⁶

435 3077 625 3160 termimloe,
646 3076 687 3144 de
707 3094 772 3143 ana
792 3075 834 3142 ad
855 3075 990 3142 alteram
1011 3073 1206 3157 prosedendo
1227 3091 1328 3157 usqae
1346 3081 1476 3141 ventum
1497 3079 1549 3142 est
1569 3073 1611 3141 ad
1623 3075 1708 3143 viam
1721 3073 1987 3142 Plumidalensem

434 3180 524 3248 iuxta
543 3198 641 3266 qnam
662 3178 782 3246 tereus
802 3177 902 3263 stipes
922 3174 1138 3257 inveniendus,
1160 3175 1282 3260 dequo
1303 3176 1339 3243 in
1359 3174 1445 3244 dicta
1464 3176 1518 3245 via
1539 3177 1734 3245 ascendendo
1756 3183 1791 3245 et
1810 3177 1988 3245 occurrenti

435 3281 559 3368 sylvula
575 3281 753 3363 Polonensi,
776 3280 818 3347 ad
838 3285 966 3363 pontem
987 3279 1219 3347 maranensem
1237 3285 1272 3346 et
1293 3279 1402 3346 ambas
1422 3279 1509 3347 illius
1526 3281 1632 3366 ripas:
1658 3280 1708 3349 De
1729 3299 1792 3365 qao
1813 3286 1910 3365 ponte
1929 3278 1989 3347 tla-

351 3443 355 3448 ,
435 3385 505 3452 vinu
525 3383 630 3453 Treba
649 3402 722 3451 cum
743 3383 809 3450 suis
830 3381 982 3449 ammiras
1002 3382 1081 3466 ripis
1102 3399 1202 3466 nsque
1223 3381 1265 3448 ad
1285 3382 1389 3449 lacum
1410 3382 1705 3451 Poltakaumeusem
1720 3383 1873 3450 terminos
1888 3387 1987 3465 tenet,

435 3487 491 3571 qni
510 3504 547 3556 se
567 3474 731 3572 porrectos
751 3487 794 3571 (l)
816 3485 1005 3552 intrinsecas
1026 3486 1117 3552 iuxta
1137 3484 1292 3568 sylvulam
1306 3484 1511 3553 Polonensem
1533 3492 1568 3553 et
1587 3487 1623 3552 in
1636 3484 1765 3551 sinistro
1779 3485 1890 3552 littore
1910 3483 1989 3552 dicti

434 3590 523 3660 lsorrs
550 3590 761 3672 ascendendo,
793 3590 827 3657 in
851 3589 953 3656 rivum
979 3587 1184 3656 Bamndiess
1210 3586 1475 3671 preterlabentem
1502 3583 1792 3668 timendorum
1812 3591 1989 3655 memorato

434 3692 507 3762 laco
527 3692 669 3775 doctam,
692 3698 860 3777 sequentes
886 3692 1115 3777 longitudinem
1141 3691 1226 3758 illius
1252 3691 1312 3758 riri
1341 3691 1426 3758 circa
1452 3691 1667 3758 Breitenstein
1691 3690 1726 3757 in
1746 3694 1840 3775 parta
1860 3690 1991 3759 sinistra

435 3787 546 3864 rernm
568 3794 693 3865 Collum
713 3795 828 3877 altum,
862 3794 997 3879 indeque
1025 3812 1134 3862 versus
1159 3793 1250 3861 Mose
1276 3794 1311 3860 in
1341 3793 1482 3862 Insulam
1503 3798 1628 3877 captam
1649 3792 1810 3860 munimen
1831 3793 1991 3878 regionale

435 3897 655 3984 attingentem,
674 3903 709 3965 et
725 3896 857 3965 alterius
878 3896 999 3964 directe
1019 3896 1061 3963 ad
1081 3914 1159 3963 arva
1180 3894 1371 3980 Calentaiglr
1385 3895 1441 3962 ubi
1461 3896 1578 3963 iterum
1604 3897 1703 3980 stipes
1723 3893 1845 3963 ferrens
1867 3895 1991 3981 conspi-

435 3998 530 4082 citur,
550 4016 614 4084 qao
632 3998 745 4066 relicto
766 3998 808 4065 ad
828 3998 979 4065 maiorem
997 3997 1122 4064 Blanlre
1142 3996 1249 4065 Mosse
1270 4016 1342 4064 cam
1359 3997 1513 4064 ambabus
1533 3999 1612 4082 n'pis
1632 3998 1674 4066 ad
1695 3997 1872 4066 Marchiam
1892 3997 1992 4082 perti·
2140 4041 2144 4048 -

436 4106 573 4169 antem
601 4099 685 4169 Hine
705 4100 864 4185 gradatim
886 4107 1056 4167 occununt
1077 4099 1205 4166 arbores
1227 4099 1410 4168 terminales
1432 4099 1529 4167 clavis
1550 4099 1659 4169 ferreis
1680 4101 1818 4186 signate,
1837 4100 1992 4169 ducentes

437 4204 589 4297 terminos
609 4202 830 4272 adicientem
852 4203 1002 4270 maiorem
1023 4203 1144 4283 Mosse3
1174 4202 1248 4270 hinc
1277 4208 1351 4286 post
1378 4221 1456 4268 arva
1476 4202 1684 4270 Heinersdorl
1701 4202 1866 4288 usquead
1887 4202 1993 4271 Stein-

437 4305 552 4393 bringir
570 4306 746 4386 tendentes,
768 4305 842 4372 hinc
863 4304 1078 4372 descendendo
1106 4323 1216 4372 versus
1244 4304 1424 4388 Draitziger
1441 4302 1588 4387 Langlre,
1609 4310 1644 4371 et
1663 4303 1755 4371 iaxta
1775 4304 1866 4371 illum
1887 4305 1992 4374 heum

437 4425 547 4477 rosas
566 4407 665 4476 alium
686 4406 807 4475 dictum
824 4406 932 4474 Breite
951 4406 1067 4486 Messe,
1090 4424 1130 4472 ex
1150 4424 1213 4489 qno
1231 4405 1364 4474 eltlnens
1384 4406 1470 4472 rivus
1490 4405 1728 4488 Berlrenbrtllse,
1750 4406 1930 4490 sequendus
1943 4413 1994 4475 est

437 4510 492 4579 llla
511 4529 613 4597 usque
633 4510 676 4578 ad
705 4510 809 4578 lacum
838 4509 1031 4576 Pinnensem.
1075 4509 1174 4576 Porro
1205 4516 1294 4576 trans
1320 4509 1441 4577 dicmm
1467 4509 1569 4576 rivum
1597 4509 1718 4578 directe
1745 4507 1787 4577 ad
1816 4509 1994 4594 congeriem

438 4613 636 4682 terminalem
656 4612 775 4681 dicum
796 4612 992 4693 Ieinsterdt,
1023 4612 1119 4678 sitam
1143 4630 1227 4679 nanc
1255 4613 1300 4679 ibi
1327 4611 1370 4679 ad
1397 4610 1542 4678 desuem
1568 4611 1610 4679 ad
1632 4631 1778 4697 eampum
1798 4611 1993 4695 Plavensem,

437 4721 473 4785 et
491 4735 563 4786 oum
583 4716 639 4784 illo
661 4734 772 4799 eampo
789 4715 831 4782 ad
852 4714 1027 4782 Marobiam
1048 4715 1187 4799 pertinet
1207 4715 1293 4799 (sic);
1321 4714 1361 4782 de
1386 4732 1450 4797 qus
1469 4713 1630 4798 congerie,
1653 4714 1695 4781 ad
1716 4713 1874 4799 signatam
1893 4732 1995 4798 qnan-

438 4817 511 4887 dsm
530 4818 640 4905 pinam
660 4824 889 4885 monstrantem
915 4816 1034 4884 directe
1062 4816 1153 4882 iuxta
1182 4816 1267 4883 latus
1295 4833 1444 4882 arvorum
1474 4815 1814 4902 Tempelbnrgensinm
1836 4814 1994 4902 pergendo

437 4919 480 4988 sd
510 4921 605 4991 aliam
631 4922 791 5006 ingentem
819 4920 995 5003 congeriem
1021 4919 1219 4986 terminalem
1247 4918 1412 5002 lapideam.
1456 4917 1540 4985 Hinc
1568 4926 1603 4986 et
1635 4919 1770 5004 quedem
1798 4918 1927 4985 arbores
1953 4917 1995 4987 ad

433 5022 544 5094 'alveoe
563 5042 660 5110 opum
681 5027 834 5109 porrecte,
855 5021 897 5089 ds
915 5040 979 5088 una
1000 5021 1041 5088 sd
1054 5021 1188 5088 alteram
1203 5020 1409 5107 procedendo,
1431 5039 1568 5104 quarum
1581 5021 1644 5089 alie
1658 5022 1755 5090 clavis
1770 5027 1846 5090 sunt
1859 5021 1995 5105 signate,

438 5141 538 5210 usqne
557 5123 600 5192 sd
619 5123 739 5192 bivium
766 5123 888 5190 viarum
914 5121 954 5190 de
980 5122 1222 5206 Falclrenburgk
1248 5130 1283 5190 et
1307 5121 1501 5190 Phieriohow
1525 5141 1635 5190 versas
1656 5124 1794 5191 Brotaen
1815 5122 1994 5207 ducentem,

438 5224 472 5293 in
493 5244 557 5312 qno
578 5227 725 5294 similiter
745 5226 845 5310 stipes
866 5224 988 5292 ioncus
1014 5226 1266 5310 conspiciendam
1299 5224 1340 5294 de
1369 5244 1432 5309 quo
1459 5225 1500 5292 sd
1528 5223 1619 5293 binas
1649 5225 1740 5310 pinos
1766 5225 1865 5292 clavis
1886 5223 1996 5294 terreis

444 5330 602 5418 signetos3
626 5329 680 5399 lic
704 5348 832 5416 campus
859 5327 987 5413 quidam
1015 5327 1209 5398 thierbruch
1241 5329 1434 5415 appellatas,
1466 5326 1598 5396 seorsim
1625 5327 1659 5394 ia
1683 5326 1821 5396 dictione
1847 5325 1998 5398 Polonica

1782 5444 1835 5505 δ’
