4860 6180
432 332 509 406 420

431 531 571 601 ultorum
591 502 703 601 uotum
721 532 853 601 iacimus
872 530 1028 600 universis
1048 535 1115 597 mm
1142 531 1341 615 presentibus
1366 548 1462 613 quam
1487 527 1604 597 futuris
1626 534 1807 614 presentem
1836 525 1984 612 paginam

432 635 630 720 inspecturis,
652 639 736 721 quod
756 643 873 704 terram
894 636 959 703 sive
980 634 1086 701 villam
1108 653 1170 718 que
1191 634 1363 718 vulgariter
1383 634 1522 701 Psurcvo
1543 636 1754 715 nuncupatur,
1785 648 1881 713 quam
1903 626 1986 694 Pha·
2102 662 2124 680 ,-

431 736 556 805 limirus
574 738 659 805 lilius
680 740 829 808 Iohannis
851 739 1034 824 possederat
1053 743 1087 804 et
1106 738 1138 804 iu
1160 757 1218 806 suo
1242 744 1431 807 testamento
1453 736 1548 804 simul
1569 754 1642 804 cum
1662 734 1740 801 villa
1770 752 1829 800 sua
1857 733 1987 800 Iosemo

431 839 593 926 legaverat
614 842 744 911 ecclesie
765 843 849 910 boae
880 842 967 910 Petri
996 840 1219 907 Poenaniensis
1247 843 1288 908 ad
1315 842 1464 908 honorem
1486 838 1545 906 Dei
1566 844 1601 905 et
1621 837 1662 906 ob
1683 836 1891 904 reverentiam
1912 833 1987 901 bea·

433 946 539 1010 torum
557 942 645 1013 Petri
667 952 700 1013 et
718 945 810 1012 Poudi
830 944 1045 1030 apostolorum
1066 944 1144 1026 eius,
1166 964 1223 1029 pro
1246 945 1349 1011 salute
1370 943 1475 1011 anime
1493 947 1601 1009 nostre
1624 946 1659 1008 et
1679 944 1846 1025 parentum
1862 943 1987 1005 nostro·

307 1086 311 1091 ·
432 1065 504 1115 rum
525 1049 714 1116 contulimus
736 1050 831 1134 plena
851 1048 1078 1116 deliberatione
1101 1048 1210 1116 habita
1230 1049 1281 1133 pie
1302 1053 1337 1114 et
1357 1047 1471 1114 devote
1491 1043 1645 1131 prephate
1665 1042 1797 1110 ecclesie
1811 1041 1914 1109 sancti
1928 1040 1988 1107 Pe-

432 1150 476 1218 tri
496 1149 729 1234 Pozuanicnsis,
752 1152 915 1236 condignis
936 1151 1035 1220 eciem
1055 1169 1093 1219 ac
1114 1150 1271 1218 benevolis
1293 1149 1498 1234 petitionibus
1519 1146 1708 1215 vcucrabffis
1738 1144 1840 1231 patris
1868 1142 1989 1211 domini
2105 1158 2107 1163 ’

432 1249 565 1336 Nicoluy
590 1250 815 1321 Pozuaniensis
843 1253 980 1338 episcopi
1007 1253 1206 1338 acquiescere
1231 1253 1403 1336 cupientes,
1432 1251 1500 1318 iure
1525 1249 1717 1317 hereditario
1746 1250 1989 1332 inperpetuum

432 1351 652 1439 possidendam
674 1373 745 1422 cum
767 1355 853 1422 omni
866 1374 905 1424 eo
925 1357 1004 1438 iure,
1026 1375 1089 1440 quo
1102 1357 1246 1423 universe
1260 1355 1334 1421 ville
1347 1353 1486 1439 gaudent
1500 1354 1631 1436 antique
1644 1352 1776 1420 ecclesio
1792 1348 1988 1435 supradicte

434 1455 483 1524 ita
500 1454 585 1541 quod
603 1456 637 1522 in
656 1456 726 1542 ipsa
746 1456 823 1524 villa
843 1477 901 1543 pro
922 1459 1013 1527 nobis
1041 1465 1075 1526 et
1097 1459 1213 1525 nostris
1242 1455 1475 1524 successoribus
1500 1455 1598 1523 nichil
1624 1453 1836 1522 iuridietiouis
1861 1451 1989 1537 penitas
2106 1444 2111 1526 J

325 1603 329 1612 ·
432 1576 638 1627 resemamus.
683 1559 720 1627 In
740 1559 835 1628 huius
856 1561 954 1645 igitar
975 1567 1082 1630 uostm
1102 1561 1280 1628 donationis
1301 1559 1400 1627 robur
1421 1565 1456 1627 et
1476 1558 1670 1640 memoriam,
1696 1560 1877 1642 presentem
1902 1553 1991 1620 litte-

433 1679 501 1730 ram
521 1667 630 1730 amira
649 1662 752 1747 sigillo
774 1660 905 1732 lecimus
925 1665 1110 1733 communiri
1129 1663 1330 1747 presentibus
1350 1663 1413 1730 hiis
1432 1661 1581 1730 testibus:
1609 1661 1737 1729 domino
1766 1659 1908 1727 Iohanne
1936 1656 1990 1724 de·
2107 1672 2111 1700 ³

2101 508 2285 579 'bor

2234 613 2285 734 v

433 1783 512 1834 cano
534 1764 749 1849 Pomaniensi,
779 1766 907 1835 domino
927 1769 1041 1838 Iacobo
1066 1768 1232 1836 scolastico
1261 1765 1412 1849 eiusdem,
1444 1765 1581 1833 domino·
1600 1763 1742 1833 Iohanne
1768 1761 1991 1854 archidiacono
2107 1768 2111 1849 ξ
2248 1808 2253 1816 ·

432 1866 559 1952 ibidem,
581 1869 698 1938 comite
716 1869 882 1938 Beniamin
907 1872 1048 1956 palatim
1073 1871 1289 1952 Poznsuiensi,
1320 1868 1436 1937 comite
1460 1865 1593 1936 Nicolao
1619 1856 1722 1934 iudice
1746 1852 1842 1933 'eune
1870 1868 1989 1945 nostre,

431 1969 548 2039 comite
578 1970 733 2040 Petrcom
765 1973 938 2041 castellam
970 1974 1010 2042 ds
1042 1973 1190 2042 Sautach.
1234 1972 1353 2040 Datum
1386 1971 1420 2038 in
1452 1970 1579 2039 Pozuan
1611 1989 1695 2038 auno
1724 1968 1830 2055 macie
1861 1964 1990 2035 Domini
2110 2072 2115 2108 ,

433 2071 724 2145 hccmvm
744 2096 802 2162 per
819 2095 931 2146 manus
952 2077 1093 2146 Thilonis
1112 2076 1230 2144 nomrii
1252 2075 1338 2145 curie
1359 2080 1477 2141 nostre.

537 2278 687 2367 Psurevo,
709 2286 864 2356 Praeda
905 2281 1045 2370 moeso,
1066 2287 1231 2351 raam.
1274 2279 1425 2365 saneah,
1450 2283 1577 2347 Saatoh

1116 2580 1192 2667 ΝΥ.
1224 2571 1327 2667 479.

535 2773 695 2860 Prtmlsl
721 2778 800 2861 (lux
824 2776 974 2863 Polemo
1000 2783 1135 2862 1278
1161 2778 1248 2864 Jun.
1273 2783 1323 2876 4,
1349 2777 1393 2860 111
1409 2774 1574 2879 Pomm
1606 2791 1774 2860 confirmat
1791 2792 1992 2878 resimas

432 2912 506 2965 nem
536 2894 723 2966 heeditatis
748 2897 929 2980 Bialolrosz‚
957 2918 1052 2984 quum
1081 2917 1185 2967 comm
1210 2897 1391 2982 Stephanus
1417 2904 1452 2964 et
1479 2895 1580 2964 frater
1607 2896 1676 2963 cius
1705 2913 1811 2963 eomes
1833 2895 1993 2965 Dirsicra·

432 2998 503 3086 pius
523 3000 632 3068 comiti
652 2999 785 3069 Nicolao
804 3001 900 3070 iudici
921 3002 1129 3070 Poznauieusi
1150 3001 1365 3070 vendiderant

536 3103 674 3172 Pomm.
719 3109 838 3186 Kdnipl.
862 3109 1075 3173 Stomrhch
1098 3110 1247 3175 Belerion
1270 3110 1469 3173 Poenaaiear.
1491 3123 1521 3169 a
1542 3105 1713 3184 rorasse
1735 3104 1834 3171 1027.
1915 3183 1917 3188 ,

463 3307 465 3311 ’
534 3306 573 3376 In
594 3309 721 3377 nomine
740 3309 870 3379 Domini
890 3329 992 3380 amen.
1035 3309 1175 3378 Humani
1196 3311 1319 3396 generis
1338 3309 1480 3378 actiones
1501 3308 1656 3377 mnoda
1675 3314 1831 3394 perpetua
1849 3309 1993 3394 indigen·

432 3415 481 3478 tm
502 3409 688 3497 plerumque
709 3410 751 3481 ab
772 3412 934 3481 hominurn
957 3412 1076 3481 botida
1096 3413 1289 3496 dilabuntur,
1308 3431 1371 3498 que
1392 3412 1622 3497 scripturarum
1643 3408 1700 3480 seu
1730 3413 1860 3480 testium
1889 3411 1994 3480 muni·

432 3512 518 3581 mine
539 3532 603 3583 nou
624 3520 826 3583 renovantur.
870 3514 974 3600 Igitur
1001 3534 1060 3583 nos
1086 3515 1221 3584 Premisl
1244 3515 1305 3584 Dei
1332 3516 1442 3602 gracia
1468 3514 1534 3582 dux
1562 3515 1693 3583 Polonie
1723 3521 1835 3582 notum
1860 3515 1993 3585 usmis

356 3628 362 3638 ·
432 3616 587 3686 universis
609 3623 677 3686 mm
699 3616 899 3704 presentibus
917 3637 1013 3703 quarn
1031 3615 1148 3686 laturis
1168 3625 1347 3705 presentem
1375 3618 1525 3704 pagiuam
1550 3617 1751 3702 inspecturis,
1778 3618 1870 3703 quod.
1885 3637 1993 3689 eoram

432 3717 523 3788 nobis
544 3721 726 3805 nostrisque
746 3720 918 3789 baronibus
939 3726 1023 3789 terre
1044 3727 1152 3791 nostre
1170 3722 1358 3807 pocioribus,
1389 3721 1430 3789 de
1449 3721 1593 3788 unanind
1620 3738 1777 3788 consensu
1805 3739 1843 3789 ac
1872 3722 1994 3807 pariter

432 3820 597 3889 voluntate
617 3840 721 3889 comes
743 3820 923 3907 Stephanus
945 3842 1016 3891 cum
1037 3822 1136 3892 fratre
1151 3842 1209 3912 suo
1230 3826 1362 3902 seniore,
1385 3825 1501 3892 comite
1522 3821 1715 3908 Dirsicragio
1737 3822 1779 3891 de
1793 3823 1904 3908 Zycce,
1920 3842 1994 3909 pro·

431 3922 534 4009 priam
555 3923 765 3992 hereditatem
786 3944 849 4009 que
870 3925 1037 3993 Belocosse
1056 3926 1230 4011 vulgariter
1250 3933 1462 4011 nuncupetur,
1493 3927 1601 3995 comiti
1627 3925 1761 3993 Nicolao
1791 3925 1889 3994 iudici
1908 3932 1994 3993 terre

431 4032 550 4110 nostre,
572 4025 638 4095 filio
659 4027 818 4113 quondam
840 4029 965 4095 comitis
985 4029 1149 4114 Predpelei
1179 4029 1278 4097 felicis
1305 4030 1457 4098 memorie
1486 4029 1621 4114 palatini
1650 4029 1876 4097 Pozuaniensis
1898 4035 1993 4112 terra,

432 4146 491 4215 pro
513 4129 716 4214 septuaginta
738 4129 852 4197 marcis
874 4131 997 4214 arpenti
1016 4131 1251 4198 racionabiliter
1271 4132 1491 4199 vendiderunt
1536 4130 1628 4198 Licet
1654 4130 1759 4198 dictus
1788 4149 1893 4198 comes
1919 4131 1993 4201 Dir-

338 4295 341 4302 .
431 4230 563 4300 sicraius
584 4229 685 4300 frater
705 4231 811 4299 senior
829 4232 953 4298 comitis
968 4231 1120 4317 Stephani
1136 4239 1212 4302 tuuc
1234 4236 1384 4319 temporis
1406 4234 1521 4301 absens
1543 4230 1649 4316 buerit,
1672 4239 1790 4317 mmeu,
1812 4241 1849 4302 ut
1867 4235 1908 4303 de
1922 4235 1992 4321 ipso

431 4333 466 4401 in
486 4339 649 4419 posterum
671 4334 759 4401 nulla
780 4332 839 4401 liat
856 4333 1011 4416 dubietas,
1034 4341 1068 4402 et
1082 4336 1166 4420 quod
1181 4332 1307 4420 plenum
1320 4355 1484 4404 assensum
1499 4355 1595 4420 super
1611 4336 1796 4405 racionabili
1811 4337 1994 4406 venditione
2123 4372 2124 4376 =

431 4435 482 4503 sui
499 4433 609 4502 fratris
627 4437 759 4503 iunioris
781 4435 928 4504 exhibere
943 4437 1097 4518 videatur,
1114 4439 1232 4506 <liciam
1254 4441 1466 4508 venditionem
1482 4458 1539 4507 seu
1558 4439 1789 4533 ordinationem
1806 4441 1994 4508 hereditatis

431 4542 598 4621 prenotate
618 4538 668 4605 sui
689 4537 784 4622 sigilli
807 4539 978 4606 munimine
1001 4540 1170 4607 roboravit.
1216 4542 1267 4609 Ita
1296 4549 1413 4624 tamem
1445 4543 1531 4628 quod
1562 4545 1743 4612 nominatus
1773 4562 1877 4611 comes
1897 4542 1938 4610 N.
1960 4549 1995 4610 et

430 4640 603 4724 posteritas
625 4657 684 4706 sua
706 4639 914 4708 hereditatem
935 4643 1185 4726 suprascriptam
1207 4644 1276 4710 iure
1298 4644 1491 4713 hereditario
1514 4646 1548 4713 ln
1569 4649 1756 4730 perpetuum
1779 4645 1885 4713 valeat
1911 4638 1994 4713 obli}

431 4760 515 4826 nere,
536 4741 594 4810 tali
615 4742 783 4810 interiecta
805 4743 996 4826 condicione,
1019 4745 1104 4829 quod
1127 4745 1301 4829 supradicti
1319 4746 1435 4816 fratres
1457 4755 1491 4815 et
1509 4768 1619 4816 corum
1641 4749 1813 4832 posteritas
1842 4767 1899 4815 scu
1919 4767 1994 4816 eon·

431 4843 636 4929 sanguinitas,
660 4845 874 4913 vendicionem
894 4866 998 4913 coram
1021 4849 1111 4915 nobis
1131 4850 1310 4934 nostrisque
1337 4850 1509 4918 baronibus
1536 4850 1774 4918 racionabiliter
1800 4850 1917 4918 inomni
1939 4868 1994 4918 ue·

432 4966 590 5034 quaquam
611 4948 749 5015 audeant
770 4949 802 5014 in
825 4958 986 5033 posterum
1013 4952 1141 5033 violare,
1172 4953 1386 5035 supradictam
1418 4954 1626 5022 hereditatem
1654 4972 1712 5038 pro
1742 4953 1838 5020 simili
1860 4953 1996 5038 pecunia

433 5050 587 5117 redimere
609 5056 666 5118 aut
688 5058 830 5134 repetere
850 5056 1021 5137 cupientes.
1067 5054 1113 5122 Ut
1134 5061 1242 5122 autem
1264 5057 1518 5139 supradictorum
1541 5055 1678 5124 fratrum
1705 5057 1844 5123 venditio
1870 5062 1995 5124 nostra·

328 5161 331 5167 ⁴
431 5171 494 5237 que
515 5153 703 5238 protestatio
732 5159 765 5220 et
794 5156 990 5225 continuatio
1019 5164 1171 5243 perpetuo
1202 5158 1390 5227 inviolabilis
1417 5166 1607 5243 perseveret,
1637 5167 1817 5243 presentem
1846 5161 1994 5244 pagiuam

433 5259 542 5321 nostro
562 5254 665 5339 sigillo
687 5273 757 5321 cum
777 5260 970 5341 appensione
989 5260 1085 5346 simili
1104 5261 1229 5328 consitis
1251 5261 1399 5347 prelibati
1422 5262 1588 5332 Dirsicraii
1616 5261 1745 5347 diqmam
1773 5263 1921 5330 duximus
1943 5281 1994 5331 ro·

2249 2477 2285 2546 Ξ·

2254 3011 2285 3286 &aa
2251 2598 2285 2957 22·5··2

2260 3631 2285 3783 ΦΩ
2259 3426 2285 3580 2-n
2258 3322 2285 3373 Β

2260 3817 2285 3885 ff

2262 3940 2285 4913 -Ξοεηοεςω-ΒΘΕ-Ωβιο

2276 5074 2285 5220 —a—
