4860 6180
432 391 509 471 cot

432 593 507 661 Idus
541 591 697 675 Octobris,
729 613 812 663 anno
845 593 970 661 Domini
1000 590 1267 674 Mccnxxxrn,
1302 590 1479 659 Imlictione
1508 591 1595 675 XIV,
1624 587 1840 676 presentibus:
1870 587 1985 655 comite

431 696 584 764 Petrcone
605 696 776 765 metelliano
799 696 1014 777 Ponnaoiensi,
1036 695 1227 762 Goeromiro
1254 695 1356 763 iudice
1381 695 1596 776 Poenaniensi,
1628 695 1760 761 biberto
1782 691 1985 771 laetemrica,

431 799 559 867 domino
579 797 748 866 Vincentio
769 801 928 885 preposito
949 798 1157 871 Pennaniernsi
1178 802 1211 863 et
1233 804 1342 863 nostro
1364 797 1560 878 carrceilorio,
1583 797 1735 880 magistro
1757 794 1910 877 Gregorio
1931 793 1986 859 de·

431 920 511 970 cano
532 900 749 985 Poananiensi,
771 904 915 988 Philippo
937 901 1156 971 archidiacono
1179 900 1367 966 Gnonreusi.
1412 900 1480 984 Ego
1500 899 1632 967 lacobus
1654 899 1806 980 rretarius,
1836 897 1877 963 de
1897 914 1987 963 man·

431 1004 508 1074 rato
525 1004 645 1072 domini
665 1005 729 1072 mci
749 1006 838 1074 ducis
859 1006 970 1090 scripsi
991 1011 1025 1072 et
1045 1023 1141 1072 manu
1161 1003 1290 1086 propria
1309 1002 1454 1087 sigillavi.

535 1174 748 1276 Trcczcnm
775 1178 943 1244 chbar‘co.

1060 1586 1062 1591 Ι
1098 1471 1173 1556 Nr.
1214 1467 1315 1557 530.

538 1665 724 1752 Secundus
751 1667 909 1751 Premid
936 1670 1014 1751 dna
1040 1666 1190 1751 Polonie
1218 1671 1351 1750 1283
1377 1665 1460 1749 Dec.
1486 1668 1561 1768 31,
1587 1665 1631 1749 in
1647 1665 1776 1768 Kalia3
1797 1682 1855 1750 act
1880 1681 1987 1765 uosm-

434 1788 493 1858 tali
514 1806 540 1856 s.
563 1786 700 1872 Spiritus
723 1788 757 1855 in
774 1788 882 1855 Kalisz
905 1788 1063 1874 quoddam
1084 1787 1216 1855 fundum
1237 1794 1313 1856 ante
1334 1789 1496 1854 civitatem
1517 1787 1711 1871 praedictam
1732 1787 1838 1853 situm.

543 1893 739 1971 maneret
761 1897 948 1973 erypinalap,
967 1895 1194 1972 poemtmdzonp
1209 1911 1318 1970 prm:
1340 1889 1562 1974 sigismundus
1583 1908 1640 1956 rex
1658 1888 1787 1955 Potonie
1809 1892 1871 1954 eta
1900 1883 1986 1951 1539

436 1991 522 2078 Sept.
544 1991 574 2075 1,
596 1991 999 2074 emmeramme
1020 1999 1152 2075 crypta,
1174 2013 1196 2057 a
1216 1993 1342 2073 ltdrepe
1351 1998 1582 2074 przprcicszoaa
1591 1992 1719 2078 preesse
1727 1994 1933 2071 pnedstavta
1945 2007 1989 2053 no

435 2078 664 2175 maamad?
679 2105 785 2177 tarczp
806 2097 870 2160 imo
892 2101 904 2160 i
924 2099 973 2159 410
1003 2099 1082 2161 Orto
1102 2118 1130 2160 n
1150 2099 1293 2172 baronia·
1312 2092 1371 2160 211⁰
1393 2100 1405 2160 i
1424 2093 1485 2159 3⁸⁹0
1507 2092 1622 2176 Popori.

539 2202 650 2263 Kalaa.
694 2200 820 2262 mian.
842 2199 999 2284 chdm
1044 2201 1225 2279 Dmlomota
1271 2256 1273 2260 ,

538 2366 577 2434 In
597 2367 724 2434 nomine
745 2367 871 2434 Domini
893 2386 995 2436 amen.
1040 2367 1125 2436 Dum
1145 2368 1224 2434 vivit
1245 2368 1355 2436 littera
1374 2369 1454 2435 vivit
1474 2373 1509 2435 et
1531 2367 1615 2436 actio
1637 2366 1772 2435 comissa
1796 2365 1914 2448 littere,
1934 2383 1989 2432 ca·

434 2469 484 2536 ius
501 2469 638 2537 assercio
659 2468 763 2536 nutrit
782 2470 963 2536 memoriam
986 2477 1020 2537 et
1040 2470 1189 2538 roborata
1207 2471 1340 2554 suscipit
1361 2471 1599 2538 incrementum.
1624 2469 1733 2554 ¹Igitur
1753 2487 1812 2536 nos
1832 2467 1990 2535 secundus

433 2569 569 2640 Premial
590 2570 650 2639 Dei
671 2571 780 2657 gracia
797 2570 861 2638 dux
881 2552 1009 2639 Polonie
1032 2577 1143 2639 notum
1165 2571 1297 2640 iacimus
1324 2573 1479 2640 universis
1506 2579 1574 2640 mm
1603 2572 1803 2658 presentibus
1823 2589 1919 2657 quam
1940 2570 1990 2637 iu·

433 2675 516 2743 turis
536 2676 714 2761 presentem
735 2676 882 2760 paginam
904 2675 1103 2759 inspecturis,
1125 2676 1210 2759 quod
1231 2676 1272 2743 ob
1294 2677 1507 2743 reverenciam
1525 2675 1586 2743 Dei
1607 2680 1642 2742 et
1659 2675 1761 2742 sancti
1783 2674 1932 2759 Spiritus,
1956 2675 1990 2740 in

433 2777 711 2861 remissionemque
738 2783 918 2844 nostrerum
942 2779 1165 2861 peccaminum,
1190 2779 1250 2862 piis
1273 2779 1374 2845 eciam
1396 2784 1430 2846 et
1448 2778 1612 2862 condignis
1631 2775 1839 2862 peticionibus
1853 2775 1989 2843 honora·

434 2877 507 2945 bilis
528 2879 588 2945 viri
616 2877 724 2945 fratris
746 2877 881 2961 Lipoldi‚
903 2880 1097 2963 preceptoris
1118 2881 1319 2964 provincialis
1341 2881 1482 2948 eiusdem
1505 2880 1632 2947 Ordinis
1654 2899 1711 2964 per
1725 2879 1898 2959 austriam,
1921 2876 1990 2944 Un-

433 2979 554 3064 gariam
575 2988 609 3048 et
628 2980 802 3061 Poloniam,
824 2980 1021 3064 acquiescere
1044 2982 1214 3067 cupientes,
1238 2983 1351 3064 locum,
1379 2982 1510 3048 fundum
1534 2988 1568 3050 et
1596 3000 1703 3049 aream
1725 2983 1758 3049 in
1779 2982 1923 3068 ingressu
1945 2981 1989 3046 ci-

435 3081 547 3149 vitatis
565 3087 673 3150 nostre
694 3081 889 3164 Kalisiensis,
911 3081 996 3150 infra
1016 3090 1142 3168 portam
1161 3085 1202 3150 ad
1223 3103 1351 3152 manum
1373 3084 1530 3167 dextram,
1551 3085 1585 3151 in
1604 3103 1643 3152 ea
1663 3090 1756 3169 parte
1770 3101 1833 3168 qua
1848 3083 1990 3150 intratur

436 3182 476 3251 de
496 3183 574 3252 villa
594 3183 740 3266 Thineca,
762 3203 820 3269 pro
841 3184 991 3269 hospitali
1010 3187 1112 3254 sancti
1134 3185 1272 3270 Spiritus
1292 3187 1335 3253 ad
1356 3189 1579 3272 reoepcioaem.
1593 3206 1766 3272 pauperum
1793 3192 1827 3253 et
1851 3185 1990 3252 infirmo·

435 3305 506 3352 rum
528 3286 649 3368 morus,
672 3287 826 3354 tradimus
852 3294 886 3354 et
912 3288 1143 3370 confirmamus,
1172 3289 1270 3357 libere
1299 3296 1333 3356 et
1359 3292 1467 3375 quiete
1493 3290 1527 3357 in
1549 3295 1737 3374 perpetuum
1758 3287 1989 3372 possideudm

381 3432 392 3447 -
435 3387 483 3456 Ut
502 3394 609 3457 autern
630 3389 688 3457 hec
702 3395 813 3456 nostra
832 3390 1031 3458 racionabilis
1050 3390 1181 3458 donacio
1203 3410 1259 3458 seu
1281 3391 1480 3460 confirmacio
1500 3397 1654 3476 perpetuo
1668 3397 1702 3457 et
1715 3389 1905 3458 inviolabilis
1919 3408 1991 3474 per·

432 3499 566 3572 sereret
586 3498 764 3576 presentem
786 3492 931 3576 pagiuam
953 3494 1056 3559 nostri
1076 3495 1172 3577 sigilli
1200 3495 1373 3561 munimine
1401 3495 1549 3562 duximus
1571 3493 1844 3568 confirmandam..
1871 3491 1990 3560 Datum

434 3593 466 3660 in
488 3593 580 3661 Kalis
609 3613 692 3662 anno
713 3595 899 3663 Nativitatis
926 3594 1051 3662 Domini
1080 3597 1247 3663 millesimo
1272 3597 1488 3665 ducentesimo
1515 3597 1729 3680 octuagesimo
1758 3593 1866 3677 tercio,
1890 3594 1991 3677 pridie

434 3694 595 3764 Kalendas
615 3695 764 3779 hnuarii,
787 3697 964 3765 indiccione
983 3697 1157 3782 undecima,
1179 3717 1237 3782 per
1257 3717 1369 3766 manus
1389 3701 1533 3769 Thilonis
1555 3699 1672 3767 notarii
1690 3698 1777 3766 curie
1798 3703 1916 3765 nostre

538 3864 683 3949 Thimea,
705 3865 831 3952 Tyniee

1105 4065 1179 4150 Nc.
1211 4062 1312 4151 531.

536 4272 816 4359 lierkenboldas
843 4273 1042 4358 dneznens.
1070 4280 1107 4359 et
1132 4278 1337 4363 Kaliaiens.
1363 4280 1559 4384 palatinus
1587 4282 1723 4361 1284
1757 4279 1782 4362 J
1783 4272 1853 4362 an,
1871 4282 1921 4378 6,
1948 4279 1990 4360 in

432 4393 598 4498 Zneynat
615 4412 713 4478 donat
732 4412 839 4478 villam
858 4430 948 4478 suam
971 4412 1142 4481 Ostrowite
1164 4416 1414 4500 I‘rpmasowskie
1436 4418 1588 4485 eeclesiae
1609 4417 1797 4484 Gnezneosi.

537 4514 678 4594 Perpem.
700 4520 815 4594 orypin.
860 4518 907 4578 No
932 4519 1072 4594 perlecti
1096 4526 1265 4598 perpetrabo.
1296 4531 1365 4603 trzp
1390 4527 1544 4607 pteczpcie
1569 4525 1813 4601 przypieszonm
1836 4525 1988 4599 plemma

440 4622 597 4682 Wactomo
618 4629 763 4696 (pteezec
781 4628 911 4693 xxl11);
937 4621 1097 4699 zelerepie'j
1107 4628 1248 4701 potestat
1274 4627 1353 4703 lpide
1365 4628 1480 4703 paret·
1501 4629 1616 4688 trzecio
1626 4627 1857 4704 permaneam,
1877 4627 1989 4704 przed·

432 4727 539 4785 sraela
564 4725 628 4800 ped
652 4723 787 4799 deputem
816 4725 982 4801 polycliem
1010 4725 1182 4788 cimborium
1212 4730 1333 4812 stojpcp
1361 4729 1448 4812 θεοὺς
1469 4726 1628 4812 mdeenp
1649 4747 1677 4789 n
1695 4746 1812 4807 merrae,
1835 4728 1990 4806 btopeelo·

432 4828 528 4910 niqra
550 4827 693 4909 tlfczpcp
711 4827 811 4901 praed
829 4828 882 4908 reip
904 4827 1004 4910 diripe
1026 4829 1127 4912 oseb5·,·
1148 4833 1240 4908 capris
1255 4831 1429 4909 orituraeny.

542 4930 683 4991 Gniezno.
729 4929 847 4990 Arabio.
875 4932 1007 5006 t'opitoli
1028 4932 1186 5010 Metropol.
1211 4933 1267 4996 Nr.
1290 4934 1341 4996 37.

535 5096 573 5163 In
595 5096 720 5163 nomino
742 5096 867 5162 Domim
889 5116 990 5165 omen.
1034 5099 1154 5166 Notum
1180 5101 1223 5166 sit
1245 5102 1391 5168 omnibus
1414 5102 1472 5168 boc
1494 5101 1648 5184 scriptum
1677 5100 1801 5181 visuris,
1825 5100 1910 5184 quad
1933 5120 1992 5186 ego

432 5197 673 5266 Herkenboldus
694 5199 940 5265 annominasset
962 5201 1148 5268 Kalisiensis
1170 5203 1340 5286 palatinus,
1360 5223 1418 5289 pro
1439 5223 1477 5270 eo
1499 5204 1584 5289 qued
1607 5203 1761 5270 decimam
1783 5203 1992 5288 archiepisco·

432 5302 536 5387 palem
557 5301 631 5367 ville
652 5321 720 5368 mee
738 5302 778 5367 de
799 5303 959 5368 Ostrovite
986 5303 1026 5369 de
1052 5302 1111 5372 XV
1134 5306 1252 5372 aratris
1278 5307 1353 5374 sale
1382 5312 1517 5374 vacante
1542 5305 1709 5373 duodecim
1736 5306 1829 5371 arinis
1850 5312 1905 5372 ten
1928 5306 1938 5372 i
1959 5313 1995 5374 et
2122 5319 2126 5326 ’
