4860 6180
508 478 584 570 ldb

507 699 639 778 mrcrct,
662 693 773 780 sigillis
794 694 855 762 mei
877 700 911 762 ct
938 689 1078 781 Oapituli
1108 687 1238 762 fecimus
1265 691 1459 762 communiri.
1505 692 1572 779 Ego
1598 687 1720 762 anelro
1749 681 1966 761 thesaurarius
1995 684 2051 760 do·

507 797 742 884 miniepiscopi
763 797 984 868 Poznnuieusis
1005 799 1066 866 biis
1086 797 1224 880 interlui,
1246 797 1339 865 etde
1359 798 1508 866 mandato
1529 799 1668 885 episcopi
1689 799 1754 867 ista
1774 797 1955 882 conscripsi.

507 1107 544 1177 Μ
619 1003 717 1087 Gora,
759 1004 848 1073 dira
899 1005 1142 1091 emersisse
1181 1009 1297 1071 exeret
1348 1004 1497 1088 Varseva,
1526 1010 1708 1071 Wcmurou
1752 1004 1903 1087 Neeecna,
1935 1006 2051 1070 Necti.

543 1126 645 1191 meio,
670 1113 775 1196 urge.

1073 1409 1147 1496 Nr.
1179 1405 1279 1496 600.
1326 1403 1487 1510 (3312)

614 1601 770 1688 Prcmlrd
796 1603 873 1687 llllx
899 1604 1049 1690 Polunie
1075 1628 1106 1690 d.
1132 1628 1165 1690 t.
1192 1606 1226 1688 d
1253 1607 1290 1689 di
1314 1604 1359 1708 l.;
1384 1621 1528 1690 concedit
1548 1621 1740 1689 monasterio
1764 1619 1805 1687 de
1831 1618 1909 1706 Lad,
1939 1625 1977 1687 ut
1997 1618 2056 1686 vil·

510 1723 575 1793 hm
595 1723 691 1793 Wola
710 1723 849 1812 Mdzka
869 1727 958 1795 cuius
980 1727 1098 1795 incolas
1116 1726 1259 1812 pluribus
1282 1724 1483 1793 libertatibus
1508 1724 1610 1808 dotet,
1638 1724 1708 1791 iure
1733 1723 1926 1791 'lbeutouico
1948 1721 2055 1803 locare

510 1826 816 1998 morosane.
860 1935 952 2009 nne
969 1932 1104 2015 paup.
1126 1937 1300 2001 maerere·
1319 1936 1358 1998 oe
1378 1935 1454 2020 rec,
1477 1951 1550 2014 pap.
1570 1932 1624 1996 ²5.

615 2136 655 2206 Iu
681 2137 807 2206 nominc
836 2137 963 2207 Domini
985 2157 1086 2207 nmen.
1130 2139 1241 2208 Omnis
1262 2139 1346 2207 ectio
1367 2137 1559 2224 temporalis,
1580 2136 1733 2205 memoria
1749 2134 1902 2220 indigens,
1923 2153 1964 2201 ue
1984 2152 2058 2219 prs·

515 2258 626 2309 rorum
656 2239 817 2309 bominum
846 2242 1096 2327 suggestionibus
1125 2244 1323 2330 depravetur,
1344 2242 1424 2309 utile
1443 2243 1544 2310 visum
1566 2245 1625 2323 est,
1645 2245 1684 2307 ut
1700 2238 1857 2322 scripture
1878 2238 2058 2306 testimonio

514 2341 690 2427 roboretur,
716 2350 751 2412 et
770 2344 895 2412 iustitia
913 2345 1053 2413 debitum
1073 2346 1228 2414 sortimur
1245 2344 1400 2413 ellectum.
1444 2343 1538 2412 Unde
1558 2343 1703 2410 noverint
1722 2342 1861 2409 universi
1881 2346 2059 2425 presentem

514 2445 662 2531 pugium
687 2446 796 2529 visuri
822 2446 906 2530 quod
928 2466 986 2515 nos
1007 2447 1140 2516 Promisi
1158 2448 1218 2516 Dei
1238 2447 1347 2532 gracia
1367 2447 1432 2514 dux
1452 2445 1592 2528 Polouie,
1611 2445 1773 2529 cupientes
1793 2463 1857 2529 que
1876 2444 1918 2512 ad
1938 2443 2060 2512 cultum

514 2546 613 2616 divini
634 2548 768 2616 nominis
790 2555 936 2634 spectent
956 2549 1073 2618 nostris
1098 2549 1292 2636 temporibus
1312 2549 1420 2634 pocius
1440 2549 1549 2634 augeri
1569 2567 1665 2633 quam
1685 2548 1829 2630 dminui,
1851 2553 1886 2614 ct
1906 2565 1945 2614 ea
1962 2551 2059 2631 prout

378 2641 383 2654 '
514 2668 681 2737 posumus
694 2649 823 2719 liberius
837 2652 1081 2738 confovere(sic).
1104 2653 1300 2739 Quapropter
1313 2669 1371 2719 nos
1389 2652 1624 2736 progenitorum
1645 2657 1827 2719 nostrorum
1848 2651 2056 2731 devotionem,

516 2771 612 2838 quam
638 2771 761 2838 semper
788 2753 967 2822 hebuerunt
992 2774 1068 2840 erge
1088 2755 1214 2823 domum
1236 2755 1441 2835 Landeusem
1460 2754 1514 2838 pio
1534 2760 1759 2838 prosequentes
1779 2753 1904 2835 affeetu,
1927 2751 2061 2820 contuli·

516 2873 587 2924 mus
615 2856 741 2923 domium
763 2856 808 2925 Μ.
837 2857 944 2925 abbati
967 2858 1078 2925 domus
1103 2858 1242 2926 eiusdem
1269 2864 1303 2925 et
1326 2857 1392 2924 suis
1412 2855 1563 2924 frutribus
1584 2856 1868 2941 interpellantibus,
1889 2855 2062 2924 auctome-

517 2963 583 3027 tmn
611 2957 734 3027 locsudi
762 2959 869 3027 villam
890 2960 974 3028 inter
993 2959 1122 3028 durium
1144 2959 1271 3028 Wirbec
1292 2964 1326 3026 et
1346 2958 1482 3026 rivulum
1501 2960 1558 3044 qui
1579 2959 1704 3027 liccem
1724 2967 1865 3041 vocetur,
1887 2960 1978 3026 iuxta
1997 2957 2063 3026 Do·

448 3101 453 3112 ⁴
516 3059 601 3147 noy,
626 3079 698 3128 cum
724 3061 925 3129 ibentonieis
953 3069 987 3129 et
1015 3061 1123 3130 liberis
1143 3061 1270 3131 Polonis
1294 3062 1388 3146 pleno
1408 3062 1477 3128 iure
1497 3061 1772 3144 Tbeutouicorum,
1793 3081 1889 3147 quem
1910 3060 2059 3130 Liberam

517 3163 625 3232 vilhm
647 3163 856 3249 appellamur.
902 3164 1059 3248 ceterum,
1088 3170 1127 3232 ut
1153 3172 1319 3249 parentium
1340 3169 1520 3233 nostrorum
1542 3166 1717 3234 imitatores
1738 3165 1844 3233 idonei
1864 3165 1946 3233 effici
1963 3183 2063 3233 mere·

518 3285 619 3350 amur,
647 3266 838 3336 absolvimus
864 3269 990 3337 colonos
1013 3270 1047 3336 iu
1077 3267 1201 3353 prefata
1231 3268 1306 3335 villn
1331 3275 1561 3337 commorantes
1588 3270 1621 3336 iu
1646 3276 1834 3354 perpetuum
1855 3267 1896 3335 ab
1916 3268 2062 3336 omnibus

518 3369 739 3454 solutionibus,
760 3370 985 3454 exactionibus,
1007 3372 1143 3439 vecturis
1164 3390 1202 3439 ae
1223 3372 1335 3439 ceteris
1356 3371 1504 3456 angariis,
1526 3389 1583 3439 seu
1603 3371 1747 3439 omuibus
1768 3371 1889 3438 iuribus
1909 3370 1943 3438 in
1970 3369 2062 3440 Polo·

518 3472 574 3542 uls
593 3474 788 3556 constitutis3
807 3474 867 3541 boc
888 3475 955 3542 solo
975 3481 1116 3559 excepto,
1137 3476 1165 3542 si
1184 3475 1299 3560 udonis
1321 3481 1431 3543 cosma
1451 3476 1623 3544 dominium
1645 3482 1788 3544 nostrum
1809 3474 1962 3542 insultum
1984 3472 2065 3542 iece-

519 3575 574 3661 rit,
595 3576 681 3662 qnod
700 3576 803 3646 coloni
824 3577 981 3662 sepediete
1001 3577 1075 3646 ville
1095 3597 1159 3644 nna
1179 3577 1341 3646 nobiscum
1362 3579 1554 3647 tenebuntur
1574 3579 1747 3648 defensare
1780 3579 1850 3647 Hoc
1870 3578 2063 3660 condentes,

520 3684 559 3747 nt
579 3679 665 3765 apud
685 3698 739 3748 eos
761 3681 861 3748 nostri
880 3681 924 3748 sit
947 3680 1093 3765 frequens
1123 3683 1273 3750 memoria
1296 3683 1331 3749 iu
1357 3681 1553 3750 orationibus
1575 3683 1728 3767 ipsorum:
1751 3680 1948 3749 concedimus
1969 3679 2065 3747 iudici

522 3780 587 3850 hm
613 3782 698 3850 dicte
721 3782 806 3865 ville,
839 3783 954 3868 siqua
977 3784 1061 3867 apud
1079 3803 1152 3852 eum
1183 3783 1299 3852 iudicin
1323 3804 1439 3870 magna
1466 3803 1522 3852 seu
1548 3785 1657 3869 maria
1682 3785 1876 3865 emerserint,
1896 3783 2067 3851 adsumus

521 3883 661 3971 ipsorum
682 3886 820 3954 cidtatis
841 3905 904 3972 que
924 3887 1040 3955 Koseol
1060 3887 1178 3956 dicitur
1197 3888 1324 3971 iudicet,
1343 3889 1426 3956 sicut
1443 3907 1483 3954 ex
1503 3890 1635 3972 subque
1648 3888 1896 3955 iurisdictionem
1911 3906 1932 3953 a
1945 3885 2063 3952 uostris

521 3987 772 4074 progenitoribus
793 3988 1007 4072 obtinuerunt,
1028 3989 1106 4057 nulli
1128 3989 1266 4058 iudicum
1286 3997 1345 4058 eut
1363 3990 1605 4059 castellanorum
1626 4009 1683 4058 scu
1705 3990 1925 4058 advocatorum
1948 3989 1982 4055 in
1996 4007 2067 4073 pre·

522 4090 634 4161 bsbitn
652 4093 728 4159 silla
749 4093 799 4160 ius
819 4093 947 4181 aliquod
969 4099 1174 4162 reservantes.
1217 4093 1265 4163 Ut
1282 4100 1389 4162 nutem
1410 4094 1470 4161 hoc
1491 4101 1634 4162 nostruin
1655 4092 1775 4161 iactum
1794 4093 1992 4160 inhonorem
2007 4089 2066 4157 Dei

394 4263 398 4270 .
523 4200 698 4280 sancteque
718 4195 819 4263 Marie
841 4208 964 4281 semper
984 4196 1114 4281 virginis
1136 4197 1233 4264 robur
1253 4202 1404 4280 perpetue
1429 4197 1589 4263 firmitatis
1610 4194 1762 4276 obtineat,
1784 4200 1960 4279 presentem
1981 4192 2069 4276 pugi-

523 4316 600 4367 nam
621 4298 655 4366 ln
676 4298 769 4366 buius
790 4300 836 4366 rei
855 4300 1068 4367 testimonium
1089 4300 1184 4384 sigilli
1206 4300 1307 4366 nostri
1328 4300 1521 4383 appensione
1541 4297 1670 4366 lecimus
1689 4297 1883 4365 communiri.
1909 4296 1969 4376 lta,
1984 4293 2068 4379 quod

523 4400 619 4486 sbsit,
640 4402 669 4468 si
688 4401 802 4486 uliquis
823 4421 1036 4470 succoesorum
1056 4411 1233 4471 nostrornm
1257 4403 1329 4470 huic
1350 4402 1433 4469 lacto
1455 4423 1535 4470 ausu
1555 4403 1721 4471 temerario
1736 4401 1892 4469 contraire
1906 4418 2070 4484 presump-

523 4505 612 4586 serit,
633 4503 845 4572 maledictioni
866 4505 1005 4572 omnium
1027 4503 1213 4573 Sanctorum
1234 4510 1393 4573 merentur
1414 4505 1643 4591 imperpetuum
1664 4504 1834 4573 subiacere

628 4708 812 4792 Lentiensis,
834 4714 872 4775 de
893 4713 965 4796 lod.
1011 4709 1058 4776 ll.
1081 4708 1217 4793 Wirbez,
1246 4713 1408 4777 Werzbiec
1428 4722 1543 4789 struem..
1562 4732 1671 4793 presby
1700 4715 1864 4793 przpplyae
1880 4731 1924 4774 rz.
1953 4712 2069 4776 Wurlu.

525 4811 1245 4895 Rlvul.Reccba(rzeczoa),1myprappepe
1272 4824 1377 4880 elnon.
1406 4817 1579 4881 Wierzbiec.
1623 4813 1758 4899 Doldny,
1785 4818 1912 4893 Morte.
1956 4811 2072 4880 Libera

429 4989 440 4998 p
526 4915 611 5000 villu,
638 4919 721 4981 Woln
743 4920 878 5005 lpdzlrcn
924 4915 1044 4982 civitas
1064 4915 1191 4999 Koscol,
1213 4917 1346 4996 duaorie'j
1365 4917 1497 4984 eoelcsia
1516 4936 1542 4985 s.
1565 4917 1699 5002 Nicolni,
1721 4918 1788 4982 aas
1807 4937 1845 4980 nt
1866 4919 1979 5005 ludet.
