4860 6180
500 411 578 490 454

600 617 647 680 Ba
666 617 853 680 manain
874 623 904 682 et
924 617 1134 682 mactum
1178 610 1382 680 Prohibemus
1403 610 1462 680 sub
1482 629 1566 696 pona
1580 598 1909 679 excommunicationis
1923 614 1957 678 et
1970 627 2037 678 ma·

496 736 558 804 gna
578 715 707 785 carendo
725 734 781 783 seu
801 717 1034 799 satisfactionis,
1056 736 1096 783 ne
1109 715 1213 798 ulique
1228 734 1359 799 persone
1373 715 1572 782 consentiant
1583 714 1859 782 matrimonialiter
1872 733 1929 798 per
1942 712 2038 781 verba

496 820 538 889 de
556 818 705 906 presenti,
727 820 826 888 donec
839 821 904 887 siut
917 827 991 888 arim
1011 821 1092 887 foras
1112 817 1251 900 melesio,
1274 819 1399 902 quando
1413 818 1508 885 debet
1520 817 1672 900 nuptialis
1686 817 1861 884 benefictie
1875 815 2036 884 celebrari.

496 923 635 993 Possunt
652 928 757 992 tamen
778 925 869 1009 quasi
890 926 965 992 darc
987 924 1078 992 fidem
1101 923 1141 990 dc
1161 924 1361 990 matrimonio
1383 921 1595 990 ocrrtrabendo
1617 921 1701 988 iuter
1721 938 1767 1001 se,
1794 921 1822 986 si
1847 925 1959 987 sancta
1979 919 2040 986 Ee·

498 1026 594 1095 clmia
620 1025 653 1093 id
680 1029 797 1111 poterit
822 1029 987 1109 sustinone,
1016 1034 1050 1095 et
1077 1028 1136 1094 hoe
1164 1033 1270 1094 mmon
1287 1025 1345 1092 liat
1366 1027 1436 1092 sine
1466 1024 1624 1109 presentia
1650 1023 1822 1091 sucerdotis
1843 1021 2039 1106 parochialis.

498 1128 812 1199 Oontmvenientibus
825 1131 954 1198 ecclesio
975 1130 1181 1197 interdicatur
1202 1130 1370 1211 ingressus,
1388 1128 1497 1210 donee,
1526 1126 1741 1195 sadsfactioue
1769 1127 1930 1209 premissa,
1956 1124 2040 1210 quod

498 1233 631 1302 ulterius
649 1235 682 1301 ia
696 1233 811 1300 talibus
830 1252 893 1300 non
907 1234 1067 1316 excebm,
1088 1233 1128 1299 ad
1151 1232 1386 1317 requisitionem
1399 1232 1448 1298 sni
1464 1231 1652 1315 parochianis
1666 1229 1848 1312 sacculotis,
1870 1231 1925 1314 qui
1945 1230 1978 1296 iu
1994 1227 2041 1296 ta·

499 1335 582 1405 libus
604 1336 755 1403 interesse
772 1335 890 1416 debuit
913 1337 1109 1421 prostiterint
1130 1336 1315 1403 mutierem.
1359 1334 1429 1401 Hoc
1449 1341 1557 1401 autem
1578 1338 1744 1415 statutum,
1766 1333 1862 1400 serud
1880 1332 1921 1399 ad
1938 1333 2042 1399 minus

499 1440 534 1506 in
553 1456 669 1520 mense,
690 1439 724 1504 in
743 1437 852 1522 aliqua
871 1438 923 1505 dia
944 1438 1075 1506 solemni
1095 1457 1152 1524 per
1172 1438 1319 1506 ecclesias
1347 1437 1472 1522 publiea
1497 1455 1555 1521 per
1583 1435 1723 1521 singulos
1744 1435 1941 1521 parochiales
1961 1453 2041 1502 nun·

420 1598 425 1608 .
500 1542 603 1611 cietur
623 1539 831 1628 presbyteros.
1956 1541 1957 1545 ’

603 1649 649 1712 oe
668 1649 865 1710 mmmm
878 1651 1011 1712 madia.
1055 1643 1258 1712 chudestina
1277 1643 1479 1710 matrimonia
1510 1642 1635 1728 penitus
1659 1641 1846 1724 iuhibemus
1875 1640 2042 1727 prohiben-

501 1754 551 1818 tes
570 1765 726 1834 axpressa,
749 1766 790 1814 ue
811 1748 882 1831 quis
899 1747 1044 1815 sacerdos
1067 1748 1183 1816 talibus
1204 1749 1356 1814 iuteresse
1376 1752 1553 1831 presumat3
1582 1750 1774 1813 statuentes:
1803 1750 1842 1812 ut
1861 1763 1958 1828 quum
1975 1763 2043 1811 ma·

501 1851 650 1920 almona
669 1849 787 1917 luerint
808 1850 1029 1932 conhabendo,
1050 1850 1227 1935 presbyteri
1248 1849 1372 1934 publice
1392 1855 1581 1934 proponant,
1603 1841 1794 1933 competenti
1815 1848 1950 1915 termino
1971 1865 2042 1931 pre-

499 1953 599 2037 finito,
621 1960 659 2022 ut
679 1957 792 2021 matra
808 1952 888 2020 iilud
908 1954 964 2036 qui
984 1953 1121 2021 voluerit
1141 1953 1314 2037 legitimum
1340 1951 1599 2035 impedimentum
1625 1957 1780 2037 opponat;
1802 1956 1836 2018 et
1861 1952 1957 2019 etiam
1981 1949 2043 2034 ipsi

499 2055 674 2143 presbyteri
694 2054 914 2123 nichilominus
930 2055 1127 2139 investigent,
1150 2061 1258 2122 utrum
1282 2055 1410 2140 aliquod
1437 2054 1695 2138 impedimentum
1719 2054 1863 2122 obsistat
1907 2051 1941 2120 Si
1963 2051 2045 2121 forte

499 2158 670 2246 pmbabilis
690 2159 838 2244 apparuit
859 2158 1039 2226 coniectura
1066 2163 1178 2226 contm
1199 2157 1343 2243 copulam
1369 2158 1624 2239 contrahendam,
1652 2163 1834 2227 contractus
1856 2155 2044 2240 impediatur

499 2281 655 2349 expresse,
674 2263 782 2345 doum,
802 2262 879 2346 quid
899 2261 968 2329 fieri
987 2280 1081 2348 snper
1101 2281 1139 2329 eo
1160 2263 1282 2342 debeat,
1305 2261 1481 2329 manifestis
1503 2262 1681 2330 constiterit
1701 2259 1906 2328 documentis
1941 2257 1976 2326 si
1987 2276 2044 2326 au·

500 2370 566 2434 mm
582 2367 617 2433 in
637 2367 870 2451 computatione
895 2365 1048 2449 graduum
1076 2365 1184 2450 aliqua
1208 2364 1365 2432 dubitatio
1388 2367 1567 2446 emerserit
1589 2365 1623 2431 in
1650 2363 1711 2432 hoe
1738 2363 1879 2431 definitio
1906 2362 2043 2447 episcopi

500 2469 690 2554 requiratur.
732 2467 800 2535 Nec
817 2468 962 2536 sacerdos
983 2469 1116 2553 quisque
1136 2467 1251 2534 audeat
1271 2469 1304 2534 iu
1326 2486 1401 2534 casu
1421 2467 1517 2535 dubio
1539 2467 1688 2552 perficere
1719 2466 1954 2536 matrimonium
1980 2465 2046 2550 epi·

500 2587 596 2657 ampo
616 2570 807 2653 inconsulto;
826 2588 861 2638 se
882 2570 923 2637 ad
945 2572 1124 2656 episcopum
1144 2570 1262 2639 referat
1282 2571 1407 2655 quaudo
1418 2571 1613 2638 emerserint
1626 2588 1722 2655 super
1740 2570 1947 2637 matrimoniis
1966 2587 2042 2652 que·

501 2673 631 2741 stiones
674 2671 805 2759 Semper
832 2672 1020 2758 prohibeant
1053 2674 1230 2742 ammonas
1256 2674 1316 2742 sub
1343 2693 1426 2760 pena
1449 2673 1778 2742 excommunicationis
1803 2691 1898 2757 super
1925 2672 2046 2757 nuptiis

605 2881 651 2944 Ne
675 2885 856 2960 oomapotm
881 2883 925 2944 od
951 2883 1072 2945 ordines
1097 2885 1277 2961 recipiototr.
1320 2879 1515 2948 Prohibeant
1543 2878 1640 2948 etiam
1672 2879 1851 2947 sacerdotes
1878 2877 1938 2946 sub
1964 2896 2048 2963 pena

502 2982 830 3051 excommunicationis
851 2983 884 3049 in
905 2982 1046 3064 ecclesia,
1067 3001 1108 3050 ne
1129 2983 1212 3050 alter
1234 2983 1400 3067 coniugum
1421 2982 1464 3049 ad
1486 2983 1667 3067 religionem
1686 2987 1837 3064 nauseat,
1860 3000 1922 3049 uec¹
1938 2987 2046 3050 votum

445 3123 451 3135 ·
502 3083 693 3153 madueutie
714 3085 814 3170 ipsius
834 3085 1031 3168 admittatur,
1053 3103 1111 3153 uec
1136 3087 1177 3152 ad
1198 3087 1381 3171 religionem
1402 3086 1544 3170 aliquam
1565 3086 1746 3171 recipiatur,
1768 3086 1829 3152 nisi
1851 3104 1908 3170 per
1928 3085 2047 3170 episco-

502 3205 578 3272 pum
599 3185 798 3255 dioooeanum
816 3186 875 3255 boc
897 3186 993 3255 luerit
1012 3186 1101 3272 prius
1122 3188 1298 3273 probatum.
1328 3189 1498 3257 Pmddeat
1512 3176 1581 3256 hin
1594 3189 1788 3270 diocessuus
1811 3189 1895 3272 quod
1913 3205 2048 3272 persona

357 3358 359 3363 ,
503 3290 538 3356 in
566 3289 671 3357 seculo
691 3308 856 3359 remanens
878 3289 952 3358 talis
972 3291 1025 3373 sit,
1047 3308 1108 3375 que
1128 3291 1252 3376 absque'
1266 3294 1467 3378 suspectione
1484 3293 1525 3362 de
1550 3293 1628 3360 iuris
1653 3292 1859 3378 permissione
1885 3292 1987 3378 possit
2013 3291 2047 3358 in

501 3391 607 3460 samio
627 3410 799 3462 remanere

611 3498 649 3562 Ut
667 3501 840 3563 medones
859 3517 920 3563 non
938 3501 1111 3578 eumden
1132 3499 1372 3566 mentones
1402 3498 1519 3567 Nullus
1533 3497 1679 3567 ascerdm
1699 3497 1947 3567 benedictionem
1968 3510 2048 3583 nup

439 3622 446 3634 ·
503 3597 611 3667 tisiam
631 3599 794 3685 impendat
813 3599 874 3666 uisi
906 3598 1002 3667 nent
1027 3600 1207 3685 capellanus
1232 3602 1364 3670 alterius
1390 3603 1568 3689 coniugum,
1594 3603 1645 3669 vel
1667 3602 1730 3670 nisi
1756 3601 1875 3670 luerint
1895 3600 2049 3687 capellani

502 3701 754 3771 conhabendnm
776 3702 955 3771 eorundem.

605 3809 652 3872 Bc
671 3808 856 3887 nuptialibus
876 3811 971 3888 dona,
994 3816 1023 3872 et
1044 3810 1572 3892 φιοάρναὺνίεήρνοωὶἱαῆοηι
1599 3811 1860 3875 &menan
1883 3811 2048 3874 nidiieai·

502 3917 585 3988 aaut
629 3906 666 3976 Iu
687 3907 827 3978 concilio
850 3907 1044 3994 prohibetur,
1065 3928 1106 3977 ne
1125 3910 1241 3995 aliquis
1262 3930 1319 3997 pro
1341 3911 1559 3981 benedictione
1580 3910 1775 3994 nubentium,
1801 3911 1941 3995 exequiis
1965 3929 2048 3978 mor·

503 4015 631 4079 tuorum
651 4016 685 4079 et
705 4011 776 4079 aliis
794 4011 1006 4079 sacramentis
1028 4012 1191 4096 pecuniam
1207 4019 1397 4098 extorquere
1427 4021 1599 4099 prasumat,
1624 4020 1681 4081 aut
1707 4013 1905 4082 fideiussores
1932 4015 2048 4099 exigat,

503 4118 561 4182 aut
579 4119 710 4199 propter
727 4114 788 4182 boc
808 4114 922 4191 fictitia
941 4114 1164 4199 impedimenta
1184 4115 1335 4200 imponat.
1379 4118 1505 4186 Debent
1532 4124 1639 4186 autem
1666 4117 1780 4203 quibus
1808 4117 1948 4202 impensa
1974 4123 2050 4184 sunt

400 4288 403 4295 ,
504 4213 710 4284 &menta
734 4217 804 4301 pius
832 4217 1072 4285 consuetudines
1097 4218 1271 4300 observare,
1301 4224 1335 4287 et
1360 4226 1437 4287 sunt
1463 4240 1521 4306 per
1548 4221 1728 4305 episcopum
1755 4218 1970 4304 compescendi
1993 4219 2049 4305 qui

503 4318 659 4388 malitiose
677 4321 823 4387 nituntur
842 4319 1030 4386 laudabilem
1056 4322 1311 4389 cousuetudinem
1338 4321 1517 4391 immutare
1562 4323 1606 4390 Et
1630 4323 1701 4391 ideo
1727 4320 1912 4402 iuhibemus,
1937 4340 1977 4389 ue
1998 4339 2049 4388 su·

504 4421 614 4490 cardos
634 4422 750 4507 aliquis
771 4423 805 4489 in
826 4421 950 4489 casibus
971 4421 1149 4490 huiusmodi
1166 4424 1283 4491 audeat
1299 4424 1361 4492 sibi
1382 4426 1432 4492 ius
1451 4426 1572 4509 dicere3
1600 4425 1655 4494 scd
1675 4426 1762 4510 apud
1783 4425 1936 4492 seniorem
1957 4443 2049 4492 suum

504 4524 664 4609 querelam
684 4527 830 4610 deponat

608 4633 655 4695 lte
674 4631 836 4695 mdtmhe.
881 4627 1004 4696 Debem
1025 4629 1150 4697 medere
1171 4629 1254 4712 laici,
1277 4629 1362 4715 quod
1380 4649 1437 4699 nec
1459 4630 1587 4699 coniicit
1606 4630 1668 4697 nisi
1681 4629 1837 4712 sacerdos,
1859 4648 1916 4699 uec
1929 4628 2049 4698 confert

505 4729 631 4800 ordines
651 4732 712 4799 nisi
733 4732 906 4816 episcopus,
928 4737 962 4798 et
983 4732 1067 4816 quod
1089 4751 1158 4799 eam
1180 4733 1277 4801 babet
1298 4735 1459 4818 virtutem,
1482 4754 1577 4819 quam
1591 4741 1703 4802 saneta
1716 4734 1859 4803 Ecclesia
1872 4733 2048 4802 muitetur.
2067 4726 2074 4747 “

610 4840 655 4903 lle
673 4841 760 4915 sigito
780 4840 964 4900 latomorum
985 4842 1017 4900 in
1038 4846 1169 4916 umore.
1214 4836 1294 4918 Quia
1314 4838 1405 4905 valde
1433 4838 1642 4923 periculosum
1673 4842 1724 4905 est
1744 4844 1778 4905 et
1806 4838 1903 4905 meris
1924 4838 2050 4905 mueni-

506 4937 566 5006 bus
585 4939 754 5020 inimicum,
777 4938 860 5021 quod
881 4937 979 5018 lusici,
1003 4957 1081 5021 quos
1102 4940 1203 5022 pietus
1226 4939 1409 5007 Christiana
1429 4946 1573 5024 receptat
1593 4946 1626 5008 et
1646 4940 1783 5007 sustinet
1803 4940 2050 5007 colabitationes

506 5059 625 5124 eorum,
647 5061 667 5108 a
689 5041 877 5108 Cirristiunis
895 5059 956 5124 per·
974 5042 1080 5125 aliqua
1100 5062 1162 5107 non
1185 5043 1428 5127 liishnguantur,
1452 5054 1486 5111 et
1504 5049 1732 5127 cognoscantur
1753 5044 1887 5128 insignia
1907 5049 1941 5111 et
1961 5044 2051 5127 sigua

379 5153 383 5160 '
506 5145 592 5230 quod
613 5163 683 5212 cum
704 5144 892 5212 Cirristianis
914 5144 946 5209 in
968 5145 1085 5212 tanrilla
1104 5144 1248 5212 habitent
1269 5147 1317 5213 vel
1340 5155 1503 5216 morentur
1524 5147 1573 5213 vel
1594 5148 1627 5212 in
1648 5147 1743 5215 cuniis
1765 5166 1803 5214 uc
1820 5147 1963 5215 domibus
1977 5166 2049 5215 cou-

507 5255 680 5330 vcusentnr‚
710 5254 767 5314 aut
794 5247 964 5314 tiirristiaui
989 5247 1133 5315 habitent
1153 5268 1223 5316 eum
1243 5249 1306 5316 cis:
1336 5251 1475 5335 presenti
1503 5252 1728 5318 constitutione
1757 5251 1937 5334 statuimus,
1966 5249 2050 5336 quod

507 5368 616 5418 omncs
637 5357 670 5417 ct
690 5351 803 5434 singuli
827 5350 913 5417 fullei
936 5353 1098 5434 utriusque
1116 5372 1218 5433 scxus,
1241 5353 1273 5419 in
1296 5355 1390 5420 lenis
1411 5360 1521 5420 nostre
1542 5353 1707 5437 legationis
1729 5361 1858 5438 gnra-nt
1879 5373 1975 5422 uuum
1990 5355 2049 5421 cir·
