4860 6180
1101 662 1175 749 Nn.
1213 659 1312 748 512.

537 857 723 944 Secundus
741 860 899 944 Pronum
915 861 993 944 lux
1011 858 1161 945 Polonie
1180 864 1321 942 1282
1347 858 1422 944 lul
1439 862 1528 956 28,
1553 858 1596 941 iu
1613 857 1750 959 Imbim
1773 879 1979 960 prensatur,
2107 866 2111 955 ζ

432 979 597 1050 llioolaum
619 981 718 1048 hlium
739 983 897 1066 quondam
920 981 1081 1068 Vopuonis
1102 989 1219 1051 sortem
1238 981 1424 1048 beralitatis
1446 979 1642 1047 Wieszlrowo
1656 978 1847 1046 monastario
1861 976 1902 1045 ule
1915 976 1980 1044 Ln-
2108 1000 2111 1009 ’

432 1082 487 1152 bin
505 1084 689 1153 vendidisse.

536 1193 676 1269 Perperna
690 1193 807 1270 orppio.
851 1192 980 1255 Dziurlci
996 1194 1037 1255 od
1051 1194 1289 1272 przpmfeszenie
1303 1186 1416 1267 jeoaej
1431 1191 1570 1274 pieczpoi.

536 1289 671 1359 vomat
716 1293 881 1357 Bibliololeo
901 1292 1072 1376 Ruozprirlr.
1117 1296 1256 1374 Diplomo
1279 1295 1314 1373 B,
1337 1293 1388 1355 23.

535 1495 573 1565 ln
594 1496 719 1565 nomine
742 1495 868 1564 Domini
889 1518 990 1567 amen.
1035 1498 1174 1567 Humani
1196 1497 1319 1583 generis
1340 1496 1481 1564 actiones
1502 1495 1652 1563 memoria
1669 1499 1824 1579 pemsetna
1836 1491 1980 1577 inligen-

305 1610 309 1619 ‘
435 1604 485 1667 tes
506 1599 690 1684 plerumque
711 1599 753 1667 ab
770 1599 930 1669 homiuum
952 1602 1070 1670 noticia
1089 1601 1282 1680 dilabuntur,
1305 1617 1368 1683 que
1388 1599 1615 1683 seripbrrarum
1642 1616 1699 1664 sen
1728 1597 1857 1663 testium
1877 1596 1981 1663 mnni-

435 1703 519 1770 rnine
536 1721 600 1770 non
620 1710 820 1770 renovantur.
864 1704 930 1772 Nos
951 1707 1049 1791 igitur
1067 1704 1222 1773 secundus
1242 1702 1377 1770 Premizl
1399 1701 1460 1768 Dei
1488 1701 1597 1798 grauia
1621 1700 1686 1767 lux
1714 1698 1844 1769 Polonie
1870 1704 1982 1767 uotum

433 1805 565 1874 mimus
586 1806 739 1874 universis
762 1813 829 1875 tom
849 1809 1050 1894 presentibus
1071 1827 1165 1892 qnam
1187 1807 1302 1874 futuris
1325 1811 1502 1890 presentem
1515 1804 1661 1889 paginam
1676 1803 1875 1888 inspecturis,
1897 1802 1981 1886 quod

433 1908 622 1978 ramundus
643 1915 735 1994 puter
756 1910 901 1979 domiuus
926 1912 1085 1980 Martinus
1103 1911 1201 1979 abbas
1222 1898 1410 1976 Lubinensis
1432 1928 1452 1975 a
1477 1907 1608 1975 Nicolao
1628 1906 1695 1974 filio
1717 1904 1874 1990 quondam
1897 1904 1982 1990 Voy·

434 2012 526 2081 nonis
547 2011 624 2080 emit
653 2018 771 2081 sortem
792 2033 897 2097 eumn,
922 2018 1016 2083 utam
1037 2017 1127 2083 iuxta
1147 2014 1354 2082 hereditatem
1378 2012 1491 2079 domus
1515 2010 1704 2079 Lubinonsis
1733 2008 1888 2090 Veskova
1921 2026 1983 2092 qne

435 2113 535 2184 marn
556 2133 625 2183 sors
647 2115 805 2185 Weslrovo
826 2117 998 2203 vulgariter
1016 2124 1225 2204 nuncupatur,
1247 2137 1305 2203 pro
1327 2117 1435 2185 deoem
1453 2116 1567 2184 mareis
1589 2117 1712 2200 argenti
1734 2113 1864 2196 usualis,
1886 2130 1982 2197 quarn

436 2223 553 2287 sortem
575 2219 658 2287 ilem
679 2219 828 2288 Nieolaus
849 2222 883 2287 in
912 2230 1021 2290 nostra
1044 2228 1287 2305 nostrorumque
1308 2219 1462 2287 baronum
1490 2219 1652 2304 presencia
1679 2217 1786 2284 domui
1811 2215 1983 2284 Lubinensi

435 2321 577 2407 porrexit
597 2322 666 2389 iure
687 2322 878 2391 hereditario
897 2325 931 2391 in
952 2331 1139 2410 perpensum
1161 2321 1393 2409 possidendam
1423 2323 1471 2390 ita
1491 2321 1644 2403 videlieet
1667 2327 1705 2387 ut
1726 2319 1832 2387 nullus
1855 2318 1896 2387 ule
1916 2320 1983 2386 suis

434 2425 666 2493 suecessoribus
687 2426 737 2493 nel
757 2428 898 2511 cognatis
918 2429 1021 2512 ipsam
1042 2429 1195 2496 munere
1216 2427 1266 2493 uel
1286 2432 1429 2510 repetere
1452 2429 1614 2507 presumat
1633 2423 1667 2490 iu
1686 2431 1873 2508 perpetuum
1894 2421 1983 2488 nullo

436 2527 538 2596 modo.
580 2527 628 2597 Ut
648 2535 755 2598 summ
776 2531 853 2598 dieti
874 2531 992 2599 domiui
1014 2533 1138 2600 abbatis
1160 2531 1203 2598 M.
1224 2528 1423 2597 racionabilis
1446 2528 1566 2611 empeio
1594 2533 1766 2610 nostraque
1790 2525 1984 2611 pmtestueio

435 2637 587 2717 perpetuo
604 2631 828 2701 iuviolabiliter
848 2642 1035 2718 perseveret,
1058 2640 1235 2720 presentem
1257 2633 1403 2718 paginam
1425 2632 1527 2700 nostri
1540 2631 1637 2716 sigilli
1651 2630 1823 2698 munimine
1836 2629 1984 2696 emimus

436 2733 680 2804 marmandam
701 2737 898 2821 presentibus
919 2738 980 2807 hiis
1003 2739 1152 2807 tasubus:
1175 2737 1289 2806 oemite
1308 2735 1466 2820 Bognmluo
1488 2733 1659 2802 metallano
1680 2733 1721 2800 de
1747 2733 1840 2816 Usee,
1868 2733 1984 2800 munite

435 2835 549 2908 lroobo
571 2839 743 2908 castellano
762 2839 803 2907 de
824 2841 979 2925 Rogozna,
1003 2843 1116 2910 munite
1146 2839 1322 2925 Sandivoyo
1346 2830 1578 2906 subeamemrio
1602 2837 1821 2905 Poznauieusi.
1864 2834 1983 2903 Datum

436 2942 471 3010 in
491 2941 596 3011 hubin
617 2962 700 3012 anuo
720 2945 826 3028 gracie
847 2944 973 3012 Domini
991 2942 1264 3013 mccnxxxn.
1286 2942 1316 3010 V
1337 2942 1497 3010 Kalendas
1518 2941 1655 3026 Augusti
1675 2958 1734 3025 per
1746 2957 1859 3008 manus
1878 2938 1984 3007 Thilo·

344 3133 350 3143 Ο
437 3045 487 3114 nis
509 3047 624 3114 nummi
643 3046 729 3116 curie
750 3053 867 3115 nostre.

442 3315 443 3318 ,
540 3249 735 3336 Luhineusis‚
758 3256 796 3318 ue
817 3255 923 3320 Labor.
968 3251 1124 3336 Veslrouo,
1153 3257 1340 3322 Wieezkomo.
1385 3252 1478 3337 Usee,
1507 3254 1616 3333 lIJ'leia
1653 3251 1811 3337 Rogozna,
1831 3251 1983 3332 movens.

1104 3488 1312 3642 ussus.
1349 3603 1358 3623 r

541 3745 728 3833 Soeunius
754 3746 913 3832 homini
940 3749 1016 3832 unx
1033 3750 1183 3835 Polonie
1210 3753 1343 3832 1282
1370 3749 1449 3832 lul
1466 3751 1554 3846 28,
1579 3749 1623 3832 iu
1638 3748 1778 3851 hubim
1816 3762 1982 3832 anemae

437 3870 712 3938 eommutatiouem
733 3869 919 3936 hereditatis
940 3874 1120 3940 monasterii
1142 3871 1182 3939 de
1203 3871 1306 3940 Luhiu
1336 3871 1441 3938 dieue
1466 3869 1668 3956 Mnryszowa
1695 3887 1753 3953 pro
1779 3868 1865 3952 luka,
1896 3866 1985 3934 here·

437 3971 538 4040 ditate
558 3971 711 4057 Stephani
730 3971 892 4040 castellani
913 3971 953 4038 ele
974 3972 1101 4042 Krobia.
1582 4008 1585 4013 ·

540 4077 681 4156 Perpessi.
706 4081 823 4158 orppia
868 4079 936 4139 Nice·
950 4079 1110 4152 jedmobae
1130 4097 1293 4160 ozsemoee,
1311 4083 1448 4164 pieezsei
1468 4083 1518 4142 oie
1539 4097 1629 4141 mess.

491 4176 497 4188 ’
542 4177 676 4246 Pessimi.
721 4183 839 4258 Kooipl.
865 4181 969 4241 Sloats
992 4182 1082 4245 Arob.
1127 4181 1223 4244 Lesbio
1245 4183 1276 4245 l.

540 4366 578 4434 In
599 4367 724 4434 nomine
742 4366 868 4433 Domini
889 4384 990 4432 umen.
1012 4365 1096 4433 Dum
1118 4367 1196 4434 vivit
1216 4367 1325 4435 littora
1345 4368 1424 4435 vivit
1444 4375 1478 4435 ot
1497 4369 1580 4437 aetio
1596 4369 1719 4452 littore,
1743 4371 1832 4437 euius
1847 4368 1984 4436 assertio

438 4471 541 4540 nutrit
568 4472 748 4539 memorium
777 4477 811 4537 et
832 4469 979 4537 roboreto
1004 4472 1138 4555 suscipit
1164 4473 1399 4539 incrementum.
1447 4471 1550 4555 Igitur
1579 4491 1637 4538 nos
1666 4474 1820 4539 mundns
1851 4471 1985 4539 Premizl

438 4573 498 4642 Dei
518 4577 625 4659 maela
650 4575 713 4641 dux
735 4572 863 4640 Poionio
890 4579 999 4639 uotum
1021 4571 1153 4639 iacimus
1179 4575 1331 4641 universis
1351 4581 1417 4642 tam
1437 4575 1634 4658 presentibus
1660 4594 1755 4659 quam
1779 4575 1894 4642 laturis
1915 4594 1985 4660 pre·

437 4682 559 4743 sentem
580 4677 725 4761 paginam
747 4676 957 4757 intuentibus,
987 4675 1073 4758 quoel
1091 4677 1124 4742 in
1144 4684 1252 4743 nostru
1273 4685 1515 4762 nostrorumque
1541 4677 1694 4746 bemuum
1716 4679 1878 4763 presencia
1898 4697 1985 4746 revo-

438 4780 554 4847 reudns
575 4787 666 4864 pater
691 4779 836 4846 (lominus
864 4778 1021 4846 Martinus
1047 4779 1144 4848 obbas
1165 4787 1272 4849 saneto
1297 4782 1399 4850 lilerio
1419 4782 1460 4850 de
1482 4781 1601 4863 hubin,
1629 4801 1700 4849 eum
1722 4782 1896 4850 honorabili
1918 4783 1985 4850 viro

439 4883 553 4951 eomito
579 4882 739 4966 Stephano
768 4881 938 4949 eastellano
969 4881 1135 4966 enehorum,
1169 4884 1233 4950 lilio
1254 4887 1412 4969 quenulam
1441 4887 1563 4953 eomitis
1592 4885 1729 4953 Seelniei
1762 4886 1925 4954 rastellum
1946 4886 1986 4955 ele

439 4984 566 5067 mein,
589 4986 684 5052 talem
708 4984 781 5052 inuit
803 5004 897 5077 stupu·
919 4984 1105 5069 quibusdam
1126 4987 1353 5054 hereditatibus
1375 4989 1594 5056 racionabilem
1626 4990 1904 5058 commutacionem
1926 4989 1986 5057 suh
2125 4960 2133 5034 ¹¹·

309 5165 312 5171 ‚
438 5088 499 5157 huo
519 5089 636 5157 formo:
670 5090 754 5174 qual
785 5088 888 5155 ‹lia-tras
914 5089 1059 5158 (lominus
1091 5092 1189 5159 abhus
1220 5091 1264 5159 hl.
1292 5110 1350 5175 pro
1377 5091 1469 5159 domo
1492 5091 1662 5160 Lubinemni
1680 5092 1721 5159 ab
1742 5093 1850 5160 eoelum
1872 5093 1986 5161 eomite

438 5191 598 5278 Stephano
620 5193 823 5261 eommutavit
843 5192 1049 5261 lrenmlitatem
1070 5213 1132 5279 que
1152 5195 1325 5263 Marissevo
1341 5194 1500 5279 wigornom
1514 5202 1723 5282 nuncupatur,
1745 5197 1813 5264 iuro
1827 5196 1987 5265 heredita·

438 5295 485 5363 rio
517 5303 669 5382 perpetuo
701 5295 929 5379 pessulanum,
963 5315 1020 5379 pm
1042 5297 1217 5365 immrlitate
1248 5298 1358 5365 «lomus
1388 5299 1567 5383 supradicto
1593 5319 1655 5384 que
1681 5300 1784 5369 Girka
1813 5300 1932 5369 elicitur
1958 5299 1991 5366 iu

2104 40 2113 362 l

2102 408 2114 756 l

2274 4710 2307 4778 m

2273 4832 2307 4881 nu

2276 5038 2307 5085 02

2278 5289 2307 5374 ui
