4860 6180
433 341 510 416 434
646 303 652 314 ’

432 545 527 618 abiail
553 507 667 614 rectori
694 545 783 613 euius
814 543 1003 631 parochiano
1028 542 1208 611 ministrare
1238 542 1486 628 presumpserint
1518 542 1731 610 cseicsiostica
1763 539 1976 621 Sacramenta,
2070 521 2091 553 '⁴

432 670 490 738 per
510 651 694 718 diocesanos
715 650 877 735 episcopos
898 648 1068 716 seenndmu
1089 646 1220 713 tonnam
1243 648 1382 715 lleeiesie
1403 646 1527 731 possint
1547 645 1676 713 absolvi.

535 758 581 820 ue
601 759 889 835 monteamiato
909 755 1217 816 edrrrirrisburrdanort
1238 772 1338 832 operta.
1383 750 1500 818 Omnes
1517 757 1624 816 auitum
1646 749 1786 830 abbans,
1813 748 1976 834 prepositi,

432 857 563 944 priores,
585 858 694 925 etalii
716 857 921 943 prelationem
942 854 1104 937 babentes,
1123 855 1236 922 saltem
1257 855 1353 922 seriel
1375 854 1414 921 dc
1436 855 1501 920 suis
1523 853 1668 920 onmibus
1694 852 1848 919 reditibus
1869 858 1903 919 et
1924 872 1978 919 cx·

431 960 538 1048 pensis
558 966 592 1029 et
612 967 700 1029 statu
721 961 922 1029 eeclesiarum
943 977 1082 1038 suanam,
1105 960 1202 1025 catari
1223 977 1296 1025 vero
1317 957 1599 1038 administratores,
1630 956 1804 1038 camerarii,
1833 974 1889 1022 seu
1910 955 1978 1022 otti·

433 1065 538 1148 eiales,
558 1071 624 1133 tam
646 1065 811 1133 interiores
832 1084 926 1149 quum
947 1064 1128 1144 exteriores,
1148 1062 1197 1131 bis
1217 1063 1250 1129 in
1272 1082 1355 1129 antro
1375 1061 1498 1128 duobus
1520 1059 1673 1140 taurinis,
1697 1077 1760 1125 uno
1778 1059 1924 1127 videlicet
1946 1060 1978 1125 in

433 1169 516 1238 testo
536 1170 638 1238 saneti
656 1169 774 1236 Thomu
794 1169 939 1254 apostoli,
961 1168 1061 1235 altero
1083 1167 1115 1233 in
1138 1164 1218 1233 festo
1240 1165 1342 1232 sancti
1364 1164 1503 1248 Georgii,
1531 1163 1668 1230 stridant
1688 1163 1721 1228 in
1744 1161 1890 1245 Capitale
1912 1161 1979 1246 pie·

432 1273 554 1341 nariam
575 1271 746 1339 rationem:
770 1271 993 1340 consuetudine
1011 1269 1206 1354 quarundam
1227 1268 1439 1348 eeclesiarum,
1461 1265 1515 1333 ubi
1537 1266 1655 1349 plurios
1678 1266 1760 1332 ratio
1779 1265 1866 1332 recidi
1888 1265 1979 1346 solet,

434 1377 468 1444 in
489 1393 547 1443 ano
569 1375 681 1443 robore
702 1375 865 1442 duratura
908 1374 947 1442 In
968 1374 1081 1459 quibus
1103 1374 1131 1441 si
1151 1372 1266 1458 prolati
1285 1378 1319 1438 ct
1340 1370 1490 1438 oitidales
1504 1371 1554 1436 vel
1569 1369 1703 1454 predicti
1717 1370 1909 1454 negligenter
1923 1388 1980 1436 seu

434 1477 575 1547 infideles
597 1483 630 1545 et
651 1478 817 1546 mendacct
837 1478 956 1544 inventi
976 1476 1104 1558 inerint,
1126 1476 1295 1544 secundum
1316 1475 1504 1559 qualitatem
1534 1474 1626 1557 culpe
1651 1492 1709 1557 per
1729 1473 1909 1557 episcopum
1930 1473 1980 1540 vul

299 1618 303 1626 ·
435 1582 532 1651 abum
560 1599 652 1649 suum
681 1581 872 1665 superiorem
901 1580 1086 1664 puniantur;
1117 1579 1172 1645 alii
1199 1596 1272 1645 vero
1299 1579 1369 1662 ipso
1395 1576 1479 1644 iacto
1505 1576 1794 1644 amrinistratioooe
1820 1577 1980 1656 amittant,

433 1685 560 1772 marim
581 1685 672 1752 iuxta
689 1683 855 1751 arbitrium
877 1682 1013 1768 episcopi
1034 1682 1084 1749 vel
1104 1683 1153 1747 sui
1176 1681 1346 1765 superioris
1367 1680 1499 1748 alterius
1517 1680 1676 1774 puniendi.

538 1791 583 1855 Ne
605 1793 798 1855 recimerem
819 1796 952 1852 rectores
972 1795 1073 1850 samaa
1095 1789 1176 1850 dent.
1220 1782 1401 1852 Inhibemus
1416 1782 1592 1864 abbatibus,
1613 1782 1791 1866 prepositis
1813 1781 1981 1867 prioribus,

434 1891 586 1979 pleban'n,
606 1890 781 1960 rectoribus
799 1890 999 1959 eeclesimum
1021 1893 1055 1956 et
1073 1887 1194 1955 clericis
1209 1889 1373 1970 universis,
1392 1908 1432 1955 ne
1453 1888 1515 1972 ipsi
1528 1892 1639 1954 mutuo
1653 1887 1731 1954 dent
1744 1887 1794 1954 rel
1810 1886 1981 1971 accipiant:

434 1995 574 2079 abbates,
596 1995 748 2081 prepositi
770 1994 855 2061 ultra
875 1992 954 2060 duas
974 1992 1024 2059 vei
1046 1997 1111 2058 tres
1128 1991 1283 2073 marchas,
1305 1992 1403 2059 ceteri
1423 2010 1519 2057 unam
1540 1990 1712 2072 marcham,
1734 1991 1801 2059 sine
1819 1990 1935 2058 notitia
1949 1995 1983 2058 et

435 2118 588 2169 consensu
609 2097 749 2184 capituli
770 2098 819 2165 sui
841 2097 890 2165 vel
909 2095 1036 2163 mmoris
1057 2094 1168 2178 partis,
1191 2112 1228 2162 ae
1249 2094 1407 2162 diocesani
1428 2095 1566 2180 episcopi
1587 2112 1719 2161 assensu
1741 2093 1878 2177 speciali

543 2207 713 2271 Interdicis
733 2204 875 2268 bonoram
897 2204 1041 2266 eoduma
1062 2202 1213 2263 adama
1244 2196 1448 2265 Prohibemus
1470 2198 1608 2282 insuper,
1629 2216 1670 2265 ne
1690 2196 1853 2265 interiores
1867 2197 1982 2282 prelati

434 2307 555 2393 amque
575 2306 802 2392 episcoporum,
824 2322 882 2371 nee
902 2303 963 2388 ipsi
983 2301 1103 2386 absque
1124 2301 1438 2386 archiepiscoporum,
1461 2321 1519 2370 nee
1541 2302 1602 2387 ipsi
1616 2303 1852 2386 metropolitani
1864 2302 1983 2388 absqm

436 2409 526 2479 Sedis
548 2410 720 2496 apostolice
740 2408 868 2477 lieentia
887 2406 1024 2491 speciali,
1046 2405 1155 2489 aliqua
1175 2405 1215 2473 de
1235 2405 1324 2473 bouis
1344 2406 1554 2474 immobilibus
1577 2406 1628 2473 vel
1650 2406 1781 2488 iuribus,
1811 2406 1852 2473 ad
1875 2424 1983 2474 mona-

437 2513 535 2582 steria
555 2514 622 2581 aive
643 2512 789 2580 eeclesias
811 2529 884 2579 suas
905 2509 1131 2595 spectantibus,
1152 2511 1213 2577 nisi
1235 2509 1268 2577 in
1290 2511 1414 2578 casibus
1436 2529 1457 2577 a
1477 2511 1545 2578 inre
1566 2511 1739 2596 permissis,
1761 2511 1899 2579 aberrare
1913 2529 1984 2595 pre·

435 2621 577 2685 sumant:
600 2616 685 2702 quod
706 2616 733 2682 si
756 2619 867 2683 eontra
886 2613 1027 2698 fecerint,
1050 2633 1108 2700 pro
1129 2615 1220 2682 irrito
1241 2615 1410 2697 habeatem
1433 2622 1468 2684 et
1488 2617 1674 2697 abenantes,
1695 2614 1900 2684 siinierioras
1913 2634 1984 2700 pre-

433 2719 494 2789 lati
515 2720 590 2803 sint
611 2739 632 2787 a
653 2737 782 2786 suonna
802 2717 956 2799 ordinum,
978 2718 1203 2802 archiepiscopi
1224 2725 1259 2785 et
1272 2719 1420 2804 episcopi,
1442 2738 1463 2785 a
1481 2719 1709 2803 pontificalium
1724 2721 1906 2788 executione
1920 2719 1985 2787 sint

436 2823 506 2910 ipso
524 2822 608 2891 iacto
630 2821 786 2907 suspensi;
823 2840 916 2905 quam
948 2822 1183 2906 suspensionem
1205 2822 1382 2906 superiores
1412 2823 1563 2892 ordinarii
1589 2823 1807 2905 alienantium,
1838 2823 1985 2891 alienatis

436 2925 524 3013 prius
545 2925 586 2993 ad
606 2926 656 2993 ius
678 2931 712 2993 et
729 2925 954 3010 proprietatem
975 2924 1235 2992 monasteriorum
1257 2944 1314 2993 seu
1332 2927 1533 2994 ecelesiarum
1559 2927 1726 3008 mancatis,
1753 2927 1802 2994 vel
1825 2927 1908 2993 ‘alim
1936 2926 1985 2993 in·

437 3030 605 3099 damnitati
626 3030 767 3115 ipsorum
788 3027 1049 3095 monasteriorum
1071 3032 1106 3094 et
1126 3029 1328 3097 ecclesiarum
1350 3033 1486 3116 proviso,
1507 3031 1635 3099 valeam
1652 3031 1804 3100 relaxare

347 3142 352 3150 ·
540 3137 606 3199 Non
624 3136 805 3214 imponenda
825 3136 956 3197 crebriis
984 3136 1128 3210 manbre
1158 3151 1259 3197 atera
1304 3133 1491 3217 statuimus,
1521 3133 1604 3218 quod
1632 3135 1763 3202 aecimis
1790 3133 1985 3219 parochiales

436 3237 486 3307 vel
507 3235 569 3305 alie
590 3236 721 3304 ecclesie
741 3254 797 3302 seu
818 3229 1025 3316 monasteria,¹
1042 3252 1098 3318 per
1119 3234 1254 3303 maiores
1268 3255 1325 3304 seu
1337 3239 1485 3320 minores,
1507 3238 1557 3305 vei
1571 3257 1722 3323 personas
1738 3256 1794 3306 seu
1807 3238 1985 3323 magistros,

439 3345 497 3409 aut
515 3337 664 3425 Capitnla
686 3337 912 3415 cathedralium
931 3337 1132 3404 ecclesiarum
1151 3339 1201 3406 vel
1223 3341 1356 3409 abanim
1378 3343 1579 3410 centesimum
1601 3343 1751 3427 prelatos,
1775 3344 1875 3424 novis,
1898 3342 1985 3414 ,inin-

438 3443 507 3526 sus,
529 3447 564 3511 et
583 3440 731 3510 indebitis
753 3439 966 3510 exactionibus
988 3448 1331 3524 permansionem
1351 3446 1397 3513 eis
1418 3454 1515 3513 novos
1537 3445 1702 3529 imponant
1723 3465 1844 3526 census,
1866 3451 1923 3512 aut
1937 3445 1984 3511 in-

438 3544 561 3615 debitas
583 3545 762 3613 exmtiones
781 3543 941 3625 inducant,
963 3561 1020 3610 nee
1041 3548 1164 3610 vetares
1185 3553 1322 3630 augeant
1342 3549 1517 3633 moriones.
1556 3547 1617 3628 Qui
1635 3565 1710 3614 vero
1728 3548 1847 3615 inventi
1868 3544 1989 3614 inerint

437 3647 472 3716 in
492 3646 610 3716 talibus
628 3647 777 3741 ¹ecclesias
799 3647 966 3714 molestare
986 3651 1045 3712 aut
1064 3665 1236 3730 Qantara
1257 3650 1425 3735 predictas,
1448 3653 1476 3718 si
1498 3653 1564 3718 sint
1584 3650 1733 3736 episcopi,
1755 3670 1813 3734 per
1830 3655 1987 3736 metropo-

439 3750 557 3819 litanos
578 3768 696 3831 eornm,
718 3749 746 3816 si
764 3747 926 3817 inferiores
947 3766 1088 3832 persone,
1111 3768 1168 3833 per
1188 3768 1262 3819 suos
1284 3753 1465 3820 diocesanos
1487 3773 1508 3821 a
1528 3753 1646 3821 talibus
1668 3771 1911 3838 percensuram
1937 3771 1988 3821 ec·

438 3853 645 3924 damnum
667 3859 701 3921 et
721 3853 785 3920 alb
807 3857 984 3936 opportuna
1004 3852 1142 3919 remedia
1163 3853 1314 3922 desistere
1336 3856 1572 3941 compellantur.

543 3959 766 4039 Arebidiomtm
793 3977 853 4021 nort
881 3960 941 4020 nisi
969 3960 1044 4019 iteris
1071 3962 1210 4022 canonici
1235 3965 1339 4040 petiti,
1366 3964 1597 4038 praeficiantur.
1644 3958 1746 4039 Quum
1773 3965 1840 4026 tara
1858 3958 1898 4026 de
1919 3958 1989 4027 iure

438 4077 534 4145 quam
555 4059 595 4126 de
616 4059 754 4142 generali
776 4056 999 4124 consuetudine
1019 4057 1190 4124 muitarum
1212 4060 1414 4128 ecclesiarum
1435 4062 1647 4129 archidiaconi
1668 4062 1917 4130 imisdictionem
1932 4061 1988 4128 ha·

439 4161 535 4231 beant
557 4180 668 4231 cauam
690 4160 935 4228 matrimoniales
958 4166 991 4227 et
1012 4160 1197 4244 pierumque
1217 4161 1297 4229 alins
1311 4164 1468 4245 audiendi,
1491 4165 1690 4232 examinandi
1704 4171 1801 4249 atque
1815 4165 1988 4247 decidendi,

328 4307 332 4315 ·
441 4268 612 4337 statuimus
633 4275 729 4352 atque
748 4267 949 4352 precipimus:
973 4266 1057 4349 quod
1079 4267 1157 4332 nulli
1179 4267 1219 4333 de
1241 4273 1345 4335 cetero
1367 4269 1399 4332 in
1422 4287 1518 4351 regno
1539 4267 1680 4351 Ungarie
1696 4273 1730 4334 et
1749 4269 1910 4351 provincia
1929 4268 1989 4334 Po·

439 4372 523 4440 ionia
544 4372 578 4439 in
599 4371 834 4439 archidiaconos
855 4377 1065 4451 assumantur,
1088 4371 1149 4435 nisi
1170 4371 1202 4436 in
1225 4372 1293 4438 iure
1315 4373 1463 4438 canonico
1493 4371 1601 4438 taliter
1629 4372 1696 4437 sint
1722 4372 1870 4438 instructi
1893 4377 1990 4456 ablue

438 4475 543 4562 periti,
566 4474 650 4558 quod
668 4492 779 4541 causas
800 4472 978 4538 huiusmodi
1000 4474 1170 4540 seeundum
1197 4475 1267 4541 iura
1292 4482 1326 4541 et
1352 4474 1555 4541 rationabiles
1581 4474 1823 4541 eonsuetudines
1849 4474 1989 4541 iocorum

439 4579 474 4646 in
494 4577 609 4662 quibus
630 4576 806 4643 huiusmodi
830 4575 1074 4642 irruisdictionem
1103 4575 1247 4643 obtinent
1267 4578 1385 4659 audire,
1419 4578 1607 4658 examinare,
1634 4583 1732 4660 atque
1757 4576 1900 4644 decidere
1919 4597 1990 4661 pos·

440 4682 520 4762 sint3
542 4681 591 4747 vei
614 4680 693 4747 alias
716 4680 749 4745 in
770 4678 893 4744 artibus
914 4679 978 4744 sint
1000 4686 1056 4746 aut
1078 4681 1110 4745 in
1131 4680 1202 4745 aliis
1224 4683 1365 4748 scientiis
1388 4683 1496 4749 taliter
1517 4679 1688 4762 informati,
1708 4680 1792 4765 quod
1814 4679 1989 4763 minibus,

440 4790 599 4852 mouente
621 4782 697 4864 Deo,
719 4782 930 4848 rermimilitor
948 4782 1097 4865 proticere
1118 4783 1255 4866 possint:
1279 4789 1312 4849 et
1332 4785 1360 4849 si
1384 4785 1464 4851 talos
1486 4785 1518 4850 in
1532 4784 1770 4852 arciridiacooos
1785 4785 1902 4850 assumi
1917 4804 1990 4852 eon·

440 4987 658 5057 diaconatibus
680 4989 796 5056 talibus
820 4989 952 5070 vicaonis,
984 4991 1037 5072 qui
1059 4988 1190 5056 irorrtste
1212 4991 1332 5071 possint
1352 4990 1497 5074 supplere
1519 4990 1602 5056 rietes
1624 5010 1742 5057 curum.
1773 4990 1863 5056 lianc
1884 4995 1991 5058 autam

325 5172 329 5179 ,
442 5093 709 5172 constitutionem,
731 5098 884 5176 qurrrntunr
906 5092 946 5159 ari
968 5093 1106 5159 stantium
1131 5092 1267 5172 triennii,
1289 5093 1329 5159 ud
1352 5095 1414 5160 irun
1437 5095 1599 5159 institutos
1613 5092 1850 5160 archidiaconos
1864 5093 1991 5160 extemli

442 5195 587 5262 uolumus
609 5203 643 5262 et
663 5195 864 5261 mandamus:
886 5193 945 5259 nisi
968 5203 1001 5260 ct
1023 5196 1161 5262 instituti
1183 5195 1245 5263 iam
1267 5194 1343 5263 iacti
1366 5197 1440 5277 sirit,
1462 5203 1496 5262 et
1519 5196 1703 5262 iristitucndi
1725 5202 1887 5280 pistacias
1903 5197 1991 5263 insti·

443 5299 583 5367 tationes
602 5299 679 5366 timot
700 5298 818 5384 absque
840 5298 916 5363 vitio
935 5304 968 5365 et
989 5299 1082 5384 culpa
1104 5300 1242 5384 ipsorum
1264 5299 1343 5364 mico
1365 5318 1528 5383 proruptores,
1549 5299 1678 5382 debiles,
1702 5301 1750 5367 vei
1780 5299 1905 5381 iuiirrrri,
1935 5305 1992 5367 aut

2274 1772 2288 2144 d...--..-
2252 537 2287 1648 -ςρβ-Ω,ειεε·εεεε·ἰέἓε
