4860 6180
1777 306 1851 380 427

302 515 400 577 staro.
432 505 648 594 ,coturnoso
670 513 786 589 auteur,
810 527 849 575 ne
871 507 930 590 ipsi
951 506 1065 590 prelati
1086 507 1125 574 de
1147 515 1252 575 cetero
1273 506 1416 574 dolemot
1437 506 1485 572 vol
1508 506 1646 574 lrarlnant
1674 505 1853 586 mantellos,

302 630 374 678 cunr
397 608 511 694 quibus
533 609 686 677 luteteoos
707 611 849 693 equitare
871 615 905 674 ot
925 628 1004 691 quos
1028 610 1059 675 iu
1082 612 1217 694 prinpalis
1240 617 1273 676 ct
1294 611 1405 676 alionis
1429 609 1585 694 hospitiis,
1608 631 1669 675 nou
1684 610 1785 675 solour
1802 630 1853 675 ce·

303 731 371 780 rmn
391 711 517 778 lonrulis
539 712 605 777 suis
626 712 680 777 scd
703 713 799 778 etiarn
822 731 926 779 corani
957 711 1037 792 aliis,
1067 720 1295 779 consueverunt
1321 713 1452 779 detene.
1498 710 1714 779 l‘cnuittiurus
1736 717 1853 792 auteur,

302 813 388 899 quod
410 815 532 898 prossint
552 814 668 880 lraberc.
690 814 856 880 mantellos
879 815 1030 880 rotootos
1051 816 1117 880 sive
1148 816 1282 882 tabarda
1311 814 1515 895 longitudinis
1541 815 1711 894 urolcrate,
1740 833 1854 897 cosque
1893 867 1919 907 „¹

302 915 424 982 descire
446 935 516 981 corn
539 916 686 1001 capuciis,
710 919 866 1000 scutulatis
887 917 928 983 ab
943 919 988 983 cis
1000 925 1143 1001 temporo
1158 918 1309 1000 plusioso,
1332 920 1441 984 nivoso
1456 937 1512 984 scu
1527 918 1685 1002 pruinoso,
1708 923 1742 982 et
1756 936 1853 999 quuur

303 1018 344 1086 ad
363 1018 519 1085 exercitus
541 1035 597 1083 scu
618 1019 808 1084 curiationcs
830 1026 887 1084 aut
906 1020 1119 1102 expeditiones
1141 1039 1179 1084 cx
1201 1021 1298 1085 cortis
1317 1028 1350 1086 ct
1371 1021 1556 1087 incessantis
1578 1020 1691 1100 carisio,
1714 1037 1734 1084 a
1756 1019 1854 1084 sacrm

303 1120 474 1189 canonibus
495 1119 623 1185 mirriruc
645 1121 830 1204 reprobatis,
854 1141 907 1186 eos
926 1121 1093 1204 multigenit
1114 1121 1279 1204 proticisci.
1325 1122 1456 1206 Insuper
1475 1123 1686 1206 prolribeunrs,
1715 1140 1754 1187 ne
1783 1140 1854 1204 pre-

303 1222 361 1290 lati
379 1223 428 1288 vel
450 1221 650 1289 ecclisiarum
673 1224 900 1290 catlrultaliron
922 1222 1064 1290 canonici
1085 1223 1230 1305 deinceps
1252 1224 1310 1290 sub
1333 1225 1490 1291 mantellis
1514 1225 1561 1291 vel
1584 1224 1702 1307 cappis,
1723 1241 1780 1305 pro
1796 1242 1852 1306 pa·

304 1330 413 1393 ratum
432 1325 535 1391 varios
556 1341 813 1409 quorumcunque
832 1326 972 1391 colorum
993 1325 1059 1390 sive
1077 1325 1285 1392 varietatum:
1309 1326 1369 1390 nisi
1392 1326 1474 1393 forto
1489 1327 1659 1392 uarietates
1674 1325 1854 1390 huiusmodi

304 1432 410 1494 essent
430 1426 464 1492 in
482 1424 616 1508 pellibus
634 1429 767 1508 agninis,
790 1426 926 1508 vulpinis
948 1430 983 1490 ct
1005 1424 1127 1491 linceis:
1147 1445 1205 1492 seu
1223 1427 1413 1493 zendardunr
1436 1428 1577 1508 rubeam,
1606 1429 1655 1493 vel
1683 1427 1715 1492 in
1738 1427 1851 1509 aliqui·

305 1529 362 1597 bus
384 1528 524 1595 vestibus
544 1528 694 1610 fimbrias,
718 1529 777 1595 hoc
799 1536 849 1595 cst
869 1527 1077 1612 promidioncs
1099 1546 1154 1594 seu
1177 1535 1361 1594 ornamenta
1387 1531 1504 1596 nobilia
1537 1530 1675 1595 exterius
1698 1531 1853 1612 apposita,

306 1630 450 1698 dcladrio
470 1649 526 1698 seu
548 1631 678 1712 binaria,
701 1637 778 1712 scta,
800 1637 857 1696 aut
878 1630 918 1697 do
937 1631 1045 1714 aliqua
1065 1630 1130 1697 alio
1151 1631 1245 1696 simili
1268 1632 1410 1713 matoria,
1432 1632 1576 1698 (leserunt
1597 1631 1662 1697 ullo
1684 1631 1786 1696 mollo.

407 1738 454 1799 Be
474 1738 606 1798 arcendo
627 1740 749 1798 crescium
767 1740 851 1798 troo.
896 1732 1110 1814 Prohibemus,
1133 1753 1173 1800 ne
1191 1733 1304 1817 prelati
1325 1740 1384 1799 aut
1404 1734 1469 1815 alii,
1488 1735 1521 1800 iu
1543 1732 1759 1817 dignitatibus,
1782 1752 1853 1816 per·

306 1834 478 1918 sonatibin,
500 1854 557 1902 sco
578 1835 813 1903 canonicatibus
834 1836 1035 1902 ecclesiarum
1057 1836 1287 1903 catlredralium
1307 1855 1364 1902 sen
1389 1837 1634 1920 collegiatarum,
1663 1836 1782 1903 sivein
1805 1855 1855 1901 ec·

306 1938 408 2007 clesiis
435 1956 542 2006 curam
573 1939 750 2005 animarum
776 1937 975 2019 habentibus,
999 1944 1056 2004 aut
1083 1939 1117 2005 in
1142 1939 1318 2006 sacerdotio
1344 1939 1519 2020 constituti,
1545 1940 1685 2006 manicas
1711 1937 1856 2004 deterant

306 2040 503 2122 consutitias,
524 2058 583 2108 nec
605 2046 694 2125 togae
716 2041 781 2107 sive
802 2041 987 2124 guaroacias
1016 2058 1073 2106 seu
1094 2041 1349 2123 supertunicalio,
1376 2046 1433 2107 aut
1459 2058 1643 2124 quecunque
1668 2039 1733 2106 alia
1760 2039 1856 2104 vcsti-

306 2133 414 2210 menta
435 2142 570 2226 desuper
590 2148 719 2226 portent
738 2149 858 2226 aperta
904 2141 966 2208 Sed
986 2141 1056 2225 ipsa
1078 2143 1242 2226 superiora
1262 2144 1446 2210 indumenta
1468 2142 1669 2209 circumcirca
1693 2159 1793 2225 usque
1815 2140 1856 2207 ad

307 2243 446 2311 fimbrias
467 2243 604 2312 habeant
624 2245 749 2325 clausa;
770 2245 859 2311 nulla
882 2245 1020 2327 collaria,
1042 2245 1104 2310 nisi
1126 2244 1208 2312 torte
1230 2246 1264 2311 in
1285 2245 1425 2313 tabardis
1447 2245 1496 2311 vel
1518 2244 1677 2312 mantellis
1705 2244 1747 2310 ad
1767 2245 1856 2328 equi·

305 2347 436 2415 tandum
456 2347 658 2414 circumcirca
677 2347 803 2414 omnino
824 2347 970 2428 rotundo,
994 2347 1043 2414 vel
1065 2347 1210 2415 bottoncs
1232 2348 1299 2415 sive
1326 2348 1439 2415 tibulus
1465 2366 1578 2416 aureas
1605 2348 1654 2416 vel
1676 2355 1852 2432 argenteos,

306 2456 362 2518 aot
383 2449 504 2533 aliquid
524 2450 595 2516 aori
616 2449 667 2517 vel
689 2450 813 2534 argenti
834 2449 1002 2517 habentem
1021 2457 1167 2517 ornatum
1189 2453 1222 2517 in
1243 2451 1401 2535 aliquibus
1423 2452 1489 2518 suis
1508 2451 1648 2518 vestibus
1669 2450 1855 2518 deferentes.

305 2551 395 2632 Quod
416 2553 445 2618 si
466 2553 521 2635 qui
542 2554 735 2619 contrarium
756 2552 898 2635 iecerint,
921 2560 1023 2620 vastes
1045 2554 1224 2620 huiusmodi
1246 2573 1303 2638 per
1324 2573 1398 2621 suos
1421 2555 1598 2621 ordinarios
1618 2553 1803 2621 auferantur
1822 2554 1855 2618 in

305 2672 382 2720 usus
403 2672 577 2738 pauperum
598 2662 656 2722 aut
676 2657 710 2723 iu
731 2655 811 2724 ulios
833 2657 902 2740 pios
921 2675 997 2723 usus
1020 2657 1245 2738 convertende;
1267 2657 1498 2739 nichilominus,
1527 2658 1581 2741 qui
1602 2658 1636 2723 in
1658 2657 1718 2742 lroc
1736 2655 1856 2722 inventi

305 2756 424 2824 fuerint
445 2759 624 2840 excossime,
647 2759 709 2824 uisi
729 2758 769 2824 ed
785 2759 969 2825 mandatum
992 2760 1042 2825 sui
1061 2760 1231 2843 superioris
1249 2778 1284 2826 se
1304 2760 1507 2842 correxerint,
1530 2778 1629 2843 usque
1650 2758 1691 2825 ad
1710 2757 1854 2825 satisfac·

306 2861 424 2928 tionem
445 2878 467 2927 a
485 2860 551 2927 suis
572 2859 732 2928 beneficiis
754 2861 819 2927 sint
840 2861 910 2944 ipso
931 2859 1015 2928 tacto
1033 2862 1186 2945 suspensi.

409 2969 594 3029 Aesimum
615 2984 689 3028 acac
706 2969 994 3044 praetereuntem
1014 2970 1185 3043 musar.
1230 2962 1449 3032 interdicimus
1471 2961 1616 3030 omnibus
1635 2955 1755 3031 clericis
1777 2981 1851 3046 por·

306 3071 377 3133 tare
398 3066 541 3148 annulos,
563 3066 624 3134 nisi
646 3067 711 3132 sint
732 3065 846 3150 prelati
868 3065 982 3149 quibus
1003 3065 1090 3134 licite
1112 3072 1272 3150 competat
1294 3085 1333 3133 ex
1354 3065 1456 3133 oflicio
1478 3065 1643 3150 dignitatis
1665 3065 1715 3133 vel
1737 3085 1775 3132 ex
1790 3067 1855 3149 pri-

292 3169 418 3263 vilegio
440 3167 530 3236 Sedis
544 3167 716 3252 apostolice
737 3168 881 3252 speciali3
904 3169 1127 3236 comuetadiuc
1148 3170 1182 3234 in
1204 3169 1263 3235 hoc
1286 3170 1446 3237 contraria
1473 3168 1719 3236 nonobstante.
1765 3167 1856 3248 Quod
1896 3157 1901 3166 ’
1965 3188 1969 3196 ·

306 3273 424 3356 siquis
445 3273 485 3339 de
506 3277 610 3339 cetero
632 3272 764 3339 clericus
786 3272 936 3338 annulum
953 3279 1082 3356 portans
1100 3274 1247 3339 inventus
1268 3271 1374 3353 luerit,
1404 3270 1567 3338 auferatur
1588 3272 1617 3337 ei
1643 3271 1778 3337 annulus
1801 3290 1858 3354 per

295 3392 398 3447 ‚suum
426 3374 618 3441 ordinarium
644 3382 678 3441 et
702 3393 765 3441 noa
796 3373 947 3441 reddatur
974 3376 1088 3443 eidem:
1122 3376 1218 3442 immo
1245 3374 1329 3441 idem
1357 3381 1571 3457 transgressor
1601 3373 1733 3440 clemens
1760 3374 1856 3440 ctiam

306 3476 505 3544 tantumdem
524 3476 722 3543 advolarem
740 3477 826 3543 illius
847 3477 956 3545 annuli
976 3478 1009 3543 io
1031 3477 1123 3544 rebus
1146 3478 1217 3544 aliis
1239 3482 1371 3561 cogatur
1392 3474 1582 3560 pauperibus
1603 3494 1742 3559 erogare.
1784 3475 1857 3542 Cle·

306 3581 391 3647 ricus
411 3585 518 3646 autem
539 3580 594 3662 qui
616 3579 768 3646 aramum
789 3579 866 3647 dare
887 3579 1052 3646 diocesano
1073 3579 1122 3646 vel
1144 3580 1318 3665 predictam
1340 3579 1552 3662 quantitatem
1574 3578 1694 3645 solvero
1713 3585 1856 3645 contem·

305 3689 406 3765 neret,
438 3681 479 3750 ab
503 3683 647 3766 ingressu
673 3682 803 3749 ecclesie
829 3688 977 3748 arceatur
999 3681 1097 3748 donec
1127 3681 1279 3748 annulum
1308 3680 1421 3748 reddat
1444 3686 1478 3747 et
1502 3698 1616 3764 penam
1650 3680 1753 3747 soluat
1784 3698 1855 3764 pre·

306 3785 435 3853 dictam

419 3891 543 3952 Vallum
563 3893 774 3952 ecclesiacticis
795 3892 927 3966 popinas
945 3891 1041 3952 odire.
1072 3884 1258 3968 Statuimus,
1282 3887 1366 3970 qnod
1387 3884 1475 3952 nulla
1497 3903 1631 3968 persona
1645 3884 1860 3953 ecclesiastica

307 3991 341 4056 io
362 3991 505 4058 domibus
526 3991 592 4056 sice
614 3991 710 4057 curiis
729 3991 761 4055 in
784 3990 897 4072 quibus
920 3988 1075 4070 habitant,
1099 3987 1262 4054 tabernam
1282 3988 1336 4054 ubi
1357 3991 1464 4054 vinum
1486 3988 1667 4054 minutatim
1691 3988 1858 4068 vendatur,

307 4094 357 4159 vel
376 4093 430 4159 ubi
451 4093 539 4173 viles,
559 4092 642 4159 leves
665 4112 721 4158 seu
742 4100 887 4175 suspecto
901 4092 1101 4174 trospitcutur
1114 4096 1171 4157 aut
1186 4098 1409 4157 conversentur
1423 4109 1565 4173 persone,
1588 4091 1713 4171 babere,
1737 4096 1853 4170 tenere,

308 4197 358 4262 vel
379 4195 535 4262 sustinere
556 4201 726 4278 presumat.
772 4194 860 4273 Quod
884 4193 911 4259 si
934 4194 1005 4277 quis
1027 4195 1060 4259 in
1082 4193 1131 4259 his
1159 4195 1337 4275 excesserit,
1360 4200 1393 4260 et
1414 4211 1434 4259 a
1456 4211 1513 4258 suo
1539 4195 1699 4276 superiore
1721 4196 1859 4260 monitus

307 4317 371 4365 non
394 4297 606 4364 emendaverit
626 4298 710 4364 intra
732 4298 900 4363 tcunrinurn
922 4296 982 4360 sibi
1003 4296 1149 4376 dandum,
1173 4316 1211 4362 cx
1234 4303 1310 4364 tuuc
1332 4296 1493 4380 usquead
1515 4297 1763 4363 emendationem
1785 4316 1859 4362 coo·

308 4400 433 4484 dignam
455 4399 496 4467 ab
518 4401 660 4483 ingressu
682 4399 810 4465 aecclesie
832 4398 1026 4464 cxcliolatur.

415 4508 551 4568 brodon
565 4525 582 4566 c
594 4508 720 4582 flivrriliis
734 4508 882 4579 religiosis
897 4507 997 4571 acciti,
1017 4507 1180 4580 pristinum
1195 4509 1306 4564 crottum
1324 4522 1445 4566 screare
1460 4508 1542 4567 iussi.
1573 4500 1750 4567 Statuimus
1764 4502 1860 4568 etiaim

309 4611 342 4670 et
357 4605 580 4671 inviolabiliter·
594 4605 752 4671 obsecrari
771 4604 967 4686 precipimus,
992 4604 1075 4686 quod
1097 4623 1204 4669 cirrrncs
1226 4611 1260 4669 ct
1273 4603 1398 4684 singuli,
1422 4605 1460 4669 de
1482 4605 1640 4687 aliquibus
1656 4602 1859 4684 religionibus

309 4709 374 4773 sive
396 4708 565 4773 Ordinibus
584 4708 624 4773 ad
648 4707 858 4791 porrtiticalcro
879 4706 1065 4781 (lignitatem
1088 4707 1243 4788 assrnnpti
1267 4713 1323 4772 ard
1346 4708 1377 4771 in
1392 4716 1552 4790 posterum
1567 4707 1756 4786 assuunondi,
1773 4706 1859 4771 illius

310 4809 467 4891 religionis
489 4810 553 4874 siro
575 4809 702 4874 Ordinis
731 4809 769 4873 ilc
791 4828 854 4890 iqua
876 4808 922 4871 sol
947 4807 985 4870 de
1009 4827 1071 4889 quo
1094 4811 1247 4891 assurnrpti
1272 4809 1389 4873 fomiut
1410 4810 1458 4875 vel
1477 4811 1635 4876 decetne
1649 4817 1859 4888 assumentur,

310 4908 451 4977 liabitonr
472 4919 536 4976 trun
560 4913 591 4975 in
615 4911 752 4976 restituis
775 4931 869 4992 <proruo
895 4910 923 4974 io
947 4912 1166 4976 calccanrcotis
1188 4919 1221 4976 et.
1242 4912 1490 4994 ‹puilnisoonopie
1517 4912 1588 4976 aliis
1618 4917 1685 4976 toto
1720 4919 1861 4993 teropuo

314 5014 375 5078 vite
394 5033 451 5079 suc
472 5013 594 5079 dclcnu
618 5021 784 5078 terrcantur
805 5023 835 5077 ct
859 5014 998 5078 dctiunut
1026 5014 1055 5075 in
1080 5013 1203 5094 piirtrlioo
1226 5023 1253 5079 ct
1281 5022 1415 5093 su·r·oto;
1444 5034 1500 5079 ricc
1522 5014 1662 5080 trontius
1686 5015 1774 5079 illurn
1797 5015 1861 5078 ullo

314 5119 453 5197 tenuiore
475 5115 648 5194 dimittunt,
672 5124 725 5179 aru
751 5123 862 5194 restes,
886 5117 1097 5181 ‹nlcconrcnta
1119 5117 1166 5180 rel
1190 5119 1296 5200 aliqua
1317 5118 1389 5197 calici,
1410 5117 1550 5184 delirant
1569 5118 1599 5180 io
1615 5117 1728 5196 colore,
1752 5118 1861 5197 torona,

312 5237 364 5284 nur
388 5220 522 5284 oraturia
543 5219 703 5282 contraria
724 5219 770 5282 vel
793 5220 935 5284 dissimili
961 5219 1101 5298 religioni
1125 5221 1190 5283 siu·
1212 5221 1320 5284 tir-cliui
1345 5221 1543 5302 supmdictis.
1573 5220 1632 5298 (pri
1656 5238 1729 5283 uuo
1752 5226 1863 5284 ascititia
1949 5282 1955 5291 ,

1654 5337 1704 5391 bl*
