4476 6180
1770 217 1871 357 rurs

337 474 433 560 duas,
454 473 620 563 presertim
641 472 826 544 clericorum
847 470 1074 555 interiorum,
1093 473 1149 559 qui
1169 475 1282 545 mutis
1300 492 1357 544 sue
1378 473 1575 544 lmmcmmes
1594 494 1653 562 pro
1674 480 1764 546 tanto
1790 495 1874 547 eom·

338 579 434 649 mlmo
451 580 574 649 reniam
595 584 703 664 petere
723 596 763 647 ac
783 576 926 646 Ecclesie
944 576 1137 644 renonciliati
1159 582 1395 665 contempnunt
1417 575 1520 645 acrius
1537 576 1675 647 decrerit
1694 581 1877 665 puniemus,

190 753 195 763 ,
339 688 377 750 ut
395 699 477 767 quos
497 683 593 750 umor
612 681 673 750 Ilei
693 699 715 748 a
734 680 819 748 malo
839 684 1055 761 conteneant,
1078 680 1232 749 iudicialis
1253 701 1387 750 censura
1407 678 1593 749 conberceat
1612 699 1633 747 a
1653 681 1796 766 pomata:
1819 704 1878 754 nos

339 783 503 853 Boleslaus
524 784 585 852 Dei
604 784 712 870 gracia
732 783 798 851 dur
818 781 956 862 Polemo,
977 782 1033 866 qui
1053 781 1097 849 ad
1105 783 1303 860 ,Maeniam
1322 782 1488 867 unicnique
1509 782 1665 850 iusticiam
1686 783 1791 852 divim
1807 806 1878 872 pre-

336 886 504 956 ordinante
523 887 692 955 clemencia
712 903 821 954 sumus
844 883 1018 965 constituti,
1042 883 1275 952 considerantes
1296 885 1381 970 quod
1400 884 1500 952 nater
1519 891 1627 951 noster
1652 884 1716 952 dux
1737 886 1877 972 Premisl‚

339 991 415 1060 dum
436 988 631 1058 Gnennensis
650 995 685 1056 et
705 988 891 1056 Kalisiensls
909 1004 948 1053 ac
973 986 1227 1055 interiacencium
1248 993 1425 1056 castrorum
1450 985 1595 1054 domiuus
1620 986 1779 1070 mutaret,
1803 988 1878 1057 liliis

341 1091 511 1177 Golegonis
532 1090 740 1158 inmeditatem
754 1089 883 1156 Biskow
904 1089 1038 1170 nomine,
1060 1088 1144 1155 inter
1161 1088 1299 1157 Smeeisc
1320 1095 1354 1157 et
1373 1089 1455 1156 lilios
1466 1087 1631 1156 Albracbti
1645 1094 1679 1156 et
1690 1087 1879 1159 Absalonem
1964 1091 1965 1094 ’

339 1193 440 1262 libum
459 1191 612 1260 bernardi
631 1193 737 1272 sitnm
759 1191 836 1275 quia
856 1190 995 1259 onmem
1018 1189 1184 1258 Absalonis
1199 1190 1331 1258 fratrem
1346 1181 1469 1260 nomine
1483 1191 1647 1259 Albaniam
1662 1190 1879 1279 presbiterum

339 1296 584 1365 Poananiensem
604 1294 751 1363 videlieet
770 1295 953 1362 canonicum
974 1291 1208 1377 interfecerunt,
1229 1299 1264 1362 et
1284 1296 1367 1380 citra
1387 1296 1526 1381 spacium
1540 1314 1595 1364 ser
1613 1314 1764 1364 annorum
1778 1295 1818 1364 ad
1836 1297 1878 1364 si·
1905 1319 1913 1337 ·

340 1417 416 1467 num
436 1398 549 1466 matris
569 1396 711 1465 Ecclesia
728 1396 832 1464 redire
852 1415 891 1464 ac
912 1396 979 1464 eius
998 1396 1136 1480 graciam
1158 1402 1266 1481 petere
1287 1416 1351 1465 non
1372 1405 1532 1482 curarunt,
1553 1418 1610 1485 per
1623 1400 1811 1468 sentenciam
1825 1399 1881 1468 ab·

341 1501 501 1582 iudicarit,
522 1500 624 1568 ullum
645 1518 806 1567 accessum
827 1500 877 1567 vel
898 1499 1095 1582 questionem
1111 1499 1177 1567 sive
1197 1500 1359 1585 querelam
1380 1502 1425 1568 eis
1443 1506 1476 1569 et
1489 1520 1597 1570 eorum
1611 1503 1745 1587 posteris
1757 1502 1797 1571 ad
1811 1522 1880 1571 eam

341 1603 585 1689 recuperandam
606 1603 641 1668 iu
662 1608 849 1687 perpetuum
870 1601 1059 1685 relinquens,
1083 1620 1122 1669 ue
1143 1601 1189 1668 nil
1210 1602 1381 1672 humilibus
1401 1603 1580 1673 obediencia
1592 1605 1755 1689 prodesset
1767 1607 1795 1673 si
1807 1625 1881 1675 onn-

345 1711 486 1793 temptus
506 1704 742 1774 contumacibus
768 1723 831 1785 non
854 1703 991 1771 obesset:
1023 1705 1099 1787 quia
1127 1703 1268 1788 predicta
1287 1705 1445 1773 hmedius
1465 1705 1505 1774 ad
1528 1707 1577 1773 ius
1603 1711 1637 1774 et
1657 1707 1881 1792 proprietatem

342 1813 485 1878 nostram
505 1827 564 1894 per
584 1807 779 1876 semunciam
799 1811 851 1875 est
870 1804 1028 1887 coelura,
1048 1822 1106 1872 nos
1127 1824 1197 1873 earu
1218 1806 1344 1874 Ianusio
1364 1807 1541 1875 Gna-ensi
1567 1808 1725 1892 preposito
1744 1809 1882 1876 vendidi·

342 1929 412 1980 mus
432 1928 492 1996 pro
511 1910 675 1994 sexaginta
693 1909 808 1977 marcis
828 1907 952 1992 argenti
974 1906 1164 1974 herediolum
1186 1908 1255 1976 iure
1276 1909 1309 1976 in
1323 1915 1509 1995 perpetuum
1522 1909 1750 1994 possidendam,
1770 1910 1882 1979 dantes

343 2013 519 2099 eiplenam
538 2017 574 2080 et
593 2011 726 2080 liberam
752 2015 944 2096 potestatem
968 2009 1070 2095 ipsam
1096 2010 1270 2095 cuicunque
1296 2011 1431 2082 voluerit
1457 2011 1619 2094 vendendi,
1647 2012 1792 2095 donandi,
1816 2012 1883 2082 sive

343 2115 427 2184 inter
446 2115 534 2182 viros
554 2132 610 2183 sen
633 2133 673 2181 ex
692 2117 894 2194 testamento,
916 2111 983 2178 sive
1003 2129 1200 2197 quocumque
1224 2111 1289 2180 alio
1314 2115 1406 2182 morlo
1430 2112 1565 2182 voluerit
1589 2113 1795 2182 distrahendi
1837 2114 1882 2182 Et

343 2217 420 2303 qnia
439 2216 524 2285 idem
544 2214 570 2283 L
592 2217 783 2301 prepositus,
805 2214 951 2283 omnibus
973 2214 1211 2300 consanguineis
1230 2216 1307 2298 sois,
1329 2217 1443 2302 quibus
1459 2235 1530 2285 eam
1550 2215 1590 2284 de
1603 2222 1711 2285 nosnu
1732 2234 1883 2286 consensu

343 2319 462 2390 donare
482 2324 618 2406 poterat,
640 2319 861 2405 pretermissis,
883 2318 978 2386 beato
997 2317 1169 2385 Arabeta
1191 2322 1225 2386 et
1243 2317 1372 2387 eocleme
1386 2315 1485 2402 ipsius
1505 2336 1576 2386 eam
1596 2318 1730 2388 contulit
1752 2319 1826 2387 villa
1842 2319 1883 2387 de

344 2421 481 2492 smne
502 2422 603 2508 ipsam
621 2421 788 2507 iungendo,
809 2439 869 2489 nos
890 2421 944 2505 pia
965 2420 1064 2504 ipsius
1083 2420 1260 2489 intencbue
1282 2420 1488 2504 considerata,
1507 2421 1705 2490 donationem
1722 2422 1789 2490 eins
1810 2441 1884 2509 eane

344 2523 416 2594 iem
433 2523 568 2610 benigno
589 2542 721 2593 assensu
742 2522 973 2612 confirmamus,
995 2527 1029 2590 ct
1050 2521 1090 2589 ob
1111 2523 1322 2591 reverenciam
1342 2521 1427 2591 beati
1449 2521 1622 2606 edelberti,
1649 2524 1689 2592 ob
1713 2525 1883 2594 remecfium

345 2627 445 2696 ωἰωι
465 2627 580 2695 salutis
601 2633 709 2695 nostre
730 2644 769 2695 aa
790 2632 980 2707 nostrorum,
1001 2624 1086 2692 dicte
1108 2623 1182 2692 ville
1202 2624 1314 2693 incolis
1335 2626 1544 2710 cuiusmnque
1558 2626 1745 2695 condicionis
1758 2627 1822 2694 siut
1834 2625 1884 2694 rel
1949 2703 1952 2706 ,

319 2720 322 2725 ⁴
346 2726 464 2798 aaut
484 2728 615 2799 undem
633 2728 824 2798 oonurlimns
845 2733 880 2796 et
899 2726 1087 2796 conlemmus
1108 2725 1297 2809 libertatem,
1323 2745 1419 2811 quam
1440 2726 1617 2796 habuerunt
1636 2734 1671 2797 et
1697 2727 1815 2797 habent
1833 2746 1885 2796 as-

348 2831 484 2917 criptim'l
506 2832 547 2899 de
567 2830 704 2899 Smeeise
724 2834 759 2898 et
779 2830 841 2898 ulie
858 2830 989 2914 antique
1008 2828 1083 2896 ville
1104 2827 1245 2914 Capituli
1265 2829 1467 2897 (lucanensis
1511 2829 1667 2911 Quasdam
1681 2836 1787 2898 tamen
1800 2829 1885 2898 solu·

347 2933 449 3002 tiones
470 2951 528 3002 seu
548 2934 726 3002 mactiones
748 2951 807 3018 per
826 2949 885 2999 nos
905 2932 1073 3014 relaxatas,
1102 2949 1164 3016 que
1184 2931 1275 3000 nobis
1301 2932 1427 2999 racione
1451 2931 1581 3000 dominii
1609 2934 1824 3018 pertinuerunt
1843 2931 1885 3000 ab

347 3035 488 3121 nanque,
505 3035 643 3120 propriis
661 3034 840 3103 nominibus
859 3033 1007 3101 duximus
1032 3033 1267 3118 specificandos,
1294 3038 1400 3102 amosa
1424 3035 1578 3118 videbcet,
1602 3035 1773 3121 podvorore
1800 3036 1884 3124 (sie),

347 3136 630 3222 maenibus
658 3142 693 3205 et
712 3135 754 3204 ab
783 3135 928 3204 omnibus
954 3135 1026 3205 aliis
1054 3135 1268 3204 exacuonibus
1294 3153 1489 3221 quocumque
1515 3137 1664 3206 vocabulo
1691 3144 1885 3221 oemeautnr,

347 3238 507 3326 sepedicto
519 3239 601 3313 flville
620 3238 747 3306 Bislrovr
769 3239 872 3307 incole
892 3238 958 3306 sint
977 3239 1133 3306 inmunes.
1175 3236 1226 3306 Ne
1245 3241 1354 3306 autem
1374 3243 1439 3306 tam
1459 3237 1630 3324 sollempne
1643 3239 1761 3309 lactum
1780 3240 1886 3308 rendi·

197 3348 199 3353 '
349 3342 457 3425 doum
480 3346 588 3410 nosue
607 3340 787 3410 domnonia
806 3345 842 3409 et
862 3339 1107 3409 confirmationis
1126 3361 1147 3410 a
1166 3358 1325 3425 quoquam
1345 3339 1379 3406 in
1404 3345 1564 3426 postemm
1590 3343 1691 3426 possit
1715 3343 1885 3426 immutari,

348 3450 527 3531 umentem
544 3444 690 3530 paginam
711 3444 813 3512 nocui
833 3445 1006 3512 munimine
1026 3444 1123 3529 sigilli
1143 3442 1290 3512 dommus
1311 3443 1526 3511 roborandam
1568 3445 1683 3512 Actum
1702 3444 1737 3512 ln
1757 3445 1887 3513 Gnerna

350 3547 384 3616 in
405 3547 545 3617 ormano
570 3547 655 3615 beati
679 3545 855 3629 Adalbertl
887 3564 971 3615 anno
996 3545 1101 3630 gracie
1125 3544 1235 3613 lice.
1264 3545 1520 3630 quinquagesimo
1546 3547 1688 3631 septimo,
1716 3546 1887 3616 Indictione

351 3649 592 3737 gninudeeima,
621 3648 820 3734 presentibus
846 3650 963 3717 nostris
984 3648 1154 3717 baronibus
1179 3648 1446 3733 quamplurimis,
1468 3648 1649 3732 intorques
1669 3649 1888 3734 nominaque-

352 3753 485 3821 mudum
513 3753 732 3838 principalium
760 3750 892 3818 fecimus
918 3749 1092 3832 subnotari,
1119 3749 1231 3817 horum
1256 3749 1419 3818 videlicet:
1451 3748 1695 3819 Hercomboldus
1719 3752 1887 3837 palatinus,

353 3852 716 3924 comemmorans
737 3853 928 3922 castellanus
948 3853 1143 3935 Kalisiensis‚
1162 3852 1279 3938 Spmon
1300 3852 1488 3919 matellanus
1509 3851 1717 3938 anamma*
1737 3853 1894 3922 larostins

354 3956 447 4026 inlex
467 3957 564 4040 cume,
583 3955 780 4025 Osimborius
801 3955 964 4039 subiuder,
985 3954 1153 4024 Mecislaus
1173 3957 1325 4040 pincerna
1344 3954 1540 4022 Kalisiensis

454 4161 592 4245 samo,
615 4165 709 4331 aaa
729 4166 860 4236 „aaa
891 4125 1038 4244 sileae,
1062 4161 1236 4227 mosara
1265 4159 1352 4228 mua
1371 4157 1537 4228 romam
1558 4157 1615 4225 mn
1635 4157 1796 4245 amma
1818 4164 1889 4227 m-

356 4269 438 4351 ntea,
458 4270 518 4347 σίν.
538 4268 596 4334 Nr.
682 4314 690 4331 .
