4860 6180
2089 51 2162 127 289

614 251 837 346 propudii...
872 255 981 333 ampo
1001 255 1182 334 pampano.
1231 252 1358 316 trzecm
1386 257 1590 335 przedstaroia
1623 257 1723 335 Opoto
1743 274 1775 323 ,so
1796 256 1906 344 infida
1928 273 1949 318 z
1974 256 2164 344 pastoratem

614 382 641 429 u
654 361 805 442 panim,
822 375 865 421 aa
879 355 964 436 1001]
980 374 1138 437 spocrproo
1158 358 1280 441 erispa·
1297 359 1389 435 napis
1401 406 1409 422 .
1423 406 1454 424 ..
1478 357 1603 426 abbatis
1624 353 1787 440 Poradysi.

715 456 852 525 harod
900 461 1064 526 Bibliotrlro
1086 456 1258 542 Raczprislc.
1278 461 1418 540 boloma
1440 463 1475 538 B,
1497 464 1528 530 1.
1548 499 1593 514 -
1609 458 1789 544 aoczprtskt,
1816 460 1885 524 coa
1907 461 2029 540 diplom.
2053 464 2165 528 noar.

614 567 717 635 eoba
737 563 792 630 33.

715 766 754 835 10
783 765 910 835 nomine
934 765 1063 834 Domini
1091 766 1193 833 nostri
1220 766 1315 835 Ibcsu
1341 766 1471 836 christi.
1516 769 1688 838 Wernerus
1714 769 1754 838 dc
1779 767 1912 836 Foroato
1933 772 1968 834 ct
1986 768 2165 852 prepositus

615 870 743 945 00010110
764 869 952 938 Gobincnsis
971 869 1031 937 Dei
1052 870 1168 953 gracia
1191 870 1346 937 universis
1368 870 1489 940 christi
1510 872 1654 942 fidelihus
1675 877 1838 958 presentes
1858 869 1984 938 litteras
2005 861 2180 954 inspectu?

614 977 660 1047 rla
684 974 720 1042 ln
743 973 839 1040 lhesu
864 972 992 1041 Christo
1017 973 1163 1040 salutem.
1208 971 1298 1039 Sicut
1324 973 1407 1039 enim
1435 981 1559 1059 tempus
1588 994 1751 1060 nunquam
1777 977 1828 1041 est
1851 971 1967 1040 stabile
1994 978 2045 1040 sct
2065 971 2165 1041 fluens

615 1075 733 1160 defluit,
753 1075 802 1144 ita
818 1094 953 1160 quoqne,
976 1095 1048 1142 cum
1068 1076 1136 1159 ipso
1154 1079 1294 1157 ternpore
1316 1075 1505 1158 temporales
1526 1076 1627 1145 fluant
1646 1082 1681 1145 et
1694 1077 1835 1146 defluant
1849 1076 1999 1159 actiones,
2022 1094 2062 1142 nc
2075 1075 2163 1144 laba·

615 1187 669 1251 tur
688 1197 760 1248 cum
784 1184 927 1264 tempore
949 1178 1026 1262 quid
1049 1177 1142 1244 modo
1167 1177 1297 1261 geritur,
1324 1181 1463 1246 eternari
1490 1180 1584 1248 debet
1608 1187 1643 1248 et
1667 1200 1744 1248 voce
1770 1181 1899 1247 testium
1925 1182 1959 1246 et
1988 1179 2165 1248 testimonia

615 1284 803 1354 litterarum
847 1281 1026 1366 Eapropter
1043 1286 1153 1347 notum
1176 1281 1410 1347 essevolumus
1432 1287 1497 1348 tam
1520 1283 1720 1367 presentibus
1737 1301 1833 1367 qnam
1851 1281 1977 1363 futuris,
2000 1281 2085 1366 quod
2106 1300 2164 1350 nos

617 1384 860 1456 mntroversiam
880 1385 964 1451 inter
984 1382 1145 1450 dominum
1167 1382 1313 1450 abbatem
1335 1382 1374 1451 de
1395 1384 1554 1469 Paradyso
1576 1406 1616 1453 ex
1629 1406 1693 1453 uua
1707 1392 1809 1471 parte,
1832 1392 1866 1453 et
1880 1385 2085 1453 wilhelmum
2099 1405 2165 1455 mo·

616 1487 823 1558 1000110οή00
844 1506 883 1556 00
904 1486 1054 1554 heredum
1075 1503 1204 1553 snorum
1225 1487 1289 1554 iam
1310 1487 1365 1553 diu
1386 1494 1506 1556 motam
1527 1507 1584 1573 pro
1600 1489 1778 1568 molendino
1792 1488 1826 1555 in
1841 1488 2000 1571 Paradyso
2020 1508 2060 1556 ex
2074 1493 2165 1572 parte

617 1590 727 1672 altera,
749 1609 807 1675 pro
827 1589 972 1658 lenienda
992 1588 1112 1656 domini
1134 1586 1258 1655 abbatis
1279 1609 1318 1658 ac
1334 1589 1469 1658 fratrum
1491 1611 1618 1660 suorum
1640 1593 1756 1677 inopia,
1787 1591 1845 1658 tali
1871 1591 2061 1674 interposita
2080 1589 2165 1659 ordi·

617 1693 746 1764 nodone
762 1711 868 1761 eoram
890 1692 1024 1760 testibus
1044 1691 1191 1758 duximus
1212 1692 1411 1775 sopiendam:
1439 1694 1525 1776 quod
1553 1695 1642 1761 nulla
1662 1713 1797 1778 persona
1825 1693 1866 1760 de
1894 1692 2168 1776 consanguinitate

617 1796 666 1865 rel
686 1795 841 1863 affinitate
861 1796 1026 1862 memorati
1047 1793 1209 1860 wilhelmi
1229 1792 1346 1860 audeat
1363 1794 1403 1861 de
1422 1801 1527 1863 cetero
1548 1796 1651 1863 dictos
1671 1796 1788 1864 fratres
1815 1793 1957 1878 quolibet
1982 1794 2075 1860 modo
2096 1811 2168 1878 per·

618 1899 756 1981 turbare,
779 1904 836 1965 aot
855 1900 949 1965 etiam
971 1899 1005 1964 in
1022 1898 1109 1964 dicto
1130 1896 1310 1964 molendino
1332 1897 1453 1982 aliquid
1474 1899 1535 1966 sibi
1556 1900 1635 1967 iuris
1649 1904 1812 1986 presumat
1825 1897 1865 1964 de
1880 1902 1986 1964 cetero
2004 1915 2166 1979 usurpare

618 2001 666 2073 Ut
692 2000 791 2086 igitur
816 1999 875 2068 bec
903 2007 1011 2068 nostre
1035 1998 1273 2084 composicionis
1306 2001 1421 2085 pagina
1445 2001 1561 2069 intuma
1587 2002 1782 2086 temporibus
1809 2001 1929 2084 absque
1959 1999 2168 2082 ambiguitate

619 2101 760 2190 qualibet
780 2103 821 2171 ab
842 2102 986 2170 omnibns
1007 2100 1232 2169 inviolabiliter
1252 2100 1444 2186 observetur,
1466 2103 1568 2189 ipsam
1589 2105 1764 2191 sigillorum
1786 2109 1968 2170 nostrorum
1994 2108 2028 2169 et
2049 2101 2168 2170 domini

619 2205 663 2274 11
691 2204 816 2273 abbatis
845 2205 947 2290 sigillo
971 2204 1124 2289 Panadysi
1149 2205 1295 2271 duximus
1321 2206 1494 2275 munimina
1520 2207 1740 2289 roborandam,
1767 2205 1918 2274 adhibitis
1945 2205 2167 2273 nichilominus

622 2308 757 2377 testibus
777 2308 906 2393 ydoneis
926 2327 1060 2391 quorum
1081 2307 1210 2374 nomina
1235 2312 1326 2375 sant:
1357 2307 1399 2376 11
1422 2311 1601 2395 prepositus
1629 2308 1669 2376 dc
1697 2307 1811 2391 Gobin,
1845 2307 2045 2376 Borebardns
2070 2301 2166 2375 adro·

620 2416 709 2478 catus
730 2410 764 2477 in
785 2409 898 2492 (dobin,
917 2410 1062 2495 Hegerus
1081 2409 1122 2477 de
1149 2408 1279 2492 Marica,
1311 2411 1504 2480 Ramboldus
1529 2412 1702 2493 Bindewin,
1730 2409 1933 2478 Hermannus
1958 2410 2061 2478 frater
2080 2429 2167 2492 sous,

621 2511 842 2580 0000010010
863 2511 1006 2595 lowem,
1028 2512 1214 2580 (lantherus
1235 2513 1425 2597 chiloac,
1455 2515 1576 2600 lhymo
1601 2514 1642 2582 de
1667 2513 1804 2594 Lucane,
1832 2511 2018 2580 Herbordus
2043 2511 2084 2580 de
2110 2510 2169 2579 So-

619 2613 769 2698 marat,
791 2613 945 2684 Iohannes
965 2613 1204 2697 Dordenbusch,
1225 2613 1376 2683 Nicolaus
1393 2616 1597 2700 monetarius,
1621 2616 1700 2685 Otto
1728 2615 1769 2683 dc
1798 2615 1973 2697 Bdcbowe,
1999 2613 2169 2681 Bertoldus

619 2715 659 2785 dc
686 2715 779 2785 Halls
811 2723 845 2786 et
875 2718 929 2786 alii
960 2736 1058 2804 quam
1083 2716 1199 2803 pluras.
1243 2718 1327 2787 Acta
1352 2725 1428 2788 sunt
1458 2720 1516 2789 hee
1536 2720 1570 2787 in
1591 2718 1698 2788 (iabin
1719 2736 1802 2787 anno
1821 2716 1950 2786 nomm
1970 2715 2169 2800 bidom,

621 2819 795 2890 Indictionc
814 2820 855 2889 K
977 2829 981 2835 ’

548 3109 558 3122 ⁸
621 3131 662 3195 Μ
722 3023 898 3218 m
926 3031 1044 3096 Forte.
1088 3025 1286 3113 Gobinensis,
1317 3029 1355 3095 dc
1386 3029 1495 3095 00100
1538 3025 1727 3112 Paradpsus,
1757 3029 1914 3109 Paradae.
1958 3022 2087 3107 Marica,
2114 3040 2172 3090 ωε

663 3135 714 3194 att

1288 3427 1363 3514 m.
1395 3423 1495 3514 aaa
1583 3354 1604 3467 l

726 3619 881 3706 Prcmlsl
897 3583 975 3706 dnn
991 3623 1141 3708 Polonio
1167 3627 1301 3706 1254
1326 3623 1425 3728 lug.
1442 3627 1487 3721 8,
1502 3621 1752 3728 Pobedpsoh03
1780 3639 1946 3710 mnarum
1970 3638 2170 3726 privilegium

621 3740 650 3811 b
672 3761 715 3812 m
736 3749 901 3830 parentum
920 3762 1059 3830 suorum,
1081 3765 1144 3831 quo
1162 3745 1388 3814 mercatoribus
1410 3743 1461 3812 die
1476 3749 1510 3811 et
1523 3763 1581 3829 per
1592 3750 1738 3813 octavam
1751 3743 1838 3812 beati
1858 3743 2015 3810 Dominici
2030 3741 2079 3810 ad.
2092 3741 2170 3811 ciri·

623 3848 722 3914 tatem
741 3845 868 3915 Ponnan
890 3847 1095 3931 venientibus,
1117 3848 1247 3918 libertas
1266 3867 1329 3916 non
1348 3847 1487 3915 solvendi
1510 3846 1690 3915 theloneum
1711 3845 1817 3915 fuerat
1838 3863 1995 3914 concmaa

727 3951 865 4031 1100000
887 3956 1003 4032 orppin.
1049 3955 1152 4017 Smer
1171 3977 1191 4018 z
1210 3956 1273 4017 eici
1286 3953 1489 4032 jcaooonpch
1509 3955 1721 4033 armonyam
1740 3987 1786 4001 -
1798 3947 1927 4036 pieezfd
1946 3951 2063 4014 mitta

624 4051 862 4221 Μθὲῗωι
904 4057 1022 4120 acm.
1047 4059 1193 4135 mosae.
1237 4058 1376 4134 opum
1402 4055 1457 4119 ro.
1480 4055 1511 4119 1.
1532 4089 1578 4103 -
1597 4052 1779 4136 saepest
1811 4055 1880 4118 coa
1907 4048 2029 4133 aptota
2058 4051 2171 4116 aaa.

623 4370 629 4379 ’
725 4358 764 4427 10
784 4359 909 4430 nomine
929 4365 1038 4429 sancte
1065 4366 1100 4428 et
1124 4359 1282 4428 individue
1305 4360 1470 4428 Trinitatis
1499 4377 1601 4428 amen.
1646 4359 1774 4431 Placuit
1798 4359 1974 4446 dignationi
2000 4357 2173 4427 illustrium
2218 4373 2219 4376 ’

626 4469 791 4548 parentum
812 4470 1001 4548 nostrorum,
1023 4463 1116 4532 beate
1137 4464 1285 4532 memorie
1303 4463 1422 4531 domiui
1444 4462 1610 4547 Vladyzlai
1641 4463 1730 4533 dacis
1755 4464 1814 4532 lilii
1842 4463 1962 4533 Odonis
1988 4469 2022 4532 et
2047 4461 2172 4529 dominc

626 4562 804 4652 Haderpgis
829 4566 951 4635 dudssc
976 4567 1124 4652 Polonyc,
1154 4567 1193 4634 dc
1215 4585 1367 4634 consensu
1385 4571 1495 4633 nostro
1516 4573 1550 4633 et
1570 4567 1689 4635 domiui
1710 4567 1850 4636 Bolerlai
1867 4554 1968 4635 ducis¹
1984 4564 2093 4633 moris
2114 4582 2170 4632 no·

626 4667 695 4752 utri,
716 4668 962 4754 supplicantibus
983 4668 1135 4737 iratribus
1156 4668 1409 4738 Predicatoribus
1430 4668 1471 4736 de
1492 4668 1629 4753 Poznan,
1651 4670 1693 4737 ad
1714 4671 1866 4739 homnem
1879 4670 1940 4738 Dei
1953 4667 2094 4738 atbeate
2106 4666 2171 4735 vir·

625 4770 706 4854 pinis
727 4770 837 4853 Maria,
858 4790 915 4857 pro
933 4772 1136 4840 veneratione
1156 4771 1253 4839 ctiam
1276 4773 1361 4840 beati
1375 4771 1542 4855 Dominici,
1564 4773 1710 4841 omnibus
1724 4774 1953 4843 mercatoribus
1965 4771 2173 4857 undecunque

625 4872 821 4942 venientibus
842 4874 882 4941 ad
903 4875 1062 4942 civitatem
1083 4874 1210 4942 Pornan
1231 4876 1264 4942 in
1285 4875 1337 4943 die
1355 4880 1465 4942 sancto
1487 4893 1524 4943 ac
1547 4894 1605 4960 por
1625 4882 1755 4945 octavas
1784 4876 1923 4945 ciusdan
1953 4874 2077 4943 mirifici
2098 4892 2173 4943 con·

627 4972 763 5063 femoris,
784 4976 824 5047 dc
844 4997 904 5047 non
922 4978 1070 5048 solvcndo
1093 4978 1238 5048 theloneo
1259 4985 1317 5049 aut
1338 4978 1403 5049 alia
1423 4977 1567 5066 qualibet
1587 4981 1753 5050 cnacdone
1768 4980 1948 5049 libertatem
1963 4977 2173 5048 omnimodam

1982 5099 2017 5157 ot
