4860 6180
968 909 970 914 ⁵
1108 968 1182 1055 m.
1215 965 1316 1056 los

533 1199 688 1285 hamul
714 1201 792 1284 dlix
816 1200 966 1284 Poluniu
993 1205 1133 1284 1280
1159 1200 1261 1283 Febr.
1288 1203 1362 1296 13,
1387 1200 1430 1282 in
1455 1198 1584 1301 Kalis;
1625 1215 1746 1283 confort
1786 1213 1976 1282 monasterio

430 1320 565 1390 irutnrm
584 1320 838 1389 Praedicatorum
859 1323 892 1387 in
915 1321 1049 1388 Wronlri
1070 1321 1190 1388 utrrrdiu
1220 1340 1327 1388 omnus
1354 1326 1524 1404 proventus
1552 1318 1592 1386 do
1621 1318 1698 1385 silla
1723 1337 1781 1384 sua
1809 1318 1976 1398 Piotrorr'u,

434 1424 533 1493 donec
554 1424 661 1491 omniu
681 1422 823 1489 uoliiicic
844 1424 984 1491 ciusdem
1005 1426 1187 1491 monasterii
1207 1425 1247 1491 dc
1269 1423 1421 1492 lateribus
1442 1423 1490 1489 vel
1514 1420 1668 1506 lapidibus
1690 1422 1808 1488 fuerint
1821 1426 1975 1501 extructa,
2057 1486 2063 1502 ,

435 1527 579 1611 idemque
601 1526 824 1593 monasterium
846 1526 990 1609 pluribus
1011 1527 1181 1612 privilegiis
1201 1529 1313 1594 munit.

534 1635 675 1710 Paruum,
696 1636 813 1710 orypin.
842 1651 975 1712 nouum
1001 1652 1044 1695 no
1066 1634 1266 1711 powimclmi
1297 1629 1394 1694 widuc
1417 1633 1540 1707 jeszcze
1571 1633 1706 1714 szczptlci
1733 1626 1861 1707 mlordm,
1890 1625 1977 1691 lcldrc

431 1753 514 1801 urus
534 1738 688 1814 spumam
706 1736 872 1811 rrdejscumi
886 1754 981 1814 przez
1003 1740 1076 1799 vnde
1096 1741 1283 1798 zrmzccone.
1330 1737 1469 1819 Pieczpci
1490 1736 1539 1797 nie
1567 1751 1660 1813 murz,
1684 1734 1824 1810 pozostul
1850 1748 1978 1809 umunp

432 1856 528 1903 mnu·
541 1840 605 1902 uici
610 1838 818 1916 secundaret,
833 1839 1024 1926 subinducta
1056 1841 1258 1919 (llopelaiono
1272 1857 1305 1901 z:
1327 1835 1466 1918 poenal,
1482 1838 1597 1915 l’nalpt
1614 1838 1719 1899 Sluots
1733 1837 1822 1898 Arclc
1845 1835 1978 1906 Wroati,

538 2043 671 2122 sanae,
694 2043 867 2108 rasuera
911 2044 1050 2124 ermom
1072 2046 1127 2108 ro.
1150 2045 1181 2108 ⁷.
1203 2076 1247 2090 -
1267 2039 1451 2124 saepem,
1476 2044 1545 2106 cau.
1568 2043 1688 2121 upon.
1713 2042 1822 2104 uuo.
1847 2036 1910 2105 Pu.
1927 2039 1979 2103 oo.

535 2279 574 2349 ln
594 2281 719 2349 numine
741 2281 866 2347 Domini
884 2300 987 2348 amen.
1017 2281 1064 2348 Ut
1079 2281 1235 2366 legittime
1255 2288 1345 2367 gesta
1366 2279 1605 2349 immutabiliter
1618 2285 1827 2365 perseverent,
1849 2278 1979 2362 dignum

435 2388 486 2451 est
505 2389 543 2451 ut
562 2384 688 2469 scriptis
709 2389 743 2450 et
763 2383 875 2466 sigillis
903 2384 1073 2451 autenticis
1102 2382 1299 2451 roborentur.
1342 2381 1496 2451 Noverint
1525 2382 1623 2467 igitur
1643 2383 1780 2450 universi
1801 2388 1980 2467 presentem

434 2486 580 2571 paginam
602 2487 784 2570 inspecturi,
802 2485 887 2569 qnod
909 2504 966 2553 nos
987 2486 1119 2553 Premisl
1142 2487 1201 2554 Dei
1221 2488 1328 2572 gracia
1347 2486 1412 2554 dux
1432 2486 1561 2555 Polonie
1581 2486 1688 2555 domui
1711 2484 1895 2553 Wroncessi
1917 2483 1980 2551 ira·

434 2595 520 2658 trum
541 2589 668 2657 Ordinis
687 2589 925 2657 mediatorum
945 2590 1052 2658 villam
1074 2597 1216 2660 nostram
1234 2591 1351 2658 dictam
1378 2588 1548 2672 Pothrovo,
1578 2588 1714 2657 locatam
1735 2588 1769 2654 in
1790 2589 1859 2655 iure
1879 2587 1982 2654 Theu-

436 2692 552 2775 tonlco,
573 2691 764 2760 contulimus
777 2698 819 2788 ¹et
841 2691 1029 2760 conferimus
1055 2680 1097 2762 ad
1126 2711 1206 2779 opus
1233 2692 1363 2760 ecclesie
1387 2696 1422 2758 et
1447 2692 1549 2759 tocius
1576 2690 1707 2759 claustri
1728 2709 1766 2758 ac
1787 2689 1982 2758 officinarum

434 2796 584 2878 omnium,
606 2796 646 2863 de
667 2794 821 2864 luteribus
842 2814 898 2863 seu
911 2794 1066 2881 lapidibus
1089 2795 1377 2877 construendamm,
1397 2795 1446 2862 ita
1465 2795 1550 2879 quod
1570 2799 1658 2862 totus
1679 2812 1792 2862 census
1813 2795 1845 2860 ln
1864 2792 1983 2877 duplici

435 2917 534 2985 meno
555 2917 650 2984 quum
671 2898 770 2967 eciam
790 2904 922 2984 argento
943 2918 1014 2966 cum
1036 2900 1180 2967 omnibus
1200 2897 1393 2966 utilitatibus
1413 2903 1447 2964 et
1468 2896 1682 2965 exactionibus
1711 2916 1774 2981 que
1802 2896 1844 2964 ad
1872 2913 1931 2964 nos
1949 2895 1983 2961 in

436 3001 545 3070 eadem
573 3000 649 3068 villa
675 3001 836 3087 pertinent
860 3007 895 3070 et
920 3007 1053 3087 possunt
1080 3003 1247 3087 pertinere,
1279 3001 1313 3067 in
1345 3000 1432 3068 dicu
1463 3018 1560 3086 opera
1596 3006 1820 3069 convertantur
1853 2997 1984 3080 umdiu,

437 3122 600 3191 quousque
620 3124 678 3191 per
699 3104 823 3174 eosdem
848 3104 964 3173 naues
989 3107 1022 3172 iu
1048 3107 1141 3173 domo
1162 3104 1346 3172 Wroncensi
1371 3105 1479 3171 omnia
1503 3103 1646 3188 predicta
1671 3104 1711 3171 de
1737 3101 1887 3170 lateribus
1917 3101 1984 3167 sint

436 3205 585 3292 perlecta.
629 3206 765 3275 Gurmm
789 3215 895 3276 tamen
921 3208 1022 3276 solum
1047 3210 1102 3292 qui
1130 3209 1170 3275 de
1196 3206 1340 3293 predicta
1368 3205 1445 3273 villa
1474 3206 1516 3274 ad
1540 3211 1649 3273 nostra
1678 3206 1809 3274 seruicia
1836 3204 1983 3289 pertinet,

292 3355 302 3366 -
430 3309 527 3378 'uobis
555 3310 675 3394 integre
700 3328 905 3378 reservamus.
948 3310 1068 3378 Damus
1095 3311 1193 3378 eciam
1224 3308 1354 3395 prelatis
1379 3307 1532 3376 iratribus
1554 3309 1586 3374 in
1608 3308 1678 3375 loco
1703 3307 1758 3375 ubi
1779 3307 1905 3374 domum
1926 3325 1996 3400 pro

438 3410 609 3480 formandis
630 3412 782 3481 luteribus
804 3421 1057 3498 construxerunt,
1079 3433 1138 3499 pro
1158 3419 1240 3496 orto,
1258 3432 1316 3498 pro
1341 3414 1492 3497 pomerio,
1518 3431 1577 3496 pro
1605 3403 1718 3497 upiilla
1745 3410 1900 3493 fodienda,
1927 3428 1985 3494 pro

437 3513 609 3584 formandis
630 3516 782 3584 lateribus
803 3535 840 3584 ac
856 3517 928 3582 aliis
948 3516 993 3584 ibi
1014 3518 1060 3584 eis
1082 3517 1274 3599 neomeniis,
1297 3516 1336 3584 de
1357 3521 1463 3584 cetero
1484 3521 1638 3600 quantum
1659 3515 1705 3582 eis
1719 3513 1877 3582 videbitur
1890 3531 1986 3599 expe·

337 3685 341 3691 .
439 3617 517 3688 dbe
561 3618 749 3704 Ubicunque
769 3625 875 3686 autem
897 3624 1072 3687 cementum
1094 3620 1255 3687 inventurn
1275 3618 1372 3687 inerit
1393 3620 1444 3688 rel
1464 3617 1595 3704 lapides,
1621 3619 1682 3686 boc
1706 3623 1846 3703 tempore
1866 3617 1917 3685 vel
1936 3615 1986 3684 in·

438 3727 521 3807 terro,
543 3723 620 3809 ipsis
640 3722 747 3790 fodere
767 3722 861 3790 dccet
882 3724 970 3790 etin
991 3722 1118 3792 domum
1138 3741 1229 3790 suam
1249 3723 1418 3792 deducere:
1440 3723 1499 3790 bec
1520 3728 1627 3790 autem
1648 3740 1705 3807 pru
1720 3721 1851 3789 edificiis
1863 3719 1986 3802 doinus,

440 3826 509 3894 sine
530 3816 779 3893 cunundiccione
797 3825 958 3893 hominurn
979 3843 1073 3909 super
1095 3824 1154 3892 hoc
1175 3826 1303 3894 minime
1323 3827 1471 3908 valitura,
1494 3843 1566 3892 cum
1587 3824 1646 3892 bec
1667 3843 1718 3892 res
1731 3843 1790 3909 pro
1807 3824 1906 3892 sacris
1920 3823 1987 3890 edi·

439 3927 520 3997 liciis
540 3929 675 3996 maxime
696 3948 717 3995 a
738 3928 872 3996 Domino
894 3928 960 3994 sint
981 3933 1093 3995 create
1138 3927 1176 3995 In
1197 3928 1342 3996 omnibus
1363 3929 1465 3997 eciam
1487 3927 1575 3994 silvis
1596 3928 1714 3994 nostris
1728 3926 1823 3996 liceat
1836 3927 1987 4012 predictis

439 4029 592 4099 lintribus
612 4031 771 4098 succidere
792 4029 879 4114 ligna
899 4047 956 4115 pra
978 4028 1122 4096 omnibus
1141 4029 1382 4098 necessitatibus
1403 4031 1514 4098 domus
1534 4049 1601 4112 sue,
1621 4031 1761 4114 exceptis
1774 4029 1940 4098 arboribus
1953 4030 2002 4096 in·

439 4133 555 4220 qubus
575 4152 652 4218 apes
673 4141 749 4201 sunt
769 4133 927 4200 mellificis
946 4132 1163 4216 producentes.
1208 4132 1326 4199 Lacum
1347 4133 1447 4200 eciam
1475 4138 1617 4200 nostrum
1646 4132 1767 4198 dictum
1795 4133 1919 4200 Recben
1946 4131 1987 4199 ad

440 4237 648 4322 piscacionem
669 4236 732 4303 inm
750 4235 905 4303 dictorum
927 4233 1061 4303 fratrum
1084 4236 1277 4319 exponimus,
1299 4236 1348 4303 ila
1364 4236 1450 4321 qnod
1470 4236 1505 4303 in
1518 4237 1587 4321 ipso
1602 4235 1680 4302 nulli
1696 4234 1856 4303 hominurn
1869 4236 1987 4321 piscari

439 4338 535 4408 licen
554 4340 616 4407 nisi
637 4359 694 4425 pro
716 4340 900 4407 necessariis
928 4337 1012 4406 dicte
1033 4338 1154 4405 domus.
1199 4337 1246 4404 Ut
1264 4343 1370 4405 autem
1400 4338 1445 4404 hii
1470 4339 1527 4422 qui
1552 4338 1687 4405 Domino
1717 4337 1922 4421 famulantur,
1953 4339 1986 4405 in

440 4439 563 4527 presta
583 4441 675 4509 dumo
696 4443 804 4509 vivant
824 4441 953 4525 pucitiue
974 4446 1007 4506 et
1027 4441 1143 4524 quiete,
1165 4440 1354 4523 precipimus
1374 4446 1408 4507 et
1428 4440 1607 4524 statuimus,
1629 4447 1667 4507 ut
1688 4440 1794 4508 nullus
1815 4441 1984 4509 scoltheto-

439 4563 511 4612 rum
538 4544 588 4613 uel
615 4544 776 4612 consulum
805 4563 861 4610 scu
888 4549 1045 4610 rectorum
1071 4544 1234 4610 civitatum
1262 4548 1346 4610 terro
1367 4550 1484 4626 nostre,
1507 4562 1590 4610 nunc
1611 4548 1645 4611 et
1666 4543 1700 4610 in
1720 4553 1907 4629 perpetuum
1928 4544 1986 4611 ali·

442 4665 506 4733 qun
526 4653 650 4715 statuta
670 4649 702 4713 in
731 4665 899 4730 pneumon
926 4645 1094 4712 eorundem
1122 4645 1257 4713 fratrum
1282 4652 1444 4730 presumat
1471 4651 1613 4714 statuere
1640 4664 1722 4713 ausu
1748 4650 1914 4714 temerario
1938 4648 1988 4714 vel

441 4749 589 4832 neiondo;
612 4750 695 4835 quod
718 4751 745 4815 si
767 4769 824 4834 por
845 4749 983 4832 aliquam
1006 4749 1250 4816 concitacionem
1271 4749 1319 4816 vol
1338 4770 1504 4834 porsonam
1527 4751 1726 4817 contrarium
1742 4750 1859 4817 luctum
1881 4750 1988 4833 fucrit,

440 4872 554 4940 penam
576 4853 669 4920 huius
692 4853 951 4935 transgressionis
973 4851 1062 4917 nobis
1084 4870 1122 4919 ac
1144 4853 1262 4918 nostris
1283 4852 1513 4919 successoribus
1535 4872 1730 4921 reseremus
1749 4855 1887 4937 graviter
1909 4854 1990 4922 indi·

440 4957 585 5041 gendum.
632 4957 918 5038 Quocicnscumquc
938 4960 1044 5021 cunctum
1075 4952 1190 5022 iratres
1216 4954 1433 5022 Prulicatorns
1460 4957 1543 5024 dicte
1571 4957 1681 5024 domus
1707 4977 1817 5024 curnis
1846 4975 1919 5024 suos
1941 4959 1990 5024 scl

442 5079 540 5129 navos
563 5061 705 5127 miserint
726 5079 783 5144 pro
805 5058 988 5124 rrceessmiis
1010 5056 1121 5124 domus
1141 5077 1198 5124 suc
1218 5077 1274 5141 por
1295 5065 1413 5125 terrum
1435 5065 1585 5141 nostrum,
1614 5061 1700 5144 ipsos
1722 5061 1763 5126 ub
1783 5062 1867 5127 omni
1890 5060 1991 5128 tholo·

443 5183 503 5232 nou
524 5170 558 5230 ct
578 5163 743 5230 cxuoeionc
764 5162 952 5229 absolvimus
976 5178 1015 5225 uc
1045 5160 1160 5227 liberos
1186 5161 1218 5226 iu
1248 5169 1433 5245 perpetuum
1456 5162 1588 5229 facimus
1613 5171 1648 5229 ct
1668 5164 1832 5230 immunis.
1876 5161 1991 5232 Omnia

298 5340 301 5344 ,
445 5267 571 5351 iusuper
592 5286 654 5351 quc
675 5266 875 5332 condirentur·
896 5266 927 5329 in
948 5263 1119 5347 privilegio,
1141 5264 1226 5349 quod
1248 5264 1369 5350 priuiutc
1391 5266 1498 5333 domui
1520 5267 1709 5335 sustulimus
1731 5287 1802 5335 cum
1824 5268 1870 5334 eis
1884 5287 1990 5335 areum

445 5369 479 5437 in
501 5369 633 5436 Wronlrl
660 5369 812 5450 didimus,
837 5367 1064 5433 corulimrnmus.
1109 5368 1146 5434 ln
1172 5369 1261 5435 cuius
1288 5370 1333 5436 roi
1365 5371 1579 5438 testimonium
1606 5371 1687 5438 lmnc
1717 5373 1861 5455 puccinum
1887 5371 1991 5455 sigillo

447 5479 555 5540 nostro
577 5472 704 5540 icciruns
728 5472 878 5539 rolmrnri.
925 5472 1039 5536 Actum
1060 5472 1091 5537 in
1115 5473 1204 5540 liniis
1226 5493 1308 5540 anno
1331 5472 1455 5540 llomini
1480 5473 1691 5538 mnenon<
1706 5474 1812 5541 Idibus
1828 5473 1989 5542 l·'ebruurii

449 5578 690 5646 testificantibus
711 5578 783 5659 ldis,
805 5577 926 5642 scilicet
946 5576 1060 5642 corruite
1083 5577 1245 5645 lluniaunin
1269 5579 1419 5662 palatino,
1446 5578 1573 5643 ‹lrrnrino
1597 5577 1765 5644 Vinocncio
1792 5578 1989 5660 currcollariu,
