4860 6180
863 154 936 232 stu

861 357 987 440 cuntis,
1008 357 1135 427 Ordinis
1155 317 1257 426 suncti
1279 354 1458 439 Augustini,
1480 351 1858 436 cicestriensis-diocesis,
1880 352 2013 422 sulcum
2034 357 2068 422 et
2081 351 2285 437 apostolicum
2299 351 2393 427 bene·

861 460 1037 529 dictionum.
1082 459 1252 530 consucvit
1278 459 1375 528 Sedes
1397 457 1570 544 upestulicu
1593 456 1737 542 precibus
1763 458 2009 526 condescendere
2028 458 2211 525 devotorum
2232 463 2267 523 ct
2286 475 2393 532 comm

860 562 1098 633 subsisterem
1124 563 1300 633 benivulum
1328 561 1491 647 impertiri
1535 560 1617 629 Sanc
1646 561 1758 647 petitio
1785 567 1891 629 vestre
1919 559 2009 628 nobis
2037 559 2177 627 exhibitu
2204 559 2393 648 continebat,

862 668 945 752 quuu
965 667 1120 751 quondum
1142 669 1206 735 dun
1228 661 1421 736 Gncuucnsis
1442 669 1476 732 ct
1495 670 1598 732 muter
1615 664 1723 748 ipsius,
1741 664 1790 731 ius
1805 669 1990 749 putrunutus
2003 663 2085 748 quud
2106 663 2138 729 in
2160 664 2341 733 ecclesiast
2361 665 2394 736 iu

859 768 1009 857 bospituii
1029 775 1130 840 suncti
1151 770 1292 857 Scpulcri
1314 768 1506 839 Gnczncnsis
1535 768 1692 836 habebunt
1716 767 1805 835 vobis
1830 767 1958 852 pictutis
1985 766 2102 833 iutuitu
2128 767 2340 852 contuleruut,
2362 777 2395 840 ct

860 874 941 943 bunc
960 875 1107 944 memorie
1127 874 1379 959 archiepiscopus
1401 873 1593 942 Gncunensis
1614 874 1664 939 sui
1691 870 1829 956 Capituli
1860 871 1900 939 ud
1922 871 1954 938 id
1975 872 2141 940 secedente
2162 890 2324 955 consensu,
2345 893 2395 943 cc·

851 977 990 1047 clusinus
1009 984 1043 1047 ct
1063 977 1219 1064 hospitale
1240 977 1382 1062 predicte
1403 996 1473 1046 cum
1495 976 1616 1044 iuribus
1637 979 1670 1044 ct
1687 975 1890 1060 pertinenciis
1910 976 1977 1043 suis
1997 975 2084 1043 uubis
2103 975 2137 1042 in
2158 994 2233 1042 usus
2253 976 2397 1061 proprius

860 1079 1033 1165 deputavit
1076 1079 1142 1148 Nos
1163 1079 1272 1164 itaque
1290 1080 1402 1149 vestris
1422 1080 1568 1166 precibus
1589 1079 1744 1162 inclinati,
1774 1077 1858 1164 quud
1886 1079 1938 1164 piu
1963 1097 2002 1147 sc
2022 1077 2149 1163 preside
2172 1079 2206 1146 in
2226 1078 2286 1147 huc
2306 1086 2398 1164 purte

861 1181 978 1252 butum
999 1188 1049 1251 est
1069 1188 1173 1251 rutum
1191 1183 1343 1252 hubcntcs
1371 1203 1409 1253 ec
1435 1183 1572 1266 firmum,
1602 1183 1679 1251 illud
1706 1183 1897 1251 auctoritate
1922 1181 2095 1266 apostoliea
2122 1181 2339 1249 confirmemus
2364 1189 2398 1254 ct

780 1329 786 1343 ·
862 1286 1017 1370 presentis
1036 1285 1146 1370 scripti
1166 1286 1340 1371 patrocinio
1362 1287 1601 1368 communimus3
1626 1286 1675 1353 itu
1695 1290 1815 1366 umen,
1837 1284 1922 1370 quud
1942 1285 2057 1353 vicenis
2085 1284 2120 1352 iu
2138 1275 2247 1353 eudem
2267 1285 2398 1356 ecclesis

862 1393 1014 1475 perpetuu
1035 1389 1189 1457 servituro
1205 1408 1344 1475 congrus
1363 1391 1403 1458 de
1421 1391 1519 1476 ipsius
1540 1387 1741 1475 presentibus
1762 1387 1866 1472 portio
1887 1387 2072 1473 ussigueunn
2094 1388 2135 1456 de
2154 1406 2218 1473 qun
2239 1387 2398 1459 murmuris

862 1492 1035 1561 sustenturi
1054 1493 1168 1574 uuest
1190 1493 1261 1560 iuru
1281 1493 1469 1580 episcopalis
1490 1493 1619 1575 scivere,
1641 1498 1676 1560 et
1695 1491 1760 1559 ulis
1779 1491 1917 1558 ciusdem
1938 1491 2066 1559 ecclesie
2085 1509 2182 1561 suem
2202 1490 2397 1576 subportare.

862 1593 951 1663 Nulli
971 1613 1044 1680 ergo
1065 1595 1191 1662 omnino
1212 1596 1374 1664 bominum
1390 1597 1487 1665 liccut
1507 1595 1588 1663 hunc
1608 1594 1754 1680 pugiuum
1775 1599 1883 1662 nostre
1904 1593 2146 1663 confirmationis
2160 1593 2328 1679 intringere
2347 1595 2398 1662 rei

862 1696 989 1766 ciuusu
1010 1697 1175 1767 umento
1196 1701 1361 1767 contraire
1405 1698 1439 1767 Si
1460 1699 1532 1785 quis
1557 1703 1664 1766 sutem
1692 1697 1751 1765 buc
1775 1701 1968 1781 attemptare
1994 1697 2228 1782 presumpserit,
2257 1696 2399 1781 indigus⁴

862 1800 982 1871 tionem
1002 1801 1223 1887 omnipotentis
1241 1803 1301 1872 Dei
1322 1808 1356 1872 et
1375 1803 1539 1872 beatorum
1557 1801 1644 1870 Petri
1664 1806 1698 1869 ct
1718 1800 1810 1870 Penii
1830 1800 2044 1887 apostulorum
2064 1801 2132 1869 eius
2152 1818 2187 1867 se
2207 1801 2330 1867 nerent
2349 1801 2398 1867 in·

862 1921 1036 1974 cursurum.
1080 1904 1198 1975 ustum
1219 1905 1304 1992 apud
1323 1907 1465 1975 Mentem
1485 1905 1669 1975 biusconem
1689 1902 1737 1972 vl
1757 1903 1867 1973 Nonus
1888 1902 2048 1988 Octobris,
2074 1902 2275 1990 pontificatus
2298 1903 2399 1972 nostri

862 2025 947 2077 enno
967 2007 1112 2077 secundo.

965 2210 1158 2299 mensus,
1180 2217 1334 2284 umen.

1527 2515 1603 2603 Nn.
1631 2510 1732 2602 404.

965 2666 1260 2795 nuncnunc
1284 2709 1434 2795 unone
1460 2717 1595 2797 12e2
1620 2711 1792 2797 novans
1818 2716 1904 2810 se,
1928 2710 1972 2794 u
1992 2709 2153 2814 unm
2169 2728 2400 2798 sumtu

862 2832 1023 2901 muuncnu
1050 2832 1235 2902 bueditutis
1262 2831 1395 2915 tenu,
1423 2853 1445 2902 s
1471 2834 1585 2903 comite
1612 2832 1766 2903 Pribisluo
1791 2833 1832 2902 ds
1859 2831 2007 2902 butensis
2032 2833 2222 2903 munasterio
2249 2834 2289 2903 de
2315 2833 2401 2903 Obrs

862 2931 1103 3108 mm
1136 3043 1255 3123 Ructat.
1280 3042 1386 3106 Stuutr
1403 3044 1495 3107 Arciu
1520 3043 1609 3120 Obru,
1632 3040 1700 3109 lau.
1718 3044 1821 3122 prust
1838 3059 1916 3123 pap.
1938 3041 1991 3107 10.
2071 3032 2075 3041 ’

769 3299 772 3305 .
966 3238 2401 3333 Inuumincbumiuiumcnbumriritlitteruetuctiocummissclittcre,eiuscs·

863 3346 961 3416 sertio
981 3347 1085 3415 nutrit
1104 3349 1285 3417 memorium
1306 3353 1342 3417 et
1361 3349 1483 3418 nutrite
1502 3349 1635 3434 suscipit
1660 3350 1896 3419 incrementum.
1940 3347 2024 3416 Hinc
2046 3353 2096 3416 est
2122 3350 2206 3434 quod
2231 3369 2290 3419 nos
2310 3351 2402 3422 Belc-

863 3449 950 3519 sluus
971 3449 1031 3519 Dei
1047 3451 1153 3536 grecis
1177 3451 1243 3518 dux
1269 3450 1398 3520 Peionie
1424 3470 1529 3526 corum
1554 3453 1707 3522 uniuersis
1724 3447 1853 3538 prebens
1874 3452 2026 3537 scriptum
2046 3440 2159 3520 'visuns
2186 3452 2311 3538 publice
2330 3473 2402 3542 pru·

863 3558 1027 3639 testumun
1048 3554 1132 3640 quud
1150 3556 1342 3622 constitutus
1361 3554 1396 3621 in
1416 3562 1527 3624 nostru
1547 3555 1709 3640 presencie
1728 3573 1832 3623 cemes
1850 3552 2059 3623 Pribissluvus
2080 3554 2182 3624 dictus
2199 3555 2240 3624 de
2258 3556 2400 3640 Lutsme,

863 3655 1070 3726 bcrcditctem
1091 3674 1181 3725 suurn
1203 3656 1320 3726 uicum
1349 3656 1524 3740 Reschclin‚
1552 3676 1623 3726 cum
1647 3658 1744 3742 silvis,
1773 3657 1931 3743 virgultis,
1958 3659 2070 3743 prutis,
2100 3659 2233 3743 puers,
2262 3659 2401 3744 lacubus,

829 3776 832 3783 ·
863 3758 1033 3845 patrunus
1052 3759 1226 3845 ueterisque
1246 3758 1437 3844 quibuslibet
1456 3759 1522 3826 suis
1543 3761 1733 3844 attinenciis,
1755 3781 1813 3847 pru
1833 3779 1891 3830 suc
1911 3762 2017 3830 enims
2036 3780 2075 3830 sc
2095 3780 2222 3831 sucrum
2236 3769 2402 3847 parentum

862 3863 1017 3949 merliu,
1044 3864 1079 3931 iu
1105 3863 1253 3932 bonorem
1282 3863 1341 3932 Dei
1371 3881 1488 3948 sueque
1508 3865 1668 3948 genitricis
1689 3865 1800 3948 Muris,
1818 3863 2049 3933 renerubilibus
2070 3863 2220 3933 frutribus
2236 3883 2275 3933 cc
2296 3884 2402 3934 menu-

863 3966 962 4036 serso
982 3966 1017 4035 iu
1038 3966 1124 4036 Obnu
1141 3966 1275 4035 eontulit
1295 3967 1363 4034 iure
1384 3964 1572 4035 hereditario
1590 3968 1816 4052 perpeurnliter
1836 3967 2066 4053 possidendum.
2088 3966 2127 4037 In
2147 3968 2235 4037 cuius
2254 3969 2301 4037 rei
2313 3970 2403 4037 testi·

864 4071 1005 4140 munium
1021 4069 1159 4157 sigillum
1179 4076 1323 4139 nostrum
1341 4069 1539 4156 presentibus
1553 4075 1604 4137 est
1617 4089 1799 4155 appensum.
1835 4070 1945 4139 Testes
1967 4071 2059 4140 buius
2078 4071 2125 4140 rei
2138 4076 2226 4140 suut:
2247 4070 2403 4141 Iohannes

864 4173 1082 4258 ruueclisrius,
1110 4173 1263 4242 inrestius
1290 4173 1394 4257 iudex,
1426 4171 1568 4240 Andreas
1597 4172 1766 4240 edvooetrns
1794 4170 1834 4239 de
1862 4172 1967 4256 liner,
1999 4173 2125 4260 Boguss
2149 4173 2232 4242 iilius
2253 4175 2402 4244 cessluri.

863 4275 950 4344 Acte
966 4294 1040 4344 rere
1058 4280 1133 4344 sunt
1151 4274 1210 4345 bec
1234 4276 1268 4344 in
1294 4276 1420 4345 Poznun
1447 4293 1530 4343 cunc
1558 4275 1790 4343 Incumucionis
1816 4275 1974 4345 dominice
2000 4278 2164 4346 millesime
2191 4278 2403 4347 ducentesimo

864 4378 1058 4465 msgoeinc
1079 4379 1223 4465 secunde
1245 4379 1279 4448 in
1299 4377 1380 4448 festo
1400 4377 1491 4447 bcute
1507 4377 1683 4447 Kutburins
1702 4377 1841 4464 virginis,
1863 4397 1921 4467 per
1941 4398 2054 4449 munus
2073 4379 2194 4450 bictbie
2213 4383 2330 4451 neurii
2350 4400 2403 4451 cu·

865 4479 914 4550 rie
934 4485 1052 4550 nostru

969 4684 1114 4775 uuum
1134 4690 1279 4760 nume.
1306 4687 1482 4774 neuun,
1503 4690 1619 4759 nuuc
1648 4685 1744 4773 ubre,
1771 4690 1862 4758 oua„
1889 4689 1993 4777 usur,
2015 4693 2148 4776 nem.
