4860 6180
698 225 702 231 ⁴
819 237 895 313 290

815 436 990 508 liberaliter
1010 438 1180 525 indulgere
1224 438 1293 508 Nos
1314 444 1430 525 entem,
1453 439 1579 509 invente
1608 434 1752 509 Domino'
1768 439 1833 508 inm
1858 436 1952 507 dictis
1978 437 2162 523 perentibus
2187 438 2305 506 nostris
2330 442 2363 513 in

817 540 936 609 bonore
957 556 995 610 sc
1017 560 1112 610 onero
1132 542 1346 625 succulentos,
1370 544 1550 634 eorundem,
1562 542 1771 625 donationem,
1793 541 1985 610 liberalitate
1998 559 2036 609 ec
2049 538 2215 608 devotione
2234 548 2365 626 putenm

817 642 916 726 ducti,
938 642 1054 713 litteris
1072 647 1272 730 presentibus
1293 653 1402 714 nostro
1423 647 1528 733 sigillo
1549 648 1681 714 munitis
1707 647 1852 714 duximus
1877 643 2120 730 opprobendsm.
2164 642 2284 710 Datum
2305 644 2364 714 Po·

817 745 974 832 tanmem
1004 768 1087 817 nnno
1115 748 1243 818 Domini
1277 747 1490 834 mentun,
1518 750 1566 817 111
1591 750 1699 833 Nonus
1727 747 1874 834 Augusti,
1909 746 2106 832 presentibus
2132 745 2232 814 onore
2257 746 2365 832 Moyse

817 849 923 935 priore
954 856 988 919 et
1015 850 1113 920 instro
1147 851 1340 936 ltepmboldo
1373 852 1413 925 oo
1446 853 1565 922 Ordine
1596 852 1833 922 Predicetornm
1868 855 1944 919 tunc
1974 848 2219 934 Pornsnycnsis,
2251 849 2364 921 comite

817 950 966 1022 Eustetio
987 959 1022 1021 et
1041 952 1253 1022 sliis'muitis.

920 1154 1132 1244 rompono,
1153 1156 1371 1229 rotumum

1489 1456 1565 1549 Nn.
1597 1455 1697 1548 325.

922 1650 1116 1737 boleslaus
1143 1652 1555 1739 dnxPolonie1254
1581 1655 1679 1760 nug.
1705 1658 1777 1758 16,
1801 1653 1845 1738 in
1871 1652 2035 1757 insnum
2065 1670 2195 1739 mount
2227 1670 2268 1738 oe
2295 1689 2369 1739 oon·

820 1789 916 1841 sensu
932 1771 1041 1842 fratris
1063 1776 1113 1857 sui
1133 1773 1223 1844 ducis
1244 1775 1447 1845 Premislonis
1468 1778 1661 1862 libertatem,
1682 1776 1841 1863 quondm
1860 1795 1882 1843 s
1899 1782 1990 1860 petre
2003 1793 2072 1859 suo,
2093 1773 2259 1843 Viedisleo
2279 1774 2368 1859 duee,

819 1873 966 1945 omnibus
986 1877 1070 1945 villis
1091 1877 1259 1963 bospitnlis
1279 1879 1381 1949 suncti
1403 1879 1567 1967 Sepulchri
1587 1881 1628 1951 de
1649 1881 1791 1951 Gnicuno
1811 1896 2002 1948 muccosum.

923 1982 1088 2050 nenne.
1133 1986 1302 2050 secuso
1318 2003 1393 2066 pop.
1415 1987 1488 2051 crs.

924 2185 963 2254 in
983 2186 1111 2256 nominc
1131 2187 1259 2257 Domini
1279 2187 1341 2257 Dei
1360 2191 1462 2258 eterni
1480 2210 1583 2260 nmen.
1628 2190 1718 2274 Quod
1738 2210 1760 2258 s
1779 2189 1897 2258 nornis
1918 2187 2093 2256 senioribus
2106 2187 2290 2255 institutum
2310 2190 2370 2270 et,

820 2291 864 2360 ed
884 2290 981 2360 enos
1002 2295 1111 2360 nostm
1128 2291 1279 2360 noticinm
1297 2310 1360 2360 non
1382 2294 1531 2380 venisset,
1552 2295 1582 2364 si
1603 2295 1774 2364 oebessent
1790 2292 1973 2360 testimonie
1997 2297 2033 2359 et
2059 2290 2212 2375 obsequie
2237 2289 2372 2375 scriptu·

819 2413 936 2464 rmum
981 2393 1082 2476 Quen
1103 2394 1144 2463 ob
1163 2413 1232 2464 rem
1249 2412 1309 2463 nos
1330 2395 1495 2465 Bolesisns
1516 2396 1624 2465 divim
1644 2395 1844 2464 institutione
1863 2395 1930 2462 dnx
1947 2393 2077 2463 Polonie
2095 2398 2205 2462 notum
2229 2411 2298 2460 esse
2317 2411 2372 2460 ro·

821 2497 927 2566 lomus
945 2498 1100 2567 nmverds
1122 2497 1242 2567 christi
1263 2498 1409 2568 tidebbus
1430 2504 1497 2569 tom
1519 2500 1718 2587 presentibus
1738 2518 1835 2585 quum
1856 2496 1972 2565 futuris
1997 2515 2127 2582 precem
2152 2497 2306 2581 scriptum
2324 2495 2373 2563 in·

820 2601 986 2688 operturis,
1002 2601 1087 2689 quod
1100 2601 1141 2670 ds
1154 2605 1309 2681 eonsensn
1323 2608 1357 2670 et
1370 2603 1534 2672 voluntate
1547 2602 1657 2672 funins
1671 2603 1772 2672 nostri
1786 2601 1905 2670 domini
1919 2600 2132 2682 Premislonis,
2145 2599 2188 2666 ob
2200 2598 2372 2666 remedium

821 2701 927 2772 mine
947 2709 1056 2772 nostre
1074 2710 1109 2772 ct
1128 2705 1268 2773 omnium
1289 2711 1456 2790 parentum
1477 2713 1668 2790 nostrornm,
1688 2705 1868 2774 iubertetem
1888 2723 1910 2771 s
1929 2709 2021 2788 petre
2048 2708 2158 2770 nmmo
2183 2699 2284 2771 felicis
2307 2720 2374 2770 mc·

819 2804 921 2874 morio
941 2805 1022 2874 duce
1042 2806 1205 2876 Vlsdisluo
1227 2807 1372 2875 omnibus
1392 2808 1476 2876 villis
1495 2810 1597 2877 suncti
1613 2808 1779 2895 Sepulchri
1797 2825 1860 2894 quc
1873 2805 1913 2875 sd
1928 2805 2086 2890 bospitsle
2103 2804 2289 2895 Gnsznensc
2302 2823 2374 2890 per·

821 2907 926 2977 tinem
944 2908 1126 2979 institutum
1144 2917 1178 2979 ct
1199 2927 1389 2993 concessum,
1409 2911 1451 2979 dc
1471 2917 1583 2980 nostre
1600 2930 1664 2979 non
1684 2908 1761 2978 ficte
1784 2909 1951 2978 voluntete
1976 2908 2167 2977 unctoritete
2197 2913 2309 2976 nostro
2326 2907 2374 2974 in·

821 3029 976 3080 novemus
1005 3018 1039 3081 et
1067 3012 1297 3096 confirmemus,
1330 3032 1393 3098 qne
1420 3014 1495 3083 tulis
1521 3019 1585 3083 cst:
1612 3014 1689 3101 quin
1713 3031 1821 3081 omnes
1850 3012 1941 3080 villus
1965 3029 2045 3097 quus
2069 3011 2156 3080 dicte
2183 3011 2305 3078 Domus
2332 3009 2374 3078 nd

822 3131 953 3202 presens
974 3115 1115 3200 possidet
1134 3117 1185 3185 rei
1205 3116 1352 3202 deinceps
1370 3134 1497 3202 quoquo
1517 3117 1610 3208 modo
1627 3114 1809 3202 possidebit,
1831 3135 1852 3183 s
1872 3116 2076 3201 podrrororro,¹
2100 3136 2121 3184 s
2141 3121 2258 3197 strozs,
2280 3132 2375 3199 spo-

821 3235 900 3302 noe,
922 3237 943 3287 n
962 3237 1069 3304 nmen,
1087 3239 1109 3289 r
1129 3221 1286 3290 solutione
1307 3221 1421 3306 ospitis
1442 3223 1481 3289 in'
1496 3219 1674 3289 hominibus
1692 3219 1839 3289 viliorum
1865 3218 2032 3301 diturum
2052 3239 2073 3287 s
2093 3217 2222 3304 proved,
2244 3224 2376 3303 excepte

822 3319 890 3392 sole
908 3323 1029 3391 recenti
1050 3321 1152 3391 ferino
1171 3343 1267 3411 quem
1287 3323 1329 3392 sd
1357 3323 1532 3409 proximum
1555 3323 1663 3391 villam
1688 3341 1747 3408 per
1771 3321 1961 3391 conductum
1988 3322 2139 3390 rednom
2167 3320 2370 3404 tenebuntur,

822 3428 858 3493 ot
877 3441 900 3492 s
920 3424 1075 3494 citecionc
1096 3427 1194 3496 nestri
1216 3424 1384 3496 cuiuslibet
1403 3432 1438 3494 st
1455 3426 1578 3509 iudicis,
1605 3445 1678 3494 cnm
1702 3444 1812 3494 eornm
1837 3425 1983 3493 omnibus
2011 3423 2278 3493 inbnbitetoribus
2304 3443 2375 3509 per·

821 3531 919 3615 petuo
938 3527 1120 3613 gemebunt
1141 3529 1321 3597 omnimode
1340 3527 1506 3611 libcrtete;
1529 3549 1588 3598 nec
1608 3529 1709 3598 mium
1729 3547 1836 3597 comm
1856 3534 1968 3597 nosne
1993 3527 2159 3620 pressum
2179 3527 2271 3595 citsti
2292 3545 2377 3596 oom-

822 3628 989 3716 perebnnt,
1010 3631 1073 3700 nisi
1094 3631 1183 3717 prins
1204 3632 1308 3717 sigillo
1325 3635 1436 3699 nostro
1456 3629 1577 3700 inerint
1595 3632 1767 3716 provocati.
1810 3630 1856 3698 Et
1881 3631 1958 3718 quis
1984 3629 2127 3698 hominos
2144 3621 2291 3697 milenum
2311 3629 2376 3698 Do·

809 3749 894 3801 mus
915 3738 1088 3801 nornte
1107 3753 1129 3801 s
1147 3734 1350 3802 venetoribus
1367 3736 1485 3803 nostris
1507 3740 1542 3803 et
1562 3733 1708 3820 podrods
1724 3735 1831 3819 sepius
1851 3734 2115 3821 nggrnvnbnntnn
2133 3731 2176 3802 ob
2188 3751 2329 3802 umorem
2344 3739 2379 3802 et

823 3834 1036 3905 mmmcinm
1056 3836 1176 3904 Domus
1197 3838 1300 3905 suncti
1321 3836 1464 3923 Scpulcri
1487 3839 1521 3906 in
1535 3838 1813 3923 remissionemque
1827 3838 1968 3907 omnium
1981 3842 2182 3922 peoostemm
2195 3842 2379 3905 nostrornm

823 3955 879 4008 eos
899 3936 942 4007 ob
961 3937 1022 4006 boc
1041 3940 1222 4024 mmmine
1243 3938 1389 4007 totaliter
1405 3939 1612 4022 obsolvimos3
1640 3939 1689 4008 its
1713 3938 1798 4026 qnod
1823 3945 1989 4008 vennere
2012 3938 2180 4009 cuiuslibet
2200 3936 2296 4007 officii
2314 3957 2379 4014 non

822 4039 987 4127 recipient,
1008 4059 1067 4110 nec
1088 4060 1181 4110 cenos
1201 4047 1328 4110 nostros
1349 4046 1491 4126 penam,
1515 4061 1618 4128 neque
1638 4042 1815 4127 podrmem
1835 4041 1922 4124 dent,
1942 4060 2001 4110 nec
2014 4042 2116 4110 edem
2134 4045 2267 4109 senetur
2281 4042 2379 4109 csstri

822 4140 962 4228 nliqnnm
993 4148 1185 4228 potestetem
1218 4162 1382 4213 excercere
1407 4144 1525 4213 hebent
1550 4163 1647 4230 super
1672 4145 1815 4213 homines
1838 4143 1996 4211 dictarum
2021 4143 2176 4211 villorum
2219 4143 2272 4212 Ab
2294 4144 2379 4212 omni

823 4249 932 4315 sutem
950 4246 1153 4331 expedicione
1166 4253 1201 4316 et
1221 4253 1397 4316 onstromm
1417 4247 1607 4331 municione,
1630 4254 1665 4316 ct
1685 4247 1726 4316 sb
1748 4247 1893 4316 omnibus
1914 4245 1987 4314 eliis
2008 4246 2226 4315 erectionibus
2240 4252 2275 4314 et
2295 4246 2379 4313 solu·

827 4345 970 4417 ciombns
991 4364 1047 4416 eus
1066 4349 1192 4417 omnino
1214 4350 1373 4418 reddimus
1394 4350 1568 4421 absolutos
1610 4349 1659 4418 Ut
1679 4349 1779 4434 igitur
1798 4349 1858 4417 hec
1879 4355 1990 4417 nostru
2009 4349 2173 4435 pernimio
2195 4356 2230 4418 et
2250 4349 2380 4416 liberte·

825 4449 868 4518 tis
889 4448 1088 4519 enormem
1109 4469 1131 4519 r
1151 4451 1242 4520 nobis
1260 4457 1295 4520 et
1315 4473 1336 4521 s
1357 4453 1476 4522 nostris
1498 4452 1732 4522 successoribus
1757 4452 1956 4539 presentibus
1983 4451 2177 4538 temporibus
2203 4457 2238 4519 et
2263 4450 2381 4518 intutis

825 4551 1052 4622 muonbiluer
1069 4552 1262 4640 observetur,
1281 4558 1421 4643 presenti
1442 4557 1631 4627 documento
1652 4575 1721 4623 enm
1743 4556 1919 4624 inserentes
1945 4554 2041 4641 sigilli
2066 4553 2169 4623 nostm
2197 4554 2381 4622 corroboro·

826 4653 929 4742 rimus
947 4656 1148 4741 appensione
1191 4657 1311 4728 Datum
1332 4660 1366 4727 in
1387 4659 1518 4728 Gnesns
1534 4658 1627 4727 XVII
1648 4658 1809 4727 Kelendns
1821 4645 2027 4744 Septembris,
2048 4675 2132 4726 enno
2147 4655 2381 4726 Ineemscionis

825 4755 983 4848 dominius
1002 4758 1171 4830 millesimo
1190 4759 1254 4832 GC.
1276 4762 1537 4851 qunqnngosino
1557 4767 1683 4849 queste,
1701 4761 1878 4833 Indictione
1895 4759 2069 4830 undecime
