4476 6180
1701 405 1774 486 859

251 604 320 676 llos
338 614 413 670 vcro
430 602 626 674 attendentes
644 597 763 685 prefate
787 598 909 668 domine
936 601 1051 669 merito
1071 603 1213 687 proclum
1232 608 1266 671 et
1285 601 1480 673 devotionem
1507 623 1581 692 sepe
1603 611 1776 679 nominato·

246 729 322 781 -rum
342 727 483 781 sororum
511 705 748 785 considerantes,
774 703 971 772 donatiouem
998 703 1175 774 huiusmodi
1200 706 1448 774 confirmavimus
1469 710 1595 793 eisdem,
1628 714 1775 797 volentes,

250 814 334 900 quod
352 816 468 884 eisdem
488 808 684 880 libertatibus
705 812 738 874 et
759 806 1006 875 immunitatibus
1023 811 1181 892 gaudeant
1208 811 1241 876 iu
1269 828 1327 876 sua
1355 809 1461 893 quiete
1486 815 1679 894 possemioue
1706 837 1777 902 pre·

250 917 334 987 dicte
354 915 547 995 hereditatis,
568 912 680 997 quibus
697 929 769 994 sepe
786 915 958 978 memorata
977 910 1112 992 domiuo,
1142 919 1236 995 prout
1263 913 1297 979 iu
1318 918 1426 980 nostre
1446 917 1692 985 mensuetudinis
1711 922 1775 1004 pri·

251 1019 362 1105 vilcm‘o
382 1039 404 1089 c
423 1019 513 1088 nobis
533 1015 631 1084 eidem
659 1014 733 1082 olim
754 1013 827 1081 dcto
848 1012 970 1097 plenius
991 1015 1179 1081 continetur.
1222 1015 1292 1084 Hoc
1313 1022 1418 1084 tamen
1440 1015 1599 1100 adicimus,
1621 1021 1705 1104 quod
1722 1027 1774 1091 su-'

249 1140 309 1208 pre
325 1123 484 1192 nominate
501 1137 623 1188 sorores
641 1117 818 1187 monosterii
838 1114 1038 1183 Olobooensis
1063 1117 1112 1183 vel
1142 1136 1248 1184 eanum
1278 1119 1428 1204 prepositi
1456 1120 1521 1188 sive
1549 1131 1777 1208 procuratores,

248 1223 278 1293 si
297 1243 436 1310 unquam
455 1221 621 1292 habuerint
641 1220 834 1306 propositum
854 1218 903 1285 vel
925 1218 1142 1285 necessitatem
1156 1220 1323 1304 alienandi,
1338 1222 1548 1289 commutandi
1562 1223 1610 1291 vel
1625 1224 1776 1294 vendendi

250 1333 454 1396 memoratam
473 1332 594 1411 partem
616 1322 807 1404 inormitatis,
828 1319 906 1388 uuili
926 1327 1110 1404 presumunt
1127 1321 1261 1390 vendere
1282 1324 1332 1391 vel
1353 1326 1520 1393 concedere
1535 1326 1575 1394 od
1592 1334 1714 1412 ternpus
1728 1331 1777 1398 vel
1830 1335 1834 1344 '

248 1436 414 1516 perpetuo,
443 1429 503 1496 uisi
532 1424 688 1495 sororibus
715 1425 824 1492 domus
844 1423 883 1490 de
907 1421 1070 1490 Stanetelr.
1113 1423 1151 1490 lu
1172 1424 1269 1491 robur
1286 1426 1385 1510 igiter
1405 1433 1439 1496 et
1458 1437 1640 1515 perpetuum
1661 1451 1776 1500 memo-

249 1533 328 1602 riam
349 1533 607 1619 supradictorum,
629 1535 804 1615 presentem
821 1528 959 1593 litteram
981 1532 1089 1593 nostro
1108 1526 1210 1609 sigillo
1224 1526 1369 1596 duximus
1384 1532 1633 1616 consignandam.
1659 1535 1776 1603 Datum

250 1635 398 1706 Greeovie
419 1655 500 1705 cono
519 1634 643 1702 mertui
664 1629 884 1710 etecuxm,
906 1628 1017 1713 quinto
1038 1628 1198 1696 Kalendas
1218 1629 1301 1712 Iulii,
1317 1635 1526 1716 'presentibus
1549 1637 1681 1705 testibus
1700 1639 1774 1708 hiis:

248 1737 347 1807 Paulo
366 1738 549 1807 concellario
571 1736 655 1805 curie
675 1740 709 1803 et
728 1733 874 1802 moerico
904 1729 1115 1813 emonensi,
1144 1731 1257 1799 Iacobo
1279 1733 1344 1801 tilio
1370 1735 1512 1806 Pacozlei
1540 1739 1642 1809 iudice
1664 1740 1776 1810 Greco-

248 1841 360 1924 vieusi,
391 1839 485 1909 Peleo
512 1839 681 1909 castellano
706 1838 746 1905 de
775 1835 913 1918 cechov,
943 1834 1114 1903 uomodo
1136 1835 1365 1906 suboemererio
1399 1839 1609 1927 (ircoovieusi,
1639 1845 1776 1913 Iohanne

249 1942 335 2012 dicto
349 1943 469 2013 Bobiuo
488 1941 627 2028 dspiiero
648 1941 779 2024 ducbse,
800 1937 949 2007 Mirozlco
968 1935 1034 2005 lilio
1055 1936 1220 2023 liscivugii
1238 1944 1272 2008 et
1292 1939 1364 2009 aliis
1384 1945 1638 2030 quampluribus
1658 1949 1776 2017 clericis

249 2050 284 2115 et
306 2045 414 2132 laycis
551 2054 556 2064 '

255 2249 479 2424 donoc
505 2252 627 2319 oven
666 2247 765 2332 um,
796 2250 904 2315 nm.
932 2244 1071 2329 ummo,
1093 2249 1236 2313 coena
1261 2244 1430 2361 suumn
1451 2255 1613 2342 eorpus.
1636 2254 1775 2342 edon,

906 2621 981 2734 Νι.
1011 2645 1112 2737 408.

351 2848 542 2936 Boleelsus
569 2849 646 2933 dux
669 2846 818 2932 Polemio
843 2847 975 2927 1263
1002 2843 1081 2930 lui
1106 2851 1152 2947 2,
1176 2846 1219 2930 iu
1235 2844 1399 2951 lomim
1428 2873 1630 2953 proteram,
1656 2887 1691 2938 re
1710 2890 1776 2939 mo

248 2972 386 3042 mocio
414 2970 553 3057 Pamdyt
584 2970 705 3039 dedisse
735 2967 942 3035 haereditates
970 2965 1126 3034 Gvodzislr
1158 2971 1192 3033 et
1223 2966 1346 3050 Sindus,
1372 2977 1406 3037 et
1432 2989 1489 3055 pro
1511 2972 1558 3039 els
1581 2972 1674 3041 modo
1694 2993 1776 3042 com·

249 3075 432 3144 momnis
450 3073 659 3143 meediote
680 3068 869 3156 Obmaswv,
890 3068 1022 3138 Koovo
1042 3073 1076 3135 et
1095 3066 1314 3138 olbmcbmno
1334 3073 1502 3157 meepisse3
1523 3073 1687 3144 libertates
1700 3094 1777 3162 quo-
1812 3097 1815 3102 ·

194 3231 204 3242 .
250 3195 313 3264 que
332 3177 468 3247 eiumem
490 3174 671 3244 monaterii
690 3172 861 3241 confimat

355 3284 490 3362 noema
523 3282 696 3346 uniordo.
725 3281 864 3353 Perde,
885 3277 948 3343 lit.
962 3281 1063 3358 pron
1082 3278 1138 3343 tir.
1160 3277 1213 3340 43.

352 3484 390 3553 lu
418 3484 541 3553 uomiue
568 3488 676 3551 ennete
701 3487 735 3550 et
758 3481 915 3550 individue
941 3480 1107 3550 ibinitotis
1134 3500 1235 3549 emen.
1280 3480 1360 3549 Cum
1389 3482 1489 3550 omnis
1522 3481 1663 3569 legitima
1694 3485 1776 3554 ectio

250 3588 411 3657 sententies
429 3587 584 3672 scriptura
604 3584 742 3669 indigeot
761 3590 799 3651 ut
819 3603 877 3651 suc
895 3583 1045 3651 firmitate
1066 3583 1271 3664 convalescet,
1294 3602 1364 3651 eom
1384 3587 1620 3654 testamentaria
1633 3588 1778 3656 voluntas
1805 3591 1810 3601 ’

251 3690 385 3759 muime
405 3689 609 3758 necmsadem
628 3687 731 3769 habet,
752 3706 808 3771 per
824 3704 918 3771 quam
936 3687 1035 3770 ipsius
1056 3685 1156 3752 libere
1174 3685 1334 3754 ordinacio
1353 3704 1476 3771 semper
1495 3690 1696 3773 comprobata
1709 3709 1778 3774 per·

251 3798 380 3861 sereret
409 3791 483 3860 Ideo
503 3799 613 3861 notum
633 3790 763 3858 iacimus
783 3789 925 3856 omuibus
947 3795 1012 3855 tam
1034 3786 1231 3871 presentibus
1251 3806 1347 3871 quem
1367 3787 1481 3856 futuris
1504 3789 1622 3859 Christi
1636 3790 1777 3861 fidelibus

251 3893 403 3962 udinem
423 3894 464 3962 ed
481 3910 613 3980 quorum
633 3892 825 3961 audienciom
846 3909 973 3975 presens
992 3892 1144 3975 scriptum
1165 3891 1353 3975 pervenerit,
1369 3892 1453 3976 quod
1472 3910 1529 3960 uos
1543 3892 1706 3963 Boloslous
1720 3895 1778 3963 Dei

251 3997 358 4080 gracia
377 3997 441 4064 dux
461 3996 596 4078 Polonie,
619 4015 689 4064 eum
710 3993 877 4062 venerabili
902 3994 969 4061 viro
989 3993 1115 4061 domiuo
1141 3991 1279 4060 Heurico
1305 3993 1419 4062 cbbate
1443 3995 1483 4063 de
1512 3996 1692 4080 Gostichor,
1719 4017 1778 4082 que

252 4105 285 4166 et
304 4098 470 4168 Paradisus
490 4100 614 4181 dicitur,
634 4104 668 4166 et
688 4095 892 4166 contionibus
913 4097 1011 4182 ipsius
1030 4095 1125 4163 telem
1143 4094 1227 4162 inter
1246 4113 1304 4163 nos
1326 4099 1600 4167 commutacionem
1622 4100 1776 4169 berelita·

252 4207 320 4269 mm
339 4200 477 4270 fecimus.
520 4200 601 4269 Nom
622 4201 663 4268 ab
683 4201 760 4285 ipsis
782 4207 846 4268 tres
867 4199 1073 4282 hereditates,
1095 4217 1174 4282 qous
1195 4217 1216 4265 a
1236 4197 1400 4267 fundatore
1421 4220 1528 4269 eorum
1549 4203 1705 4287 quondam
1728 4221 1778 4270 eo·

252 4304 328 4372 mite
348 4304 490 4372 Bronisio
511 4304 736 4390 proprietatum
757 4303 854 4386 ipsius
881 4304 914 4369 in
935 4302 1165 4370 edificacionem
1195 4302 1378 4369 monosterii
1404 4303 1453 4370 sui
1477 4313 1688 4390 perceperant,
1719 4324 1778 4388 que

252 4405 422 4490 vulgariter
443 4405 622 4488 Cbraetovo,
645 4405 797 4485 Quotttvo
815 4411 848 4473 et
869 4404 1078 4474 Olbroclrtovo
1099 4411 1328 4490 nuncupentur,
1351 4425 1421 4474 cum
1440 4407 1582 4475 omnibus
1604 4408 1778 4476 ottiuemiis

252 4506 389 4594 ipserum
409 4516 559 4595 perpetuo
580 4509 779 4594 possidendas
798 4509 1010 4594 suscipiente,
1032 4508 1174 4591 prelieto
1195 4506 1301 4575 abbati
1323 4527 1361 4576 ec
1378 4509 1484 4577 domui
1506 4530 1562 4578 sue
1582 4511 1616 4578 iu
1637 4529 1777 4578 conmm-

252 4608 338 4679 bium
366 4612 443 4679 duos
465 4612 661 4694 berelitutes,
694 4631 755 4696 que
779 4612 947 4696 vulgariter
977 4611 1128 4678 Grodisec
1157 4617 1190 4677 et
1211 4609 1347 4680 Subciuo
1368 4613 1524 4696 dicuntur,
1546 4611 1777 4681 cum'omuibus

252 4714 427 4783 effluentis
444 4716 579 4801 ipsarum
600 4715 744 4783 similiter
763 4715 829 4784 iure
849 4715 1037 4784 hereditario
1058 4722 1092 4783 et
1108 4714 1228 4798 absque
1249 4713 1315 4783 ulla
1335 4716 1565 4784 rebecmeioue
1584 4717 1633 4784 vel
1654 4733 1777 4783 revocu-

253 4815 340 4886 cioue
357 4819 579 4904 perpetualiter
599 4817 784 4887 contulimus
804 4817 1013 4903 possidendus.
1058 4816 1197 4885 Heredes
1222 4837 1296 4886 vcro
1321 4820 1531 4903 predictarum
1560 4819 1777 4899 hereditatum,

253 4936 330 5002 quus
350 4923 562 5006 prenominato
583 4922 689 4990 obbati
710 4930 742 4989 et
762 4922 866 4990 donrui
888 4942 943 4989 sue
965 4921 1163 5002 contulimus,
1185 4921 1363 5007 quicunque
1383 4924 1532 4990 hactenus
1553 4921 1686 5003 inerunt,
1708 4920 1776 4988 nul·

253 5020 319 5090 lum
339 5025 463 5093 omnino
480 5033 662 5110 respectum,
683 5045 740 5094 trec
760 5025 820 5111 ipsi
842 5045 898 5092 nee
917 5043 1110 5092 succesores
1129 5044 1250 5107 eorum,
1272 5033 1421 5109 poterunt
1441 5027 1555 5094 lrabere
1576 5024 1775 5107 infuturum,

255 5142 302 5207 oo,
323 5125 407 5210 quod
427 5127 460 5196 in
480 5128 637 5213 pempeio
650 5134 763 5196 'nostro
784 5136 816 5197 et
836 5128 986 5196 baronum
1001 5133 1179 5194 nostrorum
1200 5129 1241 5196 de
1254 5129 1338 5198 bona
1358 5130 1518 5197 voluntate
1538 5131 1673 5213 ipsorum
1688 5129 1776 5196 nobis

256 5227 455 5314 mutantes,
476 5231 559 5297 omni
581 5232 766 5316 proprietati
790 5231 1098 5300 abrenunciavorunt.
1144 5229 1320 5317 Faproptcr
1351 5233 1507 5317 prulietus
1532 5231 1629 5299 obbos
1656 5252 1693 5298 ac
1713 5252 1778 5300 nro·

259 5332 427 5402 sutorium
447 5332 543 5420 ipsius
561 5334 653 5418 pictur
673 5341 706 5402 ct
726 5335 853 5420 pociora
871 5335 1029 5418 grtudeont
1049 5335 1253 5419 poenesione
1276 5335 1407 5420 lrrsuper
1421 5337 1452 5403 in
1467 5335 1622 5420 npdicto
1643 5355 1778 5405 conrvuu·
