4476 6180
342 170 416 246 ult

337 372 411 442 liter
432 370 479 440 eis
500 368 721 440 eouirrmrtes
742 368 952 439 omnimodam
974 368 1155 439 libertatem
1176 371 1210 439 io
1231 318 1376 439 omnibus
1397 366 1625 438 hereditatibus
1651 369 1791 453 ipsorum
1810 388 1891 454 quas

215 491 224 504 ·
338 493 421 544 nuue
441 473 606 561 possident
631 460 690 542 unt
717 473 752 541 lo
776 472 919 541 futurum
945 478 1022 541 sunt
1050 472 1226 559 mssossuri
1256 479 1292 542 et
1311 471 1401 541 novis
1422 470 1600 540 nominibus
1620 472 1821 557 appellaturi,
1854 482 1892 544 ut
2009 489 2013 495 ·

337 584 417 665 puta
436 577 570 662 Sortem
602 577 731 646 Bololia.
775 576 877 643 Villae
902 577 972 645 iura
999 576 1218 646 Thtutonienli
1241 576 1364 645 loeondi
1393 576 1524 763 ῙιΙουὶΖ
1548 573 1688 642 babeant
1706 575 1891 647 facultatem

338 681 372 750 in
393 681 479 750 omni
500 680 638 749 dominio
660 685 783 760 uestro3
804 696 863 746 nee
884 697 1022 764 unquam
1037 680 1153 765 aliquis
1168 681 1335 748 mmerarm
1348 698 1473 764 prrsum
1515 678 1585 744 'ooo
1603 679 1636 744 in
1658 677 1751 746 bonis
1771 698 1892 764 eorum,
2010 736 2014 741 .

339 782 460 853 scilieet
485 784 581 870 agris,
609 781 720 867 pratis,
747 779 848 864 equis,
879 780 1049 849 siluissem
1076 781 1255 850 nemoribus
1283 787 1317 848 et
1343 782 1457 849 eatenis
1479 781 1674 848 utilitatibus
1700 801 1812 850 neuere
1835 790 1893 851 out
2010 835 2013 838 -

339 887 486 956 mandere
504 889 668 971 presumat
688 881 799 949 frivole
820 881 985 952 obviando.
1020 884 1088 953 Heu
1109 891 1185 953 sunt
1205 868 1312 952 omnia
1332 885 1415 952 bonu
1435 903 1472 952 oe
1492 883 1567 950 ville
1587 885 1772 953 monasterii
1795 885 1893 954 Pura·

339 989 440 1059 disum
468 987 600 1068 Galava
624 985 768 1066 wisele,
798 983 904 1051 Minor
923 986 1014 1070 Pisk,
1038 987 1214 1054 Wissenow
1234 988 1345 1070 maior,
1367 986 1474 1053 Minor
1494 985 1701 1069 Wissonowo‚
1727 987 1892 1073 Grorlisze‚

339 1093 484 1179 Kelpino
512 1089 660 1171 cornino,
682 1088 722 1155 de
743 1087 932 1172 Milostowe,
953 1089 1118 1174 Susiano,
1141 1090 1224 1174 lini,
1248 1089 1421 1172 camonia,
1441 1087 1638 1172 lssulavslro‚
1653 1089 1782 1171 Grodiz,
1797 1088 1894 1157 cirol-

339 1213 421 1278 men,
443 1192 581 1273 Duesltu
605 1188 736 1273 Lauski,
764 1189 935 1274 Zaborevq
964 1192 1117 1276 mireve,
1145 1193 1314 1275 senuero,
1338 1191 1544 1274 Chrnnstovo
1567 1191 1789 1273 Albreehtovo,
1812 1192 1893 1260 Kot-

339 1304 423 1378 rere,
440 1293 609 1376 Polovieia,
629 1292 804 1375 Cumrske,
826 1292 936 1360 Gorlm
958 1313 1031 1363 eum
1053 1295 1240 1364 nansduetn
1254 1301 1345 1364 tram
1360 1294 1537 1376 Warthan,
1560 1293 1734 1378 Sebewem
1756 1301 1893 1380 utraque

335 1398 484 1482 Samae,
505 1402 541 1466 et
560 1415 670 1465 ornnes
691 1395 831 1479 ipserum
859 1397 989 1479 perenm
1015 1397 1173 1466 utilitates
1203 1399 1311 1482 quiete
1338 1396 1473 1466 feliciter
1496 1415 1632 1466 semma
1677 1397 1830 1483 Denique,
1852 1419 1894 1469 ne

332 1502 481 1571 'homines
501 1518 611 1568 eorsum
632 1499 688 1584 qui
709 1498 742 1564 in
764 1496 992 1566 hereditatibus
1018 1499 1083 1567 iam
1106 1500 1183 1568 dieti
1214 1499 1397 1568 monasterii
1423 1499 1599 1567 mansennt
1622 1500 1719 1568 nrbes
1739 1507 1797 1569 aut
1817 1502 1894 1569 oiri·

340 1611 423 1674 tates
443 1602 590 1672 edificare
607 1607 641 1668 et
662 1618 809 1684 reparare
830 1607 991 1686 regantur,
1020 1604 1082 1671 nisi
1109 1604 1150 1672 ob
1171 1602 1382 1672 defensionem
1404 1600 1537 1670 dueatus
1558 1604 1660 1671 nostri
1682 1603 1724 1672 eb
1746 1605 1895 1673 irruenti

340 1707 400 1777 bns
418 1704 553 1774 inimicis
573 1709 644 1770 teta
664 1707 751 1769 terra
772 1705 979 1771 communiter
998 1702 1096 1772 inerit
1116 1713 1256 1775 evocata
1290 1704 1411 1786 Quibus
1431 1705 1530 1774 marn
1549 1705 1673 1791 largam
1694 1707 1894 1776 ennoedimus

334 1809 511 1891 doenum.
539 1810 578 1873 ut
603 1823 675 1873 eum
699 1804 766 1873 suis
794 1806 1003 1874 mereimniis
1032 1810 1140 1877 omnia
1166 1809 1237 1878 iora
1261 1809 1478 1893 frequentent,
1504 1825 1568 1876 uon
1595 1808 1745 1878 obstante
1766 1811 1894 1879 omnine

341 1911 474 1983 alienius
505 1908 704 1979 eontumaeia
735 1906 877 1975 nouandi.
922 1906 985 1976 Sed
1014 1928 1073 1978 nee
1105 1910 1244 1979 iudicum
1276 1911 1444 1997 quisquam
1472 1911 1520 1979 eis
1545 1912 1725 1980 molestiam
1755 1913 1895 1998 aliquam

340 2015 457 2086 andem
474 2011 591 2080 inferre
611 2012 645 2077 ln
663 2008 751 2077 nullo
771 2009 898 2076 omnino
920 2009 1036 2078 iudicio
1055 2016 1090 2079 et
1110 2012 1254 2096 negorio,
1278 2011 1355 2096 quin
1384 2013 1485 2081 eciam
1509 2032 1569 2081 nee
1596 2031 1652 2082 eos
1680 2008 1800 2083 audeat
1823 2017 1896 2102 quis
2012 2000 2014 2005 ’

340 2133 510 2204 premente
529 2119 607 2182 ante
627 2109 792 2197 quodlibet
812 2115 953 2178 emtrum
973 2116 1031 2179 aot
1051 2112 1259 2181 castellanum
1284 2131 1342 2182 sen
1369 2115 1542 2199 quemlibet
1562 2116 1713 2199 iodioem‚
1739 2118 1801 2186 nisi
1818 2125 1896 2188 ante

340 2238 409 2303 nes,
437 2223 473 2287 et
497 2215 558 2285 boe
579 2233 643 2283 non
671 2213 740 2281 sino
766 2212 870 2299 sigillo
895 2219 1014 2283 nostre.
1059 2215 1132 2283 Sint
1157 2217 1257 2285 marn
1282 2216 1325 2285 ab
1352 2217 1439 2285 omni
1464 2218 1615 2286 seenlaris
1635 2220 1726 2302 iuris,
1748 2221 1896 2290 videlieet

339 2321 515 2404 alveario,
536 2318 746 2387 budelliorum
767 2323 964 2401 nostrerum,
993 2319 1167 2387 eommunis
1187 2319 1313 2405 placiti,
1334 2319 1559 2404 expedicionis,
1586 2321 1702 2389 urbani
1727 2323 1833 2407 operis
1862 2331 1896 2393 et
2015 2320 2017 2324 ’

340 2426 447 2509 aiere
467 2422 553 2509 quod
574 2419 736 2489 Eusebilt
757 2418 883 2501 datar,
903 2418 954 2487 rel
974 2419 1121 2505 qualibus
1142 2422 1282 2491 suadis
1302 2423 1439 2490 aliorum
1458 2421 1534 2490 ville
1553 2422 1719 2493 sublucent
1739 2427 1794 2511 qni
1809 2427 1897 2495 sirm·

342 2528 406 2598 lem
423 2526 603 2597 libertatem
624 2543 688 2593 non
713 2522 868 2606 obdurat
896 2522 958 2592 boe
983 2529 1034 2592 est
1062 2544 1083 2592 a
1110 2525 1245 2610 proved,
1272 2545 1295 2595 a
1322 2531 1443 2610 mosa,
1469 2544 1492 2594 a
1514 2525 1712 2610 podrorowe,
1742 2547 1763 2596 a
1787 2547 1896 2613 peres,

340 2649 491 2713 amaa,
512 2648 534 2698 a
554 2627 638 2710 elad,
659 2625 701 2694 ab
722 2626 878 2694 oeeismne
899 2625 1022 2710 eapitis,
1043 2634 1182 2712 sponte
1201 2626 1375 2696 mitieundo
1394 2645 1453 2695 seu
1473 2628 1664 2711 reparando,
1694 2629 1789 2698 stab
1809 2632 1897 2700 omni

341 2751 470 2820 prorsus
497 2731 658 2801 solucione
686 2735 752 2797 tam
780 2734 894 2797 nostra
918 2747 1014 2814 quarn
1042 2748 1258 2798 meeessornm
1286 2735 1468 2800 numerum
1491 2731 1722 2815 perpetualiter
1746 2734 1897 2819 exempti

337 2836 490 2906 Preterea
509 2835 654 2904 senloetis
674 2832 821 2901 villam
849 2850 929 2916 ques
957 2830 1072 2899 narres
1100 2830 1275 2917 supradicti
1299 2831 1422 2901 eenobii
1442 2832 1512 2900 iure
1532 2832 1752 2903 Tbentonieali
1774 2835 1898 2904 loerra-

340 2939 416 3022 rint,
436 2936 522 3007 loru
542 2943 578 3006 et
597 2934 816 3005 malemetores
836 2932 987 3020 puniendi
1008 2938 1043 3002 et
1063 2934 1185 3002 maora
1203 2933 1321 3002 iudieia
1339 2953 1412 3003 enm
1429 2934 1604 3003 minoribns
1622 2937 1789 3006 exercendi
1809 2946 1899 3023 pote-

340 3047 457 3111 staten
476 3045 630 3127 perpetuo
651 3036 850 3107 mnierimns
894 3037 1025 3104 maus
1045 3036 1144 3122 igitur
1163 3036 1228 3104 iarn
1246 3036 1400 3105 nominati
1421 3037 1627 3120 monasterii.
1642 3045 1677 3107 et
1696 3058 1749 3108 res
1771 3046 1806 3109 et
1826 3060 1898 3110 enr-

340 3161 396 3213 rus
417 3149 452 3212 at
468 3142 612 3212 hemines
632 3141 773 3227 ipsomm
798 3138 855 3224 qui
879 3138 1080 3206 intraverunt
1104 3138 1147 3207 ad
1167 3137 1372 3224 possidendus
1392 3139 1586 3208 hereditates
1606 3159 1728 3224 eorum,
1756 3143 1899 3212 inomni

340 3244 479 3314 dominio
509 3248 620 3312 nostro
651 3261 673 3310 a
699 3239 859 3310 solucione
886 3239 1002 3308 telonei
1030 3245 1192 3325 exemptos
1219 3258 1290 3309 esse
1317 3247 1472 3327 perpetuo
1496 3241 1706 3311 eoneedimus.
1752 3244 1821 3314 Nee
1840 3247 1899 3314 ulli

340 3347 468 3418 annino
488 3345 586 3416 deest
603 3345 686 3413 hane
706 3346 855 3430 paginam
881 3341 1017 3424 violam
1046 3342 1226 3428 quicunque
1251 3348 1360 3411 autem
1382 3346 1552 3413 temerarm
1571 3344 1632 3414 hee
1652 3345 1826 3433 intringere
1846 3349 1898 3417 rel

341 3450 498 3521 murdre
518 3450 756 3536 presumpserit,
777 3446 838 3516 liei
858 3445 1083 3531 omnipotentis
1104 3450 1139 3513 et
1158 3450 1268 3512 nosne
1287 3444 1384 3514 unul
1403 3445 1521 3515 iudieie
1541 3465 1578 3516 se
1598 3455 1771 3533 manerent
1791 3451 1826 3518 in
1841 3470 1899 3519 no-

342 3552 663 3622 viulandum
707 3549 756 3619 lit
782 3549 881 3635 igitar
911 3546 1101 3616 decennia
1127 3552 1201 3615 ratu
1228 3547 1650 3634 stineeniuisaperpetuo
1680 3558 1899 3636 permaneant,

341 3655 439 3741 aaut
457 3655 560 3723 metri
579 3654 771 3739 appensione
791 3657 969 3738 presentem
984 3649 1374 3735 paginamroberavimua
1406 3653 1492 3719 Aeta
1511 3657 1587 3719 sunt
1607 3651 1667 3720 boe
1687 3671 1773 3723 anne
1793 3656 1900 3740 grane

342 3756 507 3827 millesime
531 3756 746 3825 dueentesimo
774 3753 1033 3840 quinquagesimo
1059 3754 1195 3838 septimo
1220 3752 1253 3818 in
1282 3751 1404 3835 Moder,
1432 3760 1581 3838 presente
1603 3754 1734 3823 domine
1761 3756 1900 3825 ilenrioo

342 3859 481 3930 eiusdem
502 3858 624 3927 eenobii
649 3856 780 3939 abbate,
806 3875 913 3924 eoram
934 3854 1025 3923 nobis
1046 3860 1081 3921 et
1101 3852 1259 3921 nobilibus
1286 3855 1405 3923 nestris
1425 3873 1561 3941 quorum
1581 3862 1658 3924 sunt
1675 3857 1736 3926 hee
1757 3858 1899 3927 nomina:

342 3981 447 4032 eomes
466 3961 620 4031 Iarostius
640 3960 724 4027 filins
743 3959 871 4027 Falonis
898 3977 970 4027 eum
996 3956 1095 4024 naue
1120 3974 1179 4024 sue
1201 3954 1423 4042 Sandziuogia
1449 3957 1595 4025 dominns
1616 3958 1775 4028 Iomanes
1798 3960 1901 4029 arehi-

344 4064 494 4134 diaeonns
514 4064 736 4133 Poananiensis
758 4067 792 4129 et
812 4062 1018 4130 macellarios
1038 4064 1156 4142 noster,
1178 4057 1339 4142 Melaneus
1352 4058 1438 4142 filins
1455 4059 1589 4143 Mathia,
1609 4060 1802 4132 Vineenoius
1815 4062 1901 4131 filius

343 4165 488 4253 liemare,
508 4166 642 4237 Iaeobus
661 4166 793 4235 eleriem
814 4165 899 4234 tilius
920 4165 1055 4233 Alberti.

445 4370 625 4456 snmus
648 4375 799 4454 rampe
834 4365 1221 4452 paedoremque
1245 4370 1341 4431 aare
1369 4371 1437 4433 naa
1454 4371 1902 4465 saurae-raemoriae,

343 4473 413 4542 dell
431 4477 547 4542 mitia
580 4472 714 4556 Saererq
739 4476 892 4540 Zekrzem
926 4471 1061 4554 Belem,
1084 4474 1235 4536 menica
1266 4466 1395 4552 Galava,
1417 4473 1558 4538 [sulm
1581 4470 1725 4554 Wimke,
1752 4476 1901 4553 Wyselrr'e.

343 4574 450 4645 lssnor
466 4574 553 4659 Pur,
576 4579 688 4642 malr.
718 4574 895 4643 Wissoaeu
916 4575 1027 4657 maier,
1049 4578 1083 4642 at
1105 4571 1157 4639 W.
1179 4571 1293 4654 minor,
1323 4575 1523 4654 Wprzarrono.
1554 4573 1717 4658 (irodisne,
1743 4579 1901 4645 monzei.

343 4676 489 4763 Kelpino,
511 4677 653 4760 Korea
674 4676 821 4760 (lamine,
837 4678 937 4742 dziiz
958 4678 1124 4742 uiemucie
1144 4679 1286 4740 remeet
1309 4673 1498 4756 Milostoue
1522 4678 1703 4743 lsrleuorro.
1734 4676 1902 4763 srmone,

222 4793 227 4807 '
346 4782 461 4847 &nebu
482 4779 566 4862 Lini,
580 4783 676 4846 linia.
700 4777 864 4847 Camenlm
883 4784 961 4860 azyli
981 4782 1185 4859 menone,
1207 4780 1303 4842 mdo
1316 4779 1426 4842 mirra
1442 4780 1511 4857 ped
1521 4783 1595 4867 ruriq
1609 4782 1793 4848 Idmioarre.
1815 4780 1901 4848 bsso.

344 4879 475 4965 dambe,
489 4882 556 4948 dati
568 4886 624 4946 talc
636 4900 729 4947 remo.
751 4881 880 4965 Graiis,
895 4881 994 4947 dziiz
1008 4886 1098 4947 niem
1119 4883 1255 4946 &edita
1280 4876 1436 4946 Chelmen
1450 4877 1462 4943 i
1475 4877 1616 4965 Dueslro,
1629 4886 1757 4961 Meua
1769 4889 1822 4950 aie
1835 4903 1904 4950 era·

176 5068 189 5079 „
345 4987 450 5062 &aaa
463 4984 590 5068 timei
609 5004 717 5066 aaran
731 4983 798 5050 deii
810 4988 921 5065 millu.
939 4983 1071 5065 barali,
1092 4989 1142 5049 uie
1156 4985 1358 5062 meduane.
1379 4979 1555 5065 Zubororo,
1577 4983 1732 5069 Zalrrere,
1748 4986 1817 5052 dzr‘i
1838 4996 1861 5053 t.
1879 5007 1903 5052 a

262 5159 264 5164 ,
345 5082 516 5172 Sionem,
537 5092 702 5156 umero.
737 5085 945 5172 Chrunstove,
972 5092 1166 5178 currerem.
1203 5082 1427 5170 Albreebtovq
1458 5086 1587 5168 uieedpi
1612 5090 1707 5152 erede
1735 5109 1772 5163 a,
1780 5091 1905 5170 potuer
