4860 6180
440 179 515 260 236

437 383 518 453 alias
539 380 709 468 reprobati,
731 399 820 450 suam
841 378 979 468 patriam
1000 378 1034 448 in
1055 400 1120 466 qua
1136 384 1368 466 cognoscuntur·
1388 377 1511 466 plenius
1532 377 1698 468 malente,
1721 383 1763 453 ud
1782 397 1888 472 pepp,
1907 399 1977 477 Q
2060 339 2081 431 ²³2².

436 484 592 563 medam
612 491 649 552 ut
668 505 703 554 sc
719 484 837 553 iaciant
855 484 896 552 ad
917 502 1023 551 sacros
1045 485 1172 551 ordines
1193 486 1383 568 promoveri:
1406 492 1440 552 et
1461 485 1590 569 quidam
1611 485 1749 571 episcopi
1771 490 1887 566 iniuste
1906 520 1976 582 prop

437 588 653 657 misericordia
674 608 769 675 super
789 588 880 669 tales,
903 605 958 654 cos
978 588 1150 670 pessimat
1172 584 1388 654 indifferenter
1402 587 1548 655 ordinare
1565 595 1753 673 presumunt
1766 591 1799 657 in
1813 600 1978 684 animarum

434 709 567 760 suarum
588 692 760 778 perieulum
774 697 808 758 ct
827 687 1011 756 scandalum
1032 689 1249 773 plurimorum.
1294 687 1385 769 Quod
1411 688 1452 757 de
1480 696 1586 757 cetero
1613 687 1683 756 lieri
1704 691 1902 774 prohibemus
1919 718 1978 782 nn.

434 798 575 879 xorontes,
596 802 634 862 ut
654 793 760 860 nullus
780 791 945 876 episcopus
967 789 1060 856 huius
1082 791 1241 874 provincie
1263 790 1303 856 de
1324 795 1429 857 cetero
1451 790 1599 858 clericum
1623 790 1757 858 alterius
1776 794 1914 880 dyocesis
1933 831 2000 881 0„

436 897 547 967 (libare
568 902 739 983 presumat,
759 894 822 962 nisi
843 895 884 961 ab
904 882 1051 978 episcopo
1070 893 1103 960 in
1125 893 1215 960 cuius
1235 892 1333 959 luerit
1350 891 1476 976 dyocesi
1498 891 1659 975 oriundus,
1682 893 1731 960 vel
1754 895 1786 960 in
1805 902 1892 970 cuius
1908 909 1977 996 dyo.

427 1004 501 1071 .cesl
519 1000 721 1070 beneficiatus
741 998 860 1079 existit,
882 995 979 1063 luerit
999 997 1181 1080 requisitus,
1203 995 1253 1063 vel
1274 1013 1332 1079 per
1352 1012 1427 1061 suas
1448 1000 1596 1080 patentes
1610 994 1734 1062 litteras
1748 1015 1874 1072 causum
1887 1015 1979 1082 saepo.

431 1104 574 1174 nabilem
599 1102 805 1183 continentes,
837 1118 936 1183 quare
968 1099 1072 1182 ipsum
1104 1098 1253 1165 ordinare
1280 1116 1345 1164 non
1371 1097 1449 1166 velit
1475 1098 1526 1164 vei
1555 1097 1675 1178 valeat,
1708 1099 1770 1165 nisi
1799 1102 1831 1169 in
1862 1106 1978 1192 hyemi

436 1206 614 1274 ordinantis
635 1203 756 1271 tamdiu
776 1201 873 1268 luerit
893 1204 1110 1279 conversatus,
1138 1199 1224 1284 quod
1252 1205 1286 1266 ct
1311 1198 1452 1283 ydoneus
1479 1199 1524 1267 sit
1544 1199 1702 1282 inventus,
1723 1207 1758 1267 et
1781 1208 1979 1286 parochianus

375 1307 380 1320 '
429 1309 506 1378 eius
526 1308 640 1375 merito
661 1305 775 1373 debeat
792 1303 944 1388 reputari.
976 1302 1111 1386 Insuper
1131 1300 1220 1368 vobis
1240 1301 1432 1368 auctoritate
1453 1320 1517 1386 qua
1537 1300 1698 1386 tangimur
1717 1302 1894 1376 districeius
1914 1334 1979 1398 pne

436 1409 590 1493 bibemus,
611 1428 651 1476 nc
673 1408 746 1474 liliis
767 1406 966 1475 sacerdotum
984 1404 1161 1472 clericalem
1183 1409 1346 1471 tonsuram
1367 1403 1408 1471 de
1428 1410 1534 1472 cetero
1556 1403 1734 1486 conferatis,
1764 1424 1823 1474 nec
1840 1428 1892 1479 cos
1913 1435 1978 1499 pre·

436 1513 570 1579 sumatis
590 1511 631 1578 ad
652 1527 759 1578 sacms
777 1508 903 1576 ordines
925 1525 1117 1591 promovere,
1139 1507 1201 1574 nisi
1223 1506 1311 1589 prius
1333 1522 1404 1573 cunr
1425 1506 1503 1591 ipaia
1525 1503 1622 1573 inerit
1644 1505 1840 1579 authoritate
1860 1525 1980 1599 eposm

422 1612 500 1686 ..lice
519 1630 616 1696 super
634 1610 758 1678 deiectu
778 1610 933 1676 natalium
954 1607 1180 1693 dispensatum.
1966 1683 1969 1692 ,

449 1771 452 1775 ,
539 1717 585 1779 lie
604 1716 774 1779 residencia
795 1717 1002 1792 episcopanos
1020 1716 1166 1790 sedendo
1187 1717 1221 1776 in
1242 1715 1374 1776 ecclmile
1393 1717 1467 1778 aab.
1511 1710 1615 1778 Nimis
1643 1717 1694 1779 est
1718 1711 1863 1782 indecens
1883 1725 1916 1786 et
1936 1723 1979 1790 in·

429 1815 579 1902 dignum,
612 1814 697 1900 quod
722 1814 821 1899 aliqui
849 1814 987 1898 episcopi
1015 1814 1049 1881 in
1078 1814 1262 1882 civitatibus
1286 1815 1353 1881 suis
1373 1813 1544 1899 aliquando
1565 1823 1805 1898 commorantes,
1829 1837 1980 1906 uunquam

434 1919 558 1986 intrant
578 1916 741 1985 ecclesiam
761 1916 974 1984 cathedralem
995 1934 1053 1983 nec
1073 1916 1206 1981 visitem
1227 1915 1428 1998 (trucifrxum,
1457 1915 1513 1982 sed
1535 1916 1607 1999 pius
1628 1935 1724 2001 quam
1750 1923 1892 1988 extranei
1911 1936 1981 1995 aunt

435 2020 543 2089 asaia
564 2018 705 2088 ecclesiis
725 2019 830 2086 alieni
873 2017 919 2084 Et
939 2018 1015 2102 quia
1043 2019 1245 2101 exipsorum
1271 2019 1434 2102 presencia
1454 2017 1549 2085 debat
1569 2018 1702 2086 ecclesia
1720 2019 1868 2090 honorari
1890 2032 1923 2092 et
1937 2029 1981 2095 di·

428 2123 542 2191 vinum
560 2121 698 2190 officium
719 2121 875 2207 ampliari,
897 2117 1095 2201 mandamus,
1109 2120 1260 2203 quatinus
1277 2121 1413 2188 maxime
1427 2120 1461 2186 in
1476 2119 1722 2204 Quadrupesima
1742 2128 1777 2190 et
1794 2124 1828 2190 irr
1842 2126 1981 2197 Adventu

434 2225 469 2292 in
490 2224 630 2292 ecclesiis
651 2223 881 2292 cathedralibus
903 2223 979 2302 suis,
1002 2223 1030 2288 si
1051 2220 1120 2289 heri
1141 2227 1248 2306 potest
1269 2222 1440 2305 commode,
1465 2224 1636 2306 resideant,
1654 2230 1692 2291 et
1712 2225 1747 2291 in
1768 2226 1982 2309 predicacioni-

435 2325 495 2394 bus
516 2324 668 2394 heiendh
688 2333 723 2394 et
743 2327 777 2394 in
798 2323 1043 2393 aoniesmonibus
1071 2323 1236 2391 audiendis
1257 2343 1292 2391 aa
1317 2325 1469 2393 studeant
1489 2344 1645 2409 asareem,
1673 2331 1709 2395 et
1728 2328 1855 2396 errrdire
1872 2331 1905 2396 in
1925 2331 1982 2401 lide

434 2434 470 2497 et
490 2427 631 2497 moribus
651 2428 770 2496 clerum
790 2446 829 2496 ac
849 2426 1000 2511 populum
1016 2425 1169 2493 civitatis.
1213 2426 1259 2493 Et
1277 2426 1350 2493 aliis
1372 2426 1566 2511 temporibus
1587 2429 1735 2515 dyoceses
1761 2449 1836 2498 suas
1857 2432 1982 2502 droam

434 2535 520 2614 aaut,
542 2530 736 2599 visitacionis
751 2536 784 2598 et
797 2529 1002 2606 comacdonis
1016 2527 1154 2596 officium
1175 2529 1260 2596 circa
1280 2530 1424 2597 subditos
1445 2530 1580 2599 sollicite
1602 2532 1819 2617 impendendo.
1845 2533 1890 2600 Et
1910 2553 1982 2618 qao

434 2633 520 2700 ciam
540 2633 575 2699 in
595 2632 776 2701 civitatibus
792 2632 860 2699 suis
881 2636 1042 2715 presentes
1062 2629 1196 2715 fuerint,
1224 2632 1286 2697 nisi
1312 2632 1498 2700 infirmitate
1525 2634 1577 2701 vel
1602 2634 1668 2701 alia
1688 2653 1785 2702 causa
1805 2636 1982 2704 racionabili

433 2733 554 2802 marial
573 2734 740 2820 prepediti,
761 2735 795 2801 in
815 2734 990 2815 matutinis,
1020 2734 1118 2800 missa
1138 2741 1173 2800 et
1190 2734 1330 2818 vesperis
1358 2741 1531 2802 teneantur
1558 2736 1689 2805 cottidie
1713 2739 1875 2819 interesse,
1899 2741 1982 2806 etin

433 2836 580 2905 omnihus
600 2836 772 2905 maioribus
794 2834 1080 2920 sollempnitatibus
1098 2853 1260 2920 vesperas,
1281 2836 1455 2903 matutinas
1476 2843 1511 2904 et
1531 2838 1644 2905 misses
1669 2845 1810 2906 cantare
1852 2839 1918 2906 Nec
1944 2841 1982 2905 ti·

427 2957 522 3007 mora
542 2957 750 3025 expensarum
767 2938 809 3005 ab
826 2937 1005 3005 huiusmodi
1030 2937 1141 3006 officiis
1168 2938 1386 3022 spiritualibus
1407 2940 1622 3023 retrahantur,
1651 2940 1709 3008 sad
1734 2941 1781 3008 sic
1805 2942 1839 3007 in
1860 2940 1921 3007 hiis
1940 2940 1983 3008 la·

434 3040 553 3109 ciendis
573 3047 687 3108 curant
704 3041 862 3124 imponere
880 3038 942 3107 sibi
962 3040 1101 3122 modum,
1130 3041 1216 3125 quod
1237 3046 1271 3107 et
1291 3040 1371 3109 istas
1392 3040 1513 3110 faciant
1531 3042 1704 3126 moderate,
1729 3050 1766 3111 et
1787 3043 1844 3110 iiia
1864 3043 1983 3128 adque

432 3147 583 3212 tanam
603 3143 761 3229 precipue,
782 3142 877 3226 digne
896 3147 931 3209 et
951 3142 1153 3210 laudabiliter
1173 3143 1277 3212 iacere
1297 3163 1362 3212 non
1383 3145 1566 3214 obmittant

537 3248 1352 3314 &mammeammeeoecnaaeel’olrnaea
1390 3246 1672 3333 Gumnuperper
1698 3246 1983 3316 wratislaviensem
2014 3228 2032 3300 ’Ϊ

433 3353 468 3417 et
496 3347 734 3418 Gramvieusem
762 3347 910 3433 dyoceses
938 3349 1109 3416 transitum
1137 3348 1321 3432 taceremus,
1346 3356 1548 3418 accesserunt
1576 3349 1618 3418 ad
1642 3369 1700 3418 nos
1727 3350 1912 3418 'theutonici
1932 3349 1984 3432 qui

432 3450 474 3520 ad
495 3451 693 3520 incolendam
713 3455 831 3518 terrem
849 3450 981 3546 eandem
1001 3451 1042 3519 da
1063 3451 1241 3519 Tbeutcnia
1260 3452 1464 3534 adveneram,
1486 3451 1577 3519 nobis
1590 3452 1819 3537 querimoniam
1832 3445 1984 3536 deponen-

313 3592 316 3596 >
415 3558 488 3622 tas·
503 3570 605 3639 auper-
620 3554 696 3636 hoc,
711 3547 801 3637 quod
817 3571 925 3620 eorum
946 3554 1094 3639 episcopi,
1113 3559 1151 3621 ut
1172 3553 1328 3636 dicebant,
1351 3572 1404 3621 eos
1425 3573 1484 3640 per
1503 3554 1838 3623 excommunicacionis
1862 3560 1983 3620 senten

433 3656 516 3724 dam
536 3654 766 3740 compellebant
783 3654 823 3721 ad
845 3655 915 3738 hoc,
937 3660 975 3722 ut
997 3655 1128 3739 singuiis
1146 3657 1277 3722 annisa
1297 3655 1539 3741 Sepmagesima
1560 3657 1722 3741 usquead
1743 3656 1867 3724 Pascha
1884 3673 1983 3724 acar·

394 3755 398 3762 '
432 3756 527 3825 nibus
547 3757 760 3825 abstinerent:
783 3774 840 3840 pro
855 3775 903 3838 eo,
925 3758 1013 3842 quod
1034 3757 1175 3824 homines
1194 3760 1357 3842 regionum
1378 3759 1508 3827 illarum
1529 3760 1647 3826 eisdem
1669 3759 1864 3843 temporibus
1877 3757 1918 3824 ah
1930 3775 1983 3823 esu

432 3859 575 3929 amium
596 3865 824 3928 consueverant
843 3859 1013 3928 abstinere.
1057 3859 1119 3928 Sed
1141 3880 1213 3929 cum
1233 3862 1295 3946 ipsi
1315 3862 1512 3944 Thautoniai,
1543 3867 1581 3929 ut
1608 3861 1766 3944 dicebant,
1792 3868 1826 3929 et
1845 3859 1984 3946 progeni·

433 3969 519 4033 tores
540 3965 681 4049 ipsorum
703 3965 938 4031 consuevissent
963 3983 1064 4048 usqae
1091 3964 1134 4031 ad
1155 3964 1266 4032 feriam
1290 3966 1421 4033 terciam
1442 3971 1519 4034 ante
1548 3965 1632 4033 diem
1654 3963 1804 4032 Cinmum
1827 3963 1984 4031 comedam

432 4084 557 4151 anper
577 4085 702 4150 menes,
731 4073 765 4134 et
789 4073 896 4151 partes
918 4067 997 4134 istas
1019 4086 1090 4134 cunr
1112 4067 1169 4134 teli
1191 4067 1417 4136 consuetudine
1446 4069 1653 4135 intravissent
1680 4085 1813 4152 eamque
1841 4065 1984 4134 continue

431 4172 467 4236 et
486 4168 556 4235 sine
576 4168 810 4253 interrupcione
830 4176 1018 4247 servassent,
1039 4188 1099 4237 nec
1120 4176 1230 4237 votum
1251 4171 1317 4237 sive
1339 4169 1567 4254 obligaaionem
1588 4169 1780 4237 contrariam
1801 4167 1984 4244 emisissent,

432 4269 583 4338 nolebant
601 4278 639 4339 ut
659 4270 806 4339 dicebant
831 4291 863 4338 a.
878 4271 1117 4357 septuagesima
1137 4289 1238 4356 usque
1257 4272 1298 4339 ad
1320 4273 1404 4339 diem
1427 4270 1576 4340 cinerum
1597 4271 1639 4339 ab
1660 4290 1718 4338 esu
1732 4271 1874 4338 menium
1887 4269 1980 4336 absti-

431 4391 507 4441 nere
526 4392 583 4441 nec
604 4375 788 4441 renunciare
809 4375 984 4460 superbae
1006 4376 1066 4441 iuri
1088 4394 1162 4456 suo,
1185 4393 1257 4441 cum
1278 4392 1336 4442 nec
1355 4380 1468 4442 contre
1489 4375 1582 4442 fidem
1603 4392 1661 4442 aec
1686 4380 1800 4441 contra
1819 4373 1983 4440 observan-

432 4476 514 4543 ciam
533 4476 719 4542 universalis
741 4475 882 4543 Ecclesie
902 4477 988 4543 istud
1010 4483 1103 4559 esset,
1125 4495 1165 4544 ex
1185 4477 1331 4558 mamma,
1354 4495 1426 4544 aum
1447 4477 1555 4562 plures
1576 4495 1615 4543 ex
1629 4476 1809 4543 hominihus
1823 4474 1981 4558 regionum

431 4577 582 4665 ipsarum,
604 4577 667 4644 iam
689 4577 819 4662 prelatis
840 4577 951 4645 diebus
973 4597 1083 4645 carnes
1105 4597 1175 4645 aum
1198 4580 1276 4663 ipsis
1297 4579 1500 4646 Theutcnicis
1522 4579 1685 4646 comedere
1699 4579 1896 4663 incepissent
1918 4572 1982 4640 Nos

303 4683 306 4690 '
432 4680 530 4766 igitur
550 4679 751 4747 attendentes
771 4679 855 4765 quad
877 4681 1040 4764 apostolus
1062 4681 1179 4748 Paulus
1198 4682 1289 4749 dicit:
1317 4680 1407 4762 Quod
1427 4699 1500 4749 esca
1521 4700 1578 4749 nos
1599 4700 1663 4748 non
1684 4680 1882 4749 commendat
1902 4677 1982 4743 Deo:

430 4789 466 4851 at
484 4782 570 4868 quod
590 4781 664 4849 hinc
685 4788 719 4849 et
739 4782 813 4848 inda
834 4783 1003 4850 multitudo
1023 4784 1131 4868 populi
1159 4791 1210 4852 est
1235 4785 1269 4851 in
1290 4803 1394 4868 causa,
1425 4784 1621 4862 mandamus,
1644 4790 1682 4851 ut
1701 4790 1769 4851 tam
1790 4781 1983 4851 comedentes

431 4904 542 4954 munes
561 4884 671 4953 dicbus
693 4884 842 4970 predictis
871 4904 966 4971 quam
989 4906 1052 4953 non
1078 4888 1285 4968 comedentes,
1308 4888 1342 4954 in
1363 4886 1423 4955 bac
1445 4893 1537 4972 parte
1557 4888 1624 4953 suis
1638 4884 1893 4972 ,meionabilibus
1912 4896 1984 4947 con·

431 4989 574 5057 scienciis
596 4988 797 5072 relinquatis,
827 4991 1044 5076 prohibentes,
1069 4999 1107 5057 ut
1136 4993 1175 5059 ad
1205 4990 1426 5059 abstinendum
1457 4991 1507 5057 vel
1536 5011 1598 5058 non
1626 4989 1848 5058 abstinendum
1869 4987 1910 5054 ab
1930 4996 1983 5050 esu

431 5094 573 5162 curamur
594 5091 705 5161 diebus
725 5093 875 5179 predictis
895 5095 1003 5162 nuilus
1024 5095 1237 5180 predictorum
1251 5094 1293 5163 de
1307 5100 1413 5162 cetero
1428 5093 1650 5180 compellatum
1672 5094 1728 5162 aad
1750 5094 1806 5178 qui
1821 5088 1984 5161 manducat
