4476 6180
339 516 414 594 528

338 717 546 787 Gneromirus
568 717 759 785 castellanus
776 718 816 786 de
835 716 958 798 Sbosin,
981 715 1137 785 lohannes
1157 725 1290 785 ronotor
1303 714 1535 784 Poznnniensis.
1580 713 1700 782 Dotom
1714 712 1747 780 in
1762 710 1890 780 Pmoun
2008 762 2011 769 .

338 820 373 887 ln
392 821 445 888 die
466 828 646 888 sorrctornm
668 821 809 888 Processi
830 830 864 889 ot
884 821 1080 902 Mmtininni
1103 840 1187 890 muno
1210 821 1336 889 Domini
1355 819 1521 887 millosimo
1536 817 1752 885 ducentesimo
1766 823 1891 899 octogo-

337 923 418 990 simo
439 927 539 990 sorio.
818 932 821 939 '
1524 933 1533 943 ·

359 1193 363 1200 .
441 1126 537 1210 Obro,
557 1127 675 1212 Zodyri‚
700 1129 768 1192 deii
789 1133 843 1193 lot
863 1150 955 1196 ramo.
999 1127 1113 1209 Nullo,
1141 1131 1259 1194 Niolelc.
1289 1127 1379 1194 Fluv.
1403 1127 1521 1212 Dopon,
1544 1129 1686 1204 oojcorz.
1719 1122 1890 1206 Kerpiolco

340 1234 506 1310 Korpiolo.
552 1230 726 1314 Cupenino‚
749 1237 832 1296 rnoie
853 1233 927 1297 dzii.
947 1235 1114 1312 nopanica.
1158 1229 1282 1311 Sbesin,
1304 1229 1447 1317 Dimuri.

1009 1528 1083 1613 Nr.
1116 1520 1216 1614 567.

444 1721 572 1806 zonut
598 1721 792 1804 castellon
818 1722 860 1805 *n
886 1723 1020 1806 dukell
1045 1722 1273 1806 12861u1.
1291 1726 1377 1820 25,
1402 1721 1446 1803 in
1469 1719 1639 1823 Lnoknm
1657 1734 1822 1804 coufirmat
1836 1734 1892 1803 oo

340 1843 498 1911 notionem
521 1840 706 1908 hereditatis
728 1841 884 1926 Koninek,
906 1861 1002 1927 quom
1023 1850 1115 1928 puter
1135 1861 1222 1924 snus,
1242 1860 1347 1910 eomes
1367 1840 1506 1924 sonno,
1527 1839 1686 1924 quondum
1701 1838 1892 1906 monasterio

339 1944 380 2013 de
399 1943 510 2012 belno
530 1942 658 2010 iecerat.
1743 2019 1745 2024 ,

450 2049 641 2134 quroroiec.
690 2050 807 2112 Arellio.
840 2053 1033 2114 monostemi..
1065 2051 1264 2113 Protocollum
1297 2045 1384 2109 θῶν·
1419 2064 1493 2126 pop.
1523 2047 1555 2112 7.
1600 2047 1713 2126 (Copto
1745 2063 1787 2110 ex
1816 2045 1893 2109 libro

339 2155 464 2231 oedipum
484 2153 659 2214 mmmeterii
686 2152 838 2235 quroo.)

405 2363 409 2369 ·
444 2353 626 2421 innomine
647 2353 814 2420 salvotoris
835 2353 915 2421 Jezu
938 2353 1058 2421 chricti
1080 2371 1184 2422 emen
1227 2352 1334 2420 Rebus
1355 2351 1498 2420 dnmnorl
1518 2370 1583 2419 non
1604 2355 1710 2436 potent
1731 2369 1794 2435 que
1815 2351 1893 2419 scri·

340 2462 505 2543 ptnrornm
527 2456 707 2523 testimonio
729 2456 929 2538 roborantur,
952 2457 1103 2539 qnoniam
1125 2457 1159 2524 in
1180 2454 1376 2523 immutabile
1397 2455 1613 2522 testimonium
1635 2460 1685 2521 est
1699 2453 1892 2521 roboretum.

341 2559 420 2626 Inde
441 2577 498 2643 ego
520 2558 628 2624 Zbilut
649 2558 841 2625 merolianus
862 2559 896 2624 in
917 2557 1045 2639 Nnkell,
1072 2559 1229 2643 qnondam
1252 2558 1376 2624 comitis
1397 2556 1575 2624 Stmssonis
1589 2556 1684 2639 lilius,
1699 2562 1810 2624 notum
1824 2574 1894 2624 esse

340 2662 413 2730 rolo
434 2669 501 2729 tom
522 2660 721 2746 presentibus
742 2680 838 2745 quem
856 2660 983 2744 bronnis,
1002 2661 1087 2745 quod
1108 2661 1316 2729 hereditatem
1338 2661 1464 2728 nornine
1486 2657 1617 2743 Conym,
1638 2677 1733 2744 quem
1754 2660 1806 2743 pie
1828 2677 1895 2726 me·

341 2764 441 2831 morle
475 2768 568 2849 poter
593 2781 683 2830 meus
709 2761 861 2831 iratribus
882 2764 916 2830 in
937 2764 1053 2830 Luknn
1073 2764 1189 2846 iugiter
1217 2763 1344 2830 domino
1363 2761 1432 2829 Deo
1451 2759 1678 2828 famulantibus
1698 2760 1740 2828 ob
1758 2760 1894 2828 sulutem

339 2865 445 2933 enimc
473 2883 530 2933 sne
559 2884 631 2933 cnm
664 2865 761 2947 silvis,
792 2867 886 2949 egris,
912 2866 1025 2949 protis,
1056 2865 1202 2933 videlieet
1222 2865 1324 2948 equis,
1351 2883 1422 2932 cnm
1443 2862 1589 2931 omnibns
1607 2862 1673 2930 curis
1694 2862 1894 2947 pertinentiis

341 2967 411 3034 imo
429 2966 619 3035 hereditario
653 2967 751 3034 libero
773 2967 907 3034 contulit
928 2967 961 3034 in
983 2974 1170 3052 perpetuum
1191 2967 1421 3052 possidendam,
1440 2966 1573 3034 eendem
1594 2983 1669 3033 rero
1690 2966 1893 3034 donationem

216 3127 222 3137 .
340 3068 481 3155 predicte
504 3068 691 3136 hereditatis
721 3089 779 3154 pro
801 3069 903 3136 solute
923 3070 1028 3136 nnirne
1054 3088 1123 3137 mee
1142 3074 1177 3137 et
1197 3069 1463 3155 predecessorum,
1497 3087 1636 3136 necnon
1657 3069 1894 3154 progenitorum

347 3189 489 3239 meorum
510 3177 544 3238 et
563 3171 726 3255 predilecti
747 3170 806 3238 filii
827 3171 889 3238 mei
909 3169 1104 3254 Streskonie,
1136 3189 1209 3240 oum
1230 3173 1316 3240 omni
1336 3172 1405 3238 inre
1426 3171 1509 3239 sicut
1530 3169 1672 3257 prointus
1693 3176 1786 3255 poter
1806 3189 1895 3238 mous

340 3272 515 3341 dinoscitur
536 3273 694 3356 habuisse,
713 3275 895 3342 memoretis
916 3273 1069 3342 iratribus
1089 3275 1270 3343 Lnkneneis
1290 3275 1420 3343 ecclesie
1437 3273 1541 3343 denuo
1554 3274 1632 3342 duxi
1646 3274 1894 3342 confirmandum

214 3433 219 3441 .
288 3432 306 3440 ..
329 3374 533 3451 inniterer
554 3377 777 3443 renovandum.
822 3376 869 3443 Ut
890 3381 998 3443 entem
1025 3376 1083 3444 heo
1103 3376 1233 3444 donatio
1255 3383 1289 3444 et
1306 3375 1469 3444 redemtio
1490 3375 1616 3444 stobilis
1636 3395 1675 3444 oc
1696 3381 1769 3444 rote
1789 3394 1895 3461 perse·

338 3485 437 3562 reret,
459 3478 554 3545 dietis
575 3477 728 3545 frutribus
751 3478 871 3547 contuli
892 3479 1039 3562 peginam
1057 3487 1246 3562 presentem,
1269 3477 1385 3564 prefati
1406 3479 1508 3563 putris
1522 3479 1585 3546 mei
1604 3497 1643 3546 nc
1657 3479 1777 3564 proprii
1798 3480 1895 3564 sigilli

209 3623 215 3636 ·
339 3579 402 3648 mei
423 3580 595 3648 munimine
626 3580 816 3649 roboretum.
861 3581 979 3648 Dotnnr
1005 3582 1039 3648 in
1065 3580 1198 3649 Luckne
1224 3600 1308 3649 enno
1335 3584 1438 3666 gretie
1459 3581 1747 3651 mccnxxm
1775 3583 1809 3650 in
1841 3583 1894 3650 die

200 3684 207 3702 '
341 3682 427 3751 berti
448 3682 554 3750 lcoobi
573 3685 719 3767 apostoli.
765 3683 845 3751 Cum
867 3683 925 3750 hec
946 3683 1059 3750 fierent
1076 3682 1122 3750 bii
1142 3690 1240 3752 testes
1260 3685 1443 3752 astiterunt:
1460 3685 1605 3752 dominus
1620 3685 1807 3752 Vincentius
1820 3703 1895 3752 con·

341 3784 497 3868 oellnrins,
522 3785 713 3853 Cecboslons
740 3787 931 3854 castellanus
957 3785 998 3853 de
1018 3786 1118 3869 Kella,
1140 3787 1288 3855 Presleus
1309 3788 1501 3855 castellanus
1522 3788 1727 3870 Gneznensis,
1749 3787 1895 3857 Animas

342 3887 446 3970 iudex,
466 3888 580 3955 Petrus
602 3889 685 3955 lilius
707 3887 874 3971 Slnvenici,
895 3888 1052 3958 Iohannes
1070 3889 1251 3973 capellanus
1271 3889 1312 3956 de
1333 3889 1448 3957 Lnknn
1468 3897 1503 3958 et
1522 3890 1578 3958 olii
1597 3910 1693 3975 quem
1711 3890 1819 3977 plnres
1833 3892 1895 3957 viri
2009 3965 2011 3968 Α

344 3988 406 4057 lide
426 3990 522 4074 digni.

443 4194 567 4277 Lukne,
588 4187 697 4261 ccmo.
741 4194 868 4276 Nekou,
890 4199 1002 4263 Notio.
1049 4195 1180 4282 Cotym,
1202 4201 1349 4267 donisel.

1013 4495 1085 4580 Nr.
1119 4491 1218 4581 508.

445 4687 602 4772 Promicl
628 4688 811 4771 socundus
838 4688 914 4770 dux
931 4687 1081 4772 Polonie
1109 4695 1243 4774 1286
1271 4689 1367 4794 Sept
1394 4695 1439 4788 9,
1464 4693 1508 4774 in
1531 4692 1654 4795 Picd13
1676 4710 1799 4778 confert
1820 4713 1895 4779 Thi-

340 4810 405 4877 loni
426 4809 665 4893 prothonotario
684 4826 741 4872 suo
763 4807 969 4874 heriditatem
992 4810 1097 4891 (iinon,
1118 4811 1321 4894 amplissimis
1342 4811 1514 4894 privilegiis
1536 4815 1700 4880 munitam.

447 4916 585 4990 Propino.
608 4915 724 4990 oryyiu.
773 4915 911 4973 Stiiioric
924 4915 1089 4990 jorimubup
1108 4918 1231 4992 sicione,
1253 4934 1273 4976 z
1292 4913 1419 4992 kiorepo
1438 4916 1562 4995 plectri
1582 4922 1700 4984 milio.

338 5032 346 5072 ·.
446 5013 582 5080 Poenici.
627 5015 745 5076 Arellio.
773 5017 914 5094 Capituli,
940 5016 966 5087 Ι,
989 5017 1021 5080 9.

444 5214 480 5281 ln
502 5215 626 5281 nomino
648 5215 774 5281 Domini
794 5235 895 5282 umen.
940 5216 1051 5282 llultis
1070 5219 1274 5285 incommodis
1292 5220 1465 5303 prudentor
1479 5223 1684 5305 occurrimus,
1709 5243 1780 5291 cnm
1799 5227 1895 5293 etntis

341 5322 451 5384 nostre
472 5320 600 5397 tripoda
622 5318 800 5383 limenorum
819 5338 875 5383 son
898 5320 1026 5386 testium
1046 5323 1217 5389 nlurnimino
1239 5323 1433 5390 rolrunmus.
1477 5323 1545 5390 Nos
1567 5326 1665 5407 igitur
1686 5327 1819 5394 Pmurisl
1846 5349 1896 5394 so·

334 5419 474 5502 enudus,
496 5420 557 5486 Dei
578 5421 683 5502 giulio
704 5421 768 5485 dim
790 5421 927 5504 Polemio,
951 5431 1062 5491 notum
1085 5424 1216 5491 iacimus
1238 5426 1391 5492 univorsis
1414 5433 1481 5494 tom
1509 5428 1709 5510 prementibus
1729 5447 1825 5513 quom
1846 5430 1895 5498 lu·
