4860 6180
435 466 511 542 428

434 666 612 735 huiusmodi
635 674 780 736 sanctum
803 675 837 736 et
858 669 1001 752 repedare
1023 672 1178 734 statutum
1201 668 1307 734 verrirc
1328 666 1585 752 presumpserint,
1611 667 1784 749 ingressum
1807 661 1937 731 melesio
1951 668 1985 729 et

433 771 647 839 executionem
669 773 894 855 pontificalium
915 771 974 838 sibi
1003 771 1148 837 noverint
1177 770 1353 837 interdicta
1399 770 1460 837 Pcr
1484 770 1565 836 lmrre
1592 776 1698 835 minen
1729 767 1986 834 constitutionem

433 892 497 942 nou
518 872 734 941 interdicimus
756 895 864 942 ocreas
885 895 943 942 nec
964 893 1079 958 eaprpas
1101 872 1262 954 satiandas,
1286 880 1343 940 aut
1364 873 1530 940 errantellos
1548 879 1623 939 ante
1640 878 1751 956 petras
1769 871 1817 936 vel
1833 876 1906 954 post
1920 868 1983 935 col·

432 975 499 1043 lum
522 994 687 1057 connexos,
711 977 744 1044 in
762 977 866 1044 colore
887 984 921 1044 et
942 977 1022 1057 aliis,
1050 974 1239 1060 supradictis
1262 975 1465 1058 religionibus
1489 994 1544 1042 seu
1570 974 1741 1041 Ordinibus
1769 977 1985 1055 corrgruentes.

540 1100 745 1163 Ecclestaattci
765 1119 801 1163 rc
821 1104 945 1162 mdttart
965 1119 1028 1162 aaa
1051 1101 1231 1175 trnpdcaaat.
1277 1095 1432 1178 Perpetuo
1455 1094 1657 1179 prohibemns
1679 1094 1794 1173 edicto,
1817 1111 1856 1156 ne
1871 1089 1987 1174 prelati

434 1195 544 1266 etalii
571 1198 675 1266 clerici
705 1199 927 1284 cuiuscumque
955 1200 1020 1265 sint
1046 1199 1174 1279 omlinis,
1203 1198 1367 1280 dignitatis
1397 1203 1456 1264 aut
1482 1201 1595 1276 status,
1624 1195 1843 1274 seditionibus,
1866 1193 1984 1277 preliis,

434 1299 555 1385 spoliis,
578 1301 708 1383 rapinis,
730 1301 882 1367 incendiis
901 1308 933 1368 et
952 1302 1024 1368 aliis
1046 1302 1128 1368 sevis
1150 1300 1241 1368 iactis
1260 1320 1294 1367 se
1308 1300 1509 1383 aliquatenus
1524 1299 1698 1364 immiscere
1712 1302 1907 1380 presumant,
1929 1313 1987 1362 nec

434 1401 554 1471 bellicis
576 1402 700 1470 actibus
723 1423 757 1470 se
776 1404 939 1488 implicent
960 1406 1008 1471 vel
1030 1405 1205 1471 involvant:
1234 1404 1296 1469 nisi
1318 1402 1400 1469 forte
1422 1421 1480 1486 pro
1501 1401 1702 1468 ecclesiarum
1729 1418 1857 1466 suarum
1880 1404 1914 1465 et
1932 1416 1987 1480 pa·

435 1504 498 1572 trie
518 1503 709 1587 defensione,
731 1524 795 1572 non
817 1507 858 1572 ad
879 1507 1124 1592 impugnandum
1145 1506 1194 1572 rel
1216 1504 1472 1588 propulsandum,
1495 1503 1549 1568 sed
1568 1504 1609 1569 ml
1624 1501 1835 1569 ‹leiensionem
1852 1507 1986 1580 tantum,

360 1608 364 1616 '
434 1606 655 1673 similas
674 1625 728 1674 eos
747 1608 928 1692 compellat;
951 1616 985 1676 et
1007 1615 1082 1676 tunc
1104 1611 1136 1674 in
1159 1608 1295 1692 propriis
1317 1606 1459 1690 personis
1481 1624 1543 1670 non
1563 1611 1713 1688 pugnent.
1751 1603 1865 1670 Clerici
1885 1601 1988 1669 officia

433 1706 484 1774 vel
503 1710 689 1776 commercia
710 1727 773 1775 non
789 1717 965 1793 exerceant,
983 1712 1119 1778 maxime
1134 1710 1315 1788 inhonesta3
1338 1708 1452 1790 mimis,
1474 1705 1691 1787 histrionibus,
1714 1713 1747 1773 ct
1761 1703 1987 1772 ioculatoribus

433 1826 497 1877 nou
516 1809 693 1893 intendam,
715 1818 749 1879 et
770 1811 918 1879 tabernas
940 1832 1068 1897 pmrsus
1084 1814 1213 1894 evitent,
1232 1811 1293 1877 nisi
1311 1809 1393 1876 torte
1408 1827 1504 1877 causa
1525 1808 1723 1902 necessitatis
1738 1808 1771 1872 in
1787 1808 1900 1873 itinere
1915 1824 1988 1873 con·

434 1910 549 1980 stituti
595 1914 645 1980 nd
666 1913 753 1980 aleas
775 1920 809 1981 et
831 1914 958 1982 taxilles
978 1934 1042 1982 nou
1063 1916 1185 1996 ludant,
1207 1933 1265 1981 nec
1286 1910 1465 1979 huiusmodi
1491 1910 1574 1977 ludis
1600 1910 1759 1977 intersint.
1806 1908 1937 1976 Comam
1955 1915 1989 1975 ct

434 2020 597 2082 tonsuram
629 2016 813 2099 patentibus
843 2017 973 2084 auribus
1000 2018 1137 2085 habeant
1165 2020 1380 2100 congruentes,
1412 2019 1445 2081 et
1471 2013 1504 2079 in
1529 2011 1639 2080 officiis
1657 2012 1879 2080 ecclesiasticis
1900 2017 1933 2079 et
1954 2011 1988 2077 in

434 2116 507 2186 aliis
526 2116 618 2185 bonis
639 2119 753 2185 studiis
774 2137 809 2186 se
831 2126 997 2187 exerceant
1018 2120 1192 2204 dilgenter.
1237 2118 1433 2186 Excedentes
1454 2122 1560 2182 autem
1581 2116 1615 2181 in
1641 2114 1769 2195 talibus,
1792 2134 1814 2181 a
1832 2114 1897 2180 suis
1922 2132 1989 2180 mo

433 2225 570 2288 nanta
591 2220 736 2303 prelatis:
760 2227 793 2289 et
814 2221 841 2287 si
862 2223 974 2289 moniti
999 2241 1112 2307 parere
1140 2221 1394 2304 contempserint,
1421 2218 1462 2285 ab
1488 2217 1591 2284 officio
1621 2224 1655 2283 et
1679 2217 1830 2284 beneticio
1858 2234 1989 2299 suspen·

434 2321 749 2406 demanoamus
770 2325 846 2391 talis
866 2327 1029 2409 suspensio
1057 2333 1231 2406 revocetur,
1259 2342 1353 2407 quam
1381 2322 1423 2388 ad
1449 2320 1616 2389 arbitrium
1643 2320 1837 2404 prelatorum
1863 2338 1922 2403 pm
1951 2335 1989 2384 eo

434 2421 531 2491 fuerit
550 2423 763 2507 satisfactum,
786 2444 824 2493 ac
842 2426 901 2492 sub
919 2433 1008 2495 certa
1028 2446 1110 2512 pena
1130 2425 1324 2493 suffieenrer
1345 2429 1488 2505 caveam,
1510 2422 1596 2508 quod
1617 2423 1651 2490 in
1672 2422 1790 2490 talibus
1812 2421 1862 2488 vel
1879 2420 1990 2488 simili·

435 2524 496 2592 bus
515 2524 650 2592 darius
670 2545 734 2593 nou
756 2528 916 2596 excedent.

540 2645 611 2708 blaa
629 2647 762 2723 suardo
782 2648 821 2712 ab
842 2653 880 2712 te
900 2653 1011 2729 capitia
1023 2655 1187 2715 ammio.
1231 2647 1348 2714 Nullus
1362 2646 1495 2714 clericus
1510 2647 1700 2714 seutentiam
1714 2646 1876 2730 sanguinis
1889 2646 1990 2713 dictet

434 2749 492 2813 aut
511 2743 662 2830 proferat,
684 2752 743 2813 aut
763 2750 923 2833 sanguinis
944 2750 1114 2818 vindictam
1135 2757 1280 2819 exerceat
1301 2756 1360 2818 aut
1380 2749 1434 2816 ubi
1464 2757 1627 2817 execatur
1656 2749 1793 2830 intersit,
1820 2767 1878 2815 nec
1904 2748 1990 2832 quis·

434 2865 530 2932 quam
549 2847 682 2916 clericus
703 2849 813 2916 literas
835 2851 933 2919 dictet
955 2859 1012 2919 aut
1032 2853 1149 2920 scribet
1172 2873 1228 2937 pro
1250 2853 1389 2920 dedicta
1411 2854 1574 2936 sanguinis
1587 2852 1801 2932 destinandas,
1823 2870 1881 2918 nee
1901 2850 1990 2918 illam

433 2955 557 3034 partem
579 2952 703 3036 aerugie
725 2958 948 3039 exerceatque
969 2955 1011 3021 ad
1029 2956 1185 3022 usdouem
1206 2956 1256 3023 vel
1278 2956 1461 3023 incisionem
1480 2956 1617 3037 inducit;
1639 2973 1697 3021 nec
1718 2955 1885 3039 quisquam
1911 2973 1986 3038 pur·

379 3134 384 3142 ᾗ
434 3052 555 3136 galieni
577 3071 659 3138 aque
681 3051 831 3121 ferventis
853 3073 909 3121 seu
929 3054 1041 3140 frigide
1068 3075 1123 3123 seu
1147 3057 1223 3124 terri
1252 3059 1416 3125 candentis
1449 3059 1546 3125 ritum
1572 3056 1739 3124 cuiuslibet
1764 3055 1990 3123 benedictionis

434 3159 493 3222 aut
513 3155 759 3222 consecrationis
781 3156 954 3240 impendat:
977 3160 1121 3243 scientes,
1145 3161 1228 3244 quod
1250 3162 1279 3227 si
1300 3180 1338 3228 ex
1360 3161 1539 3228 huiusmodi
1557 3177 1642 3226 mors
1671 3158 1720 3226 vel
1742 3158 1873 3225 membri
1894 3157 1990 3225 muti·

435 3254 516 3324 latio
537 3255 634 3324 tuerit
654 3257 831 3340 subsecuta,
854 3260 1096 3344 irregularitatis
1118 3263 1265 3348 laqueum
1287 3283 1351 3330 non
1369 3264 1513 3332 evadent.

542 3379 644 3441 latae
661 3383 856 3443 ecclesiarum
877 3385 1097 3445 administratio
1119 3403 1178 3447 non
1196 3388 1408 3462 paranitteatta
1439 3383 1645 3450 Prohibemus
1667 3401 1802 3468 quoque,
1825 3401 1864 3449 ne
1886 3380 1990 3450 archi·

435 3477 560 3546 decom
581 3484 616 3546 et
636 3479 691 3545 alii
709 3485 846 3548 rectores
868 3482 1080 3565 ecclesiarum,
1106 3485 1195 3551 laicis
1213 3485 1264 3551 tel
1285 3484 1406 3552 clericis
1429 3486 1571 3553 exoretis
1596 3503 1669 3551 suas
1698 3479 1885 3568 presumant
1906 3501 1991 3550 com·

378 3636 381 3640 .
434 3581 561 3648 mittere
582 3581 735 3650 vicarias:
758 3588 792 3649 et
812 3583 853 3650 ad
874 3584 933 3651 hoc
954 3584 1031 3651 dicti
1054 3586 1266 3653 archidiaconi
1286 3594 1320 3655 et
1338 3588 1542 3655 ecclesiarum
1563 3595 1702 3655 rectores
1723 3605 1781 3671 per
1812 3587 1991 3671 suspensio·

433 3699 506 3750 nem
527 3681 624 3750 oflicii
645 3690 679 3751 et
700 3685 906 3768 privationem
928 3685 1080 3769 beneficii,
1102 3688 1175 3755 laici
1192 3695 1300 3757 autem
1319 3690 1368 3757 vel
1399 3690 1505 3757 clerici
1524 3689 1650 3756 uxorati
1677 3707 1718 3755 ne
1746 3688 1926 3754 huiusmodi
1944 3688 1991 3752 vi-

433 3784 536 3853 carias
558 3787 723 3871 recipiant,
752 3807 808 3872 per
838 3792 1166 3858 excommunicationis
1193 3794 1382 3860 sententiam
1408 3793 1516 3860 aruis
1547 3791 1723 3859 diocesanis
1751 3796 1992 3874 compescantur

434 3905 572 3956 ommno.

538 4015 633 4072 Arana
654 4012 692 4074 ab
712 4016 920 4075 ecclesiasticis
948 4031 1010 4074 non
1040 4017 1289 4090 circumferenda
1335 4013 1488 4080 Districte
1516 4013 1716 4098 precipimus,
1743 4033 1784 4079 ne
1811 4012 1990 4080 sacemloles

435 4110 486 4188 vel
507 4110 624 4193 clerici,
647 4113 680 4179 in
701 4115 812 4197 quovis
834 4113 943 4180 ordine
965 4114 1140 4194 constituti,
1162 4114 1300 4196 gladium
1322 4116 1372 4182 vel
1394 4116 1567 4198 cultellum,
1589 4117 1674 4201 quod
1689 4116 1861 4199 vulgariter·
1875 4116 1992 4183 dicitur

359 4300 363 4307 ι
435 4210 526 4295 kord,
548 4221 688 4297 portent,
712 4216 773 4281 nisi
795 4216 840 4282 eis
863 4214 1021 4282 manifesti
1051 4217 1173 4282 timoris
1200 4236 1295 4284 cansa
1324 4219 1493 4302 ingruerit:
1526 4237 1584 4286 nec
1610 4224 1686 4285 tunc
1714 4218 1834 4301 absque
1863 4219 1992 4285 licentia

433 4315 629 4399 prelatorum
652 4325 791 4402 portent.

549 4458 646 4519 l'ettta
667 4461 822 4519 oratiarum
843 4457 1029 4519 cohabitatio.
1075 4454 1255 4521 Inhibcmus
1276 4456 1463 4538 districtius,
1486 4463 1523 4524 ut
1544 4456 1649 4523 nullus
1672 4457 1804 4524 clericus
1826 4456 1991 4523 beneticia-

435 4559 487 4621 rus
508 4562 565 4622 aut
588 4557 620 4622 in
643 4559 741 4622 sacris
763 4556 924 4622 onlinibns
946 4558 1146 4639 constitutus,
1170 4559 1315 4624 meliores
1334 4559 1458 4643 aliquus
1481 4561 1512 4625 in
1532 4560 1676 4627 domibus
1698 4579 1755 4626 see
1786 4559 1990 4625 habitationis

434 4658 573 4724 retinere
596 4659 644 4723 ccl
665 4660 740 4725 alibi
764 4660 808 4722 cis
831 4659 1013 4724 calndritare
1035 4668 1211 4742 pausaniam
1236 4662 1289 4745 quui
1313 4681 1386 4727 vitun
1410 4663 1494 4744 ipsas
1512 4682 1595 4728 nunc
1618 4668 1715 4741 terret,
1738 4663 1800 4727 nisi
1823 4659 1905 4726 inira
1926 4666 1991 4726 tres

434 4777 566 4840 arenas,
590 4760 631 4825 ab
646 4761 759 4825 ultimo
773 4760 824 4824 dic
840 4763 996 4843 pruscntis
1017 4762 1133 4844 synerii
1150 4764 1181 4827 in
1204 4772 1298 4829 antea
1313 4765 1551 4845 crnnnoramloS,
1567 4783 1620 4830 cas¹
1642 4785 1662 4830 a
1684 4762 1918 4830 cohabitatione
1933 4780 1991 4829 sua

433 4879 563 4945 prorsus
586 4863 746 4941 eiecerint,
770 4863 816 4927 rel
840 4865 893 4944 qut
917 4864 1032 4929 eiectas
1048 4867 1270 4948 resurrrpscrint
1288 4866 1338 4930 ccl
1353 4868 1398 4932 cis
1414 4867 1674 4948 cohabitaverint,
1695 4888 1733 4931 cx
1750 4873 1825 4931 tunc
1841 4886 1874 4931 sc
1889 4867 1992 4932 sciant

433 4966 765 5031 excommunicationis
788 4968 945 5030 serrtmdia
969 4968 1147 5034 iratrtrdatos:
1170 4989 1190 5034 a
1212 4988 1275 5052 qna
1295 4970 1453 5033 sortientia
1476 4988 1532 5052 per·
1546 4988 1637 5034 sticum
1652 4969 1853 5036 diocesannnr
1869 4967 1989 5034 alrsolvi

432 5067 564 5150 possint,
588 5069 688 5149 prirno
711 5070 750 5133 dc
772 5068 1138 5135 suis'rsdraltitatiourilms
1154 5070 1336 5137 rrrnlicribes
1351 5070 1500 5152 prelictis
1523 5071 1640 5152 eiectis,
1662 5092 1700 5138 ac
1723 5073 1799 5154 ipsis
1816 5070 1937 5136 cimicis
1950 5070 1992 5137 ab

348 5164 351 5169 ’
431 5188 542 5236 carum
563 5171 690 5236 onrrrino
713 5171 1000 5236 collabitalionibus
1022 5175 1189 5257 separantis,
1213 5181 1246 5236 et
1267 5173 1434 5237 stulticienti
1452 5173 1588 5255 prestita
1602 5174 1756 5252 eatretinere,
1780 5174 1863 5256 quad
1879 5179 1992 5242 contra

431 5272 686 5339 constitutionem
711 5274 888 5339 huiusmodi
911 5275 950 5340 dc
969 5282 1073 5341 cetero
1098 5297 1158 5342 mm
1183 5277 1317 5357 torrient,
1338 5276 1392 5341 sel
1416 5276 1516 5359 ipsam
1538 5276 1622 5340 orrrrri
1647 5284 1788 5359 tcnrpnrn
1806 5277 1991 5343 inridebit·

432 5380 481 5440 ter
501 5376 727 5443 obser-adana.

2307 746 2345 1034 2·9..-2·

2309 1172 2345 1321 {aa

2311 1358 2345 1835 5-2323·

2320 2402 2346 3371 a-n-—-==·=-fi=‘222
2299 1990 2345 2348 fikssfflss⁴

2339 4874 2345 4913 -,
2338 4767 2345 4805 ,4
2338 4665 2345 4709 -
2337 4562 2345 4606 „—
2336 4357 2345 4504 ——-
2310 4150 2345 4231 ---
2332 4047 2345 4091 -ι
2330 3839 2345 3989 ξιιμ
2329 3632 2345 3781 εξ·-
2328 3516 2345 3578 e!-
