4860 6180
1901 466 1976 542 54³

430 663 562 732 Alberto
581 664 756 746 seolastioo,
779 663 939 733 Henriclro
959 665 1188 748 arclridincono,
1212 667 1375 735 Vroeisluo
1398 672 1536 749 cantore,
1558 665 1679 733 Tomisa
1705 666 1846 747 custode,
1874 667 1979 735 Rulo·

436 766 501 849 nio,
522 767 675 850 magistro
695 766 804 849 Paulo,
826 767 967 850 Thiloue,
990 768 1126 851 Sillrido,
1147 769 1288 851 Valtero,
1308 769 1471 852 Miclmele,
1494 769 1641 850 Henrico,
1663 769 1786 851 Iacobo,
1815 769 1981 853 l'rizkone,

431 867 609 953 Salomone,
630 869 813 953 Tlreodrico,
833 870 997 955 Gregorio,
1020 870 1160 953 Nicoluo,
1183 871 1341 954 Fredrico,
1362 872 1542 954 Grimisleo,
1565 872 1712 954 llenrico,
1736 874 1893 940 cononicis
1919 873 1979 940 Po·

431 970 661 1056 munientibus,
683 979 716 1040 et
736 973 809 1040 aliis
830 993 924 1058 quam
956 974 1099 1057 plurimis
1125 975 1167 1042 nd
1195 974 1253 1042 hec
1275 977 1403 1044 uocatis.
1449 976 1515 1058 Ego
1539 974 1690 1042 valterus
1716 975 1897 1059 capellanus
1924 975 1980 1043 do·

431 1074 508 1144 mini
529 1076 591 1143 mei
613 1083 647 1143 et
664 1077 807 1144 notamus
827 1075 889 1142 biis
910 1075 1051 1160 interim,
1072 1083 1105 1145 et
1126 1077 1334 1145 demandato
1355 1078 1473 1146 domini
1494 1078 1556 1145 mei
1581 1077 1639 1145 hec
1668 1077 1773 1145 omnin
1798 1077 1978 1166 conscripsi.

535 1295 685 1382 Grirouo,
707 1301 860 1368 Krerono.
905 1297 1247 1384 lesmorensem.

1101 1635 1175 1721 Nr.
1208 1631 1309 1721 584.

408 1904 412 1912 -
535 1847 746 1953 Ieatunns
766 1851 843 1932 dux
859 1848 1090 1949 Pomeranle,
1117 1848 1339 1933 Primielana
1357 1849 1434 1931 dux
1451 1847 1620 1948 Polonie,
1646 1848 1887 1952 Bogudauus
1905 1850 1982 1933 dux

433 1967 574 2070 blavit,
601 1974 736 2052 1287
761 1969 851 2053 Nol.
877 1973 964 2068 28,
989 1969 1032 2052 ill
1058 1968 1178 2074 Sillim
1200 1987 1388 2055 confirmant
1407 1988 1598 2055 monasterio
1619 1986 1660 2054 de
1673 1987 1795 2056 Bukou
1813 1987 1984 2072 possessio-

389 2144 392 2150 .
432 2110 489 2162 nes
508 2097 543 2161 et
561 2091 736 2177 privilegio,
758 2091 859 2159 cidem
881 2110 939 2176 per
958 2109 1177 2176 quemcunque
1196 2109 1359 2173 conoessa;
1382 2091 1468 2157 inter
1485 2109 1520 2159 se
1537 2109 1613 2158 sero
1634 2091 1781 2158 unionem
1800 2097 1835 2160 et
1855 2108 1984 2158 concor·

432 2195 517 2350 m
537 2195 658 2365 ἓξὲξ
707 2296 832 2379 Kdrctal.
867 2299 974 2362 Stoots
1004 2299 1124 2364 Arum
1175 2299 1304 2376 Dreoer,
1334 2297 1483 2377 Mmcrpt·
1511 2298 1534 2363 1
1538 2297 1567 2361 V
1598 2298 1653 2364 Nr.
1689 2298 1761 2363 730.
1787 2332 1831 2348 -
1862 2299 1984 2364 Μαι-ἑο.

436 2405 559 2470 Mon.
577 2422 652 2485 pap.
676 2403 729 2468 46.
851 2454 854 2461 .

536 2625 575 2694 In
595 2625 721 2694 nomine
739 2630 848 2692 sancte
868 2629 902 2691 et
922 2621 1082 2689 individue
1102 2620 1269 2700 'Ibinitatis
1285 2640 1387 2688 amen.
1424 2621 1492 2689 Nos
1512 2621 1690 2690 blestvinus
1713 2623 1778 2692 dux
1791 2622 1985 2708 Pomeranie,

435 2728 694 2798 Primislausdnx
712 2727 850 2808 Polonie,
872 2725 1146 2812 Bogtnlavnsdnx
1163 2723 1278 2806 slavis,
1299 2723 1444 2791 omnibus
1461 2732 1639 2809 presentem
1660 2726 1807 2811 paginam
1828 2726 1988 2812 inspectu·

434 2832 479 2900 ria
498 2832 534 2898 in
554 2837 751 2916 perpetuum·
796 2828 877 2897 (lum
898 2835 981 2898 teste
1002 2827 1183 2913 Scriptura:
1211 2825 1336 2895 cuncta
1355 2825 1416 2894 snb
1442 2828 1509 2894 sole
1535 2833 1709 2911 transeant,
1737 2829 1858 2911 diutie,
1885 2828 1988 2898 fastus
2073 2840 2106 2874 Ψ
2185 2807 2187 2811 ’
2225 2817 2228 2825 ’

434 2939 468 3003 et
492 2933 604 3020 gloria,
631 2939 665 3002 et
692 2934 826 3001 vanitati
844 2932 1025 3000 deserviant
1046 2932 1207 2999 unimrsa:
1240 2929 1299 2997 boe
1320 2930 1422 2997 solnm
1441 2929 1679 3000 diiudicavimns
1700 2932 1785 3000 inter
1811 2935 1927 3015 omnia,
1950 2938 1988 3001 nt

435 3055 492 3122 pro
525 3036 659 3104 terrenus
691 3036 830 3118 celestis,
860 3041 895 3103 et
920 3033 1114 3102 transitoriis
1135 3031 1358 3100 contrahamus
1387 3039 1506 3116 eterna,
1528 3051 1586 3117 pro
1608 3053 1743 3119 quorum
1764 3036 1989 3119 consequentia
2051 3094 2055 3103 .

436 3157 562 3208 necesse
587 3143 647 3219 {est
667 3140 743 3207 viris
769 3139 924 3224 religiosis
955 3143 989 3204 et
1020 3136 1080 3204 Dei
1101 3135 1302 3204 monasteriis
1321 3136 1367 3203 sic
1387 3135 1506 3217 edesse,
1524 3141 1561 3203 ut
1579 3136 1619 3204 de
1639 3135 1854 3211 benificiorum
1874 3137 1934 3205 Dei
1956 3144 1990 3206 et

434 3247 542 3309 nosue
562 3242 691 3327 pietatis
710 3241 926 3311 babnndrmtia
945 3257 1055 3307 eornm
1077 3238 1215 3307 conditio
1237 3238 1433 3305 emendetur.
1457 3237 1503 3305 Et
1524 3244 1561 3307 nt
1583 3256 1641 3322 pro
1663 3238 1833 3307 devitanda
1844 3247 1988 3324 postero-

435 3363 506 3412 rum
537 3345 605 3413 litis
630 3347 803 3427 occasione,
828 3344 1014 3413 donationes
1042 3342 1120 3427 ipsis
1137 3342 1239 3410 lectas
1258 3340 1429 3408 secundum
1450 3342 1640 3426 prudentum
1662 3342 1790 3409 decreta
1809 3343 1988 3411 accuratius

435 3447 626 3530 roboremus,
648 3448 689 3515 ad
710 3447 950 3532 preveniendam
973 3466 1047 3531 ergo
1069 3445 1281 3513 misericordie
1302 3445 1450 3528 operibus
1471 3445 1694 3513 innovissimo
1716 3447 1859 3513 examine
1880 3447 1988 3514 distm-

437 3550 480 3617 cti
501 3549 623 3630 iudicia,
645 3549 813 3634 unicnique
834 3549 994 3617 reddentis
1016 3547 1186 3615 secundum
1200 3549 1325 3629 merite,
1347 3547 1576 3615 severissimam
1591 3566 1766 3630 censuram,
1788 3540 1900 3616 n'otum
1916 3567 1985 3617 esse

434 3650 578 3719 volumus
598 3650 775 3719 venerande
796 3652 917 3719 nationi
938 3650 1131 3734 presentium
1153 3655 1187 3716 et
1207 3647 1292 3716 felici
1313 3651 1502 3717 successioni
1523 3649 1711 3732 futurorum,
1730 3651 1815 3736 quod
1836 3669 1894 3717 nos
1914 3670 1986 3735 pre·

435 3752 512 3821 dicti
533 3753 699 3838 principes,
718 3753 758 3820 de
785 3760 895 3820 nostra
915 3771 978 3821 nen
1004 3752 1080 3818 fiete
1097 3752 1269 3834 voluntate,
1292 3751 1348 3818 sed
1369 3751 1490 3820 salubri
1511 3751 1621 3820 habite
1635 3758 1817 3820 nostrornm
1831 3753 1986 3821 baronum

435 3854 576 3937 oonsilio,
609 3873 805 3939 quecumque
826 3854 918 3936 bona,
953 3871 1156 3939 quascunque
1177 3853 1400 3938 possessiones,
1424 3872 1502 3937 quas
1523 3854 1658 3921 illustris
1678 3857 1823 3939 princeps
1844 3856 1990 3924 dominus

436 3955 673 4043 Suantopolcus
693 3956 787 4025 beate
813 3958 973 4039 memorie,
995 3955 1124 4024 ecclesie
1143 3955 1330 4023 Bucoviensi
1352 3954 1480 4023 Ordinis
1496 3954 1725 4036 cisterciensis,
1748 3958 1903 4025 territorii
1917 3958 1986 4026 Sla-

435 4060 588 4141 veneusis,
615 4059 747 4127 diocesis
770 4059 977 4140 cannensis,
1006 4065 1040 4126 et
1061 4058 1205 4125 dominus
1223 4058 1353 4125 Barnim
1383 4077 1439 4126 seu
1461 4059 1640 4143 quicunque
1668 4059 1825 4144 principes
1847 4060 1903 4127 alii
1924 4063 1990 4128 sive

435 4160 552 4229 milites
573 4161 628 4228 alii
649 4161 860 4243 contulerunt,
880 4160 992 4227 dumus
1013 4160 1187 4227 liberaliter
1207 4167 1240 4227 et
1261 4160 1483 4228 confirmamus
1505 4180 1575 4228 euru
1598 4163 1684 4227 omni
1705 4162 1774 4229 iure
1796 4169 1829 4230 et
1844 4164 1988 4231 iurisdic-

439 4263 535 4348 tione,
567 4262 738 4332 muudum
770 4263 852 4347 quod
883 4263 1016 4346 prulieti
1043 4260 1157 4328 fratres
1184 4261 1320 4329 Bueocie
1338 4261 1379 4327 ab
1400 4263 1531 4344 antiquo
1553 4262 1715 4346 bucusque
1735 4263 1845 4330 habita
1865 4270 1899 4331 ot
1920 4284 1991 4348 pos·

436 4384 524 4434 sessa
543 4367 682 4451 ipsorum
714 4366 886 4450 privilegiis
907 4365 1083 4431 cucurone
1115 4364 1255 4449 poterint
1282 4364 1495 4447 comprobare,
1528 4366 1748 4450 inperpetuum
1771 4366 1869 4434 libere
1891 4369 1991 4450 possi·

436 4467 547 4536 denda
591 4468 711 4536 Datum
732 4473 767 4534 ct
787 4475 894 4536 actum
912 4469 945 4533 in
967 4466 1059 4551 Stolp
1081 4486 1163 4534 auno
1185 4465 1312 4532 Domini
1334 4465 1500 4532 millesimo
1529 4466 1744 4534 ducentesimo
1775 4469 1990 4551 octuagesimo

438 4571 571 4656 septimo
604 4571 638 4637 in
659 4570 710 4639 dia
731 4570 816 4638 beati
839 4571 1021 4652 Clementis,
1056 4588 1118 4653 quo
1152 4588 1208 4636 uos
1242 4568 1357 4635 ibidem
1381 4569 1504 4635 unionis
1526 4574 1560 4636 ct
1579 4570 1666 4654 pacis
1687 4571 1886 4638 concordiam
1906 4571 1991 4639 inter

436 4691 495 4740 noo
523 4673 680 4756 inivimus,
713 4674 874 4758 perpetuis
904 4671 1096 4758 temporibus
1118 4670 1341 4738 inviolabiliter
1362 4670 1601 4754 observandum,
1625 4672 1824 4756 presentibus
1844 4673 1911 4740 his:
1935 4673 1991 4741 do·

437 4775 522 4843 mino
551 4775 719 4844 Sueusone
748 4776 888 4860 palatino
910 4775 1077 4857 briocensi,
1111 4773 1250 4841 Stiburio
1282 4773 1454 4841 castellano
1486 4774 1629 4856 Puoensi‚
1663 4774 1791 4842 Andree
1817 4775 1990 4843 castellano

436 4877 629 4961 Geelanensi,
667 4878 807 4946 Vennlno
843 4878 1074 4946 submnerario
1112 4875 1309 4958 Gelanonsi,
1344 4875 1517 4945 Laurentio
1551 4877 1784 4946 subcunremrio
1820 4877 1990 4962 Stolpeusi,

436 4979 605 5065 Bugisluvo
623 4979 853 5048 subcamerario
876 4981 961 5048 dicto
983 4979 1241 5047 Dummemdevia
1263 4978 1403 5061 Polonie,
1426 4978 1569 5048 Guulouo
1591 4980 1768 5062 Direekrei,
1790 4980 1919 5047 domiuo
1942 4980 1992 5048 lo·

437 5083 542 5152 banne
576 5084 694 5151 deceno
727 5083 917 5166 caminensi,
951 5083 1074 5150 Wieluo
1108 5083 1257 5150 canonico
1291 5081 1481 5164 Carrinensi,
1510 5083 1637 5148 ‹loniiuo
1670 5083 1822 5168 llyspruo,
1847 5083 1993 5151 Dracone

437 5186 618 5268 nursculco,
641 5185 811 5254 Wisokonc
831 5187 871 5254 ‹le
891 5186 1039 5267 Useuem,
1064 5185 1244 5266 Nevelingo,
1267 5184 1435 5264 Smelingo,
1464 5192 1497 5251 ot
1531 5186 1601 5253 aliis
1634 5185 1893 5269 quampluribus
1914 5186 1990 5252 lide·

438 5287 550 5369 ilignis.
595 5288 643 5357 Ut
662 5295 771 5356 autern
794 5289 852 5356 hec
872 5297 983 5356 nostru
1003 5289 1132 5354 ‹lorrrrtio
1147 5309 1185 5354 uc
1201 5286 1398 5353 corrliurrutio
1420 5292 1491 5355 utta
1511 5309 1550 5356 nc
1572 5289 1753 5355 inconvulso
1773 5287 1890 5354 futuris
1909 5293 1989 5354 tem·

439 5391 568 5478 poribus
590 5400 777 5479 perseveret,
811 5401 987 5483 presentem
1011 5396 1156 5480 lurgirnuu
1180 5393 1254 5477 ipsis
1276 5392 1465 5475 porrigimus
1487 5392 1662 5476 sigillorum
1685 5397 1865 5458 uestrorum
1887 5391 1990 5457 uroni-
