<?xml version="1.0" encoding="UTF-8"?>
<!DOCTYPE html PUBLIC "-//W3C//DTD XHTML 1.0 Transitional//EN"
    "http://www.w3.org/TR/xhtml1/DTD/xhtml1-transitional.dtd">
<html xmlns="http://www.w3.org/1999/xhtml" xml:lang="en" lang="en">
 <head>
  <title>
</title>
<meta http-equiv="Content-Type" content="text/html;charset=utf-8" />
  <meta name='ocr-system' content='tesseract 3.04.00' />
  <meta name='ocr-capabilities' content='ocr_page ocr_carea ocr_par ocr_line ocrx_word'/>
</head>
<body>
  <div class='ocr_page' id='page_1' title='image "./codexdiplomatic03zakrgoog_0268.png"; bbox 0 0 4476 6180; ppageno 0'>
   <div class='ocr_carea' id='block_1_1' title="bbox 952 675 1267 767">
    <p class='ocr_par' dir='ltr' id='par_1_1' title="bbox 952 675 1267 767">
     <span class='ocr_line' id='line_1_1' title="bbox 952 675 1267 767; baseline 0.01 -3"><span class='ocrx_word' id='word_1_1' title='bbox 952 680 1025 766; x_wconf 88' lang='lat' dir='ltr'><strong>Nr.</strong></span> <span class='ocrx_word' id='word_1_2' title='bbox 1068 675 1168 767; x_wconf 86' lang='grc'><strong>397.</strong></span> <span class='ocrx_word' id='word_1_3' title='bbox 1235 711 1267 760; x_wconf 79' lang='grc' dir='ltr'><strong><em>ὰ</em></strong></span> 
     </span>
    </p>
   </div>
   <div class='ocr_carea' id='block_1_2' title="bbox 389 892 1975 1003">
    <p class='ocr_par' dir='ltr' id='par_1_2' title="bbox 389 892 1975 1003">
     <span class='ocr_line' id='line_1_2' title="bbox 389 892 1975 1003; baseline 0.003 -25"><span class='ocrx_word' id='word_1_4' title='bbox 389 892 581 978; x_wconf 78' lang='lat' dir='ltr'><strong>boleslaus</strong></span> <span class='ocrx_word' id='word_1_5' title='bbox 608 895 1025 979; x_wconf 77' lang='lat' dir='ltr'><strong>duxI‘olonie1262</strong></span> <span class='ocrx_word' id='word_1_6' title='bbox 1052 918 1081 978; x_wconf 85' lang='lat' dir='ltr'><strong>n</strong></span> <span class='ocrx_word' id='word_1_7' title='bbox 1109 896 1158 993; x_wconf 87' lang='lat' dir='ltr'><strong>d,</strong></span> <span class='ocrx_word' id='word_1_8' title='bbox 1194 895 1238 978; x_wconf 89' lang='lat' dir='ltr'><strong>in</strong></span> <span class='ocrx_word' id='word_1_9' title='bbox 1264 894 1425 994; x_wconf 70' lang='lat' dir='ltr'><strong>insnum</strong></span> <span class='ocrx_word' id='word_1_10' title='bbox 1448 910 1614 976; x_wconf 73' lang='lat' dir='ltr'><strong>confimat</strong></span> <span class='ocrx_word' id='word_1_11' title='bbox 1627 911 1837 981; x_wconf 78' lang='lat' dir='ltr'><strong>venditionem</strong></span> <span class='ocrx_word' id='word_1_12' title='bbox 1916 988 1924 1003; x_wconf 58' lang='grc'>,</span> <span class='ocrx_word' id='word_1_13' title='bbox 1972 946 1975 952; x_wconf 82' lang='grc'><em>·</em></span> 
     </span>
    </p>
   </div>
   <div class='ocr_carea' id='block_1_3' title="bbox 287 1012 1838 1506">
    <p class='ocr_par' dir='ltr' id='par_1_3' title="bbox 287 1012 1838 1506">
     <span class='ocr_line' id='line_1_3' title="bbox 291 1012 1838 1101; baseline -0.002 -16"><span class='ocrx_word' id='word_1_14' title='bbox 291 1014 480 1085; x_wconf 79' lang='lat' dir='ltr'><strong>hereditatis</strong></span> <span class='ocrx_word' id='word_1_15' title='bbox 501 1014 621 1099; x_wconf 84' lang='lat' dir='ltr'><strong>Zodyn,</strong></span> <span class='ocrx_word' id='word_1_16' title='bbox 643 1033 738 1097; x_wconf 87' lang='lat' dir='ltr'><strong>quam</strong></span> <span class='ocrx_word' id='word_1_17' title='bbox 760 1014 849 1081; x_wconf 78' lang='lat' dir='ltr'><strong>milm</strong></span> <span class='ocrx_word' id='word_1_18' title='bbox 866 1016 1065 1101; x_wconf 72' lang='lat' dir='ltr'><strong>dissignem,</strong></span> <span class='ocrx_word' id='word_1_19' title='bbox 1087 1015 1171 1081; x_wconf 84' lang='lat' dir='ltr'><strong>tilius</strong></span> <span class='ocrx_word' id='word_1_20' title='bbox 1194 1014 1351 1099; x_wconf 86' lang='lat' dir='ltr'><strong>qnondam</strong></span> <span class='ocrx_word' id='word_1_21' title='bbox 1378 1012 1569 1096; x_wconf 82' lang='lat' dir='ltr'><strong>Mistiguovi,</strong></span> <span class='ocrx_word' id='word_1_22' title='bbox 1592 1014 1781 1081; x_wconf 81' lang='lat' dir='ltr'><strong>monasterio</strong></span> <span class='ocrx_word' id='word_1_23' title='bbox 1798 1015 1838 1082; x_wconf 85' lang='lat' dir='ltr'><strong>de</strong></span> 
     </span>
     <span class='ocr_line' id='line_1_4' title="bbox 288 1115 619 1202; baseline -0.003 -18"><span class='ocrx_word' id='word_1_24' title='bbox 288 1117 376 1202; x_wconf 83' lang='lat' dir='ltr'><strong>Obrs</strong></span> <span class='ocrx_word' id='word_1_25' title='bbox 396 1115 619 1200; x_wconf 86' lang='lat' dir='ltr'><strong>resigvmverst.</strong></span> 
     </span>
     <span class='ocr_line' id='line_1_5' title="bbox 391 1217 1838 1306; baseline -0.001 -20"><span class='ocrx_word' id='word_1_26' title='bbox 391 1217 530 1296; x_wconf 72' lang='lat' dir='ltr'><strong>Pergam</strong></span> <span class='ocrx_word' id='word_1_27' title='bbox 553 1223 669 1299; x_wconf 67' lang='lat' dir='ltr'><strong>orygis</strong></span> <span class='ocrx_word' id='word_1_28' title='bbox 716 1223 843 1285; x_wconf 69' lang='lat' dir='ltr'><strong>Baioarii</strong></span> <span class='ocrx_word' id='word_1_29' title='bbox 859 1225 900 1286; x_wconf 86' lang='lat' dir='ltr'><strong>od</strong></span> <span class='ocrx_word' id='word_1_30' title='bbox 917 1223 1157 1301; x_wconf 78' lang='lat' dir='ltr'><strong>przymierzertia</strong></span> <span class='ocrx_word' id='word_1_31' title='bbox 1175 1224 1312 1306; x_wconf 69' lang='lat' dir='ltr'><strong>pieczfei</strong></span> <span class='ocrx_word' id='word_1_32' title='bbox 1334 1223 1500 1285; x_wconf 70' lang='lat' dir='ltr'><strong>Boterdum</strong></span> <span class='ocrx_word' id='word_1_33' title='bbox 1518 1222 1641 1304; x_wconf 65' lang='lat' dir='ltr'><strong>krisolo,</strong></span> <span class='ocrx_word' id='word_1_34' title='bbox 1663 1217 1754 1283; x_wconf 76' lang='lat' dir='ltr'><strong>libro</strong></span> <span class='ocrx_word' id='word_1_35' title='bbox 1774 1239 1838 1285; x_wconf 81' lang='lat' dir='ltr'><strong>oso·</strong></span> 
     </span>
     <span class='ocr_line' id='line_1_6' title="bbox 287 1322 1828 1399; baseline -0.001 -11"><span class='ocrx_word' id='word_1_36' title='bbox 287 1323 346 1388; x_wconf 75' lang='lat' dir='ltr'><strong>bno</strong></span> <span class='ocrx_word' id='word_1_37' title='bbox 366 1322 569 1394; x_wconf 73' lang='lat' dir='ltr'><strong>minuans,-</strong></span> <span class='ocrx_word' id='word_1_38' title='bbox 590 1329 734 1399; x_wconf 64' lang='lat' dir='ltr'><strong>tptsezpo</strong></span> <span class='ocrx_word' id='word_1_39' title='bbox 751 1332 847 1395; x_wconf 81' lang='lat' dir='ltr'><strong>xvn.</strong></span> <span class='ocrx_word' id='word_1_40' title='bbox 1824 1381 1828 1387; x_wconf 90' lang='lat'><em>.</em></span> 
     </span>
     <span class='ocr_line' id='line_1_7' title="bbox 393 1421 1838 1506; baseline 0.001 -17"><span class='ocrx_word' id='word_1_41' title='bbox 393 1421 528 1489; x_wconf 64' lang='lat' dir='ltr'><strong>mant.</strong></span> <span class='ocrx_word' id='word_1_42' title='bbox 558 1424 727 1488; x_wconf 74' lang='lat' dir='ltr'><strong>bonorem</strong></span> <span class='ocrx_word' id='word_1_43' title='bbox 748 1423 917 1506; x_wconf 60' lang='lat' dir='ltr'><strong>mamm.</strong></span> <span class='ocrx_word' id='word_1_44' title='bbox 949 1429 1085 1506; x_wconf 66' lang='lat' dir='ltr'><strong>ninom</strong></span> <span class='ocrx_word' id='word_1_45' title='bbox 1112 1428 1148 1491; x_wconf 82' lang='lat' dir='ltr'><strong>n.</strong></span> <span class='ocrx_word' id='word_1_46' title='bbox 1168 1425 1219 1488; x_wconf 71' lang='lat'><strong>14.</strong></span> <span class='ocrx_word' id='word_1_47' title='bbox 1232 1457 1278 1474; x_wconf 89' lang='lat'>-</span> <span class='ocrx_word' id='word_1_48' title='bbox 1292 1424 1475 1505; x_wconf 67' lang='lat' dir='ltr'><strong>mamert</strong></span> <span class='ocrx_word' id='word_1_49' title='bbox 1502 1428 1572 1492; x_wconf 78' lang='lat' dir='ltr'><strong>cor.</strong></span> <span class='ocrx_word' id='word_1_50' title='bbox 1591 1428 1710 1506; x_wconf 63' lang='lat' dir='ltr'><strong>oppon</strong></span> <span class='ocrx_word' id='word_1_51' title='bbox 1729 1427 1838 1492; x_wconf 72' lang='lat' dir='ltr'><strong>nato.</strong></span> 
     </span>
    </p>
   </div>
   <div class='ocr_carea' id='block_1_4' title="bbox 391 1729 1839 1818">
    <p class='ocr_par' dir='ltr' id='par_1_4' title="bbox 391 1729 1839 1818">
     <span class='ocr_line' id='line_1_8' title="bbox 391 1729 1839 1818; baseline 0.001 -19"><span class='ocrx_word' id='word_1_52' title='bbox 391 1729 430 1799; x_wconf 86' lang='lat' dir='ltr'><strong>In</strong></span> <span class='ocrx_word' id='word_1_53' title='bbox 451 1731 577 1799; x_wconf 89' lang='lat' dir='ltr'><strong>nomine</strong></span> <span class='ocrx_word' id='word_1_54' title='bbox 598 1736 707 1799; x_wconf 82' lang='lat' dir='ltr'><strong>tenete</strong></span> <span class='ocrx_word' id='word_1_55' title='bbox 728 1735 762 1799; x_wconf 91' lang='lat' dir='ltr'><strong>et</strong></span> <span class='ocrx_word' id='word_1_56' title='bbox 782 1731 941 1799; x_wconf 90' lang='lat' dir='ltr'><strong>individue</strong></span> <span class='ocrx_word' id='word_1_57' title='bbox 960 1732 1128 1800; x_wconf 72' lang='lat' dir='ltr'><strong>Trinitatis</strong></span> <span class='ocrx_word' id='word_1_58' title='bbox 1149 1749 1250 1799; x_wconf 83' lang='lat' dir='ltr'><strong>emen</strong></span> <span class='ocrx_word' id='word_1_59' title='bbox 1294 1730 1449 1812; x_wconf 74' lang='lat' dir='ltr'><strong>Quoniam</strong></span> <span class='ocrx_word' id='word_1_60' title='bbox 1467 1737 1542 1800; x_wconf 85' lang='lat' dir='ltr'><strong>ueta</strong></span> <span class='ocrx_word' id='word_1_61' title='bbox 1562 1731 1745 1800; x_wconf 76' lang='lat' dir='ltr'><strong>mortalium</strong></span> <span class='ocrx_word' id='word_1_62' title='bbox 1765 1751 1839 1818; x_wconf 88' lang='lat' dir='ltr'><strong>sepe</strong></span> 
     </span>
    </p>
   </div>
   <div class='ocr_carea' id='block_1_5' title="bbox 185 1831 1839 1918">
    <p class='ocr_par' dir='ltr' id='par_1_5' title="bbox 185 1831 1839 1918">
     <span class='ocr_line' id='line_1_9' title="bbox 185 1831 1839 1918; baseline -0.001 -15"><span class='ocrx_word' id='word_1_63' title='bbox 185 1865 189 1871; x_wconf 94' lang='lat'>·</span> <span class='ocrx_word' id='word_1_64' title='bbox 288 1833 446 1903; x_wconf 86' lang='lat' dir='ltr'><strong>oblivione</strong></span> <span class='ocrx_word' id='word_1_65' title='bbox 473 1831 678 1902; x_wconf 69' lang='lat' dir='ltr'><strong>obfuscantur</strong></span> <span class='ocrx_word' id='word_1_66' title='bbox 705 1833 767 1900; x_wconf 92' lang='lat' dir='ltr'><strong>nisi</strong></span> <span class='ocrx_word' id='word_1_67' title='bbox 793 1834 919 1917; x_wconf 85' lang='lat' dir='ltr'><strong>seriptis</strong></span> <span class='ocrx_word' id='word_1_68' title='bbox 945 1834 1136 1901; x_wconf 74' lang='lat' dir='ltr'><strong>authenticis</strong></span> <span class='ocrx_word' id='word_1_69' title='bbox 1157 1838 1192 1901; x_wconf 90' lang='lat' dir='ltr'><strong>et</strong></span> <span class='ocrx_word' id='word_1_70' title='bbox 1211 1833 1298 1901; x_wconf 87' lang='lat' dir='ltr'><strong>fideli</strong></span> <span class='ocrx_word' id='word_1_71' title='bbox 1328 1834 1509 1901; x_wconf 88' lang='lat' dir='ltr'><strong>testimonio</strong></span> <span class='ocrx_word' id='word_1_72' title='bbox 1539 1834 1759 1918; x_wconf 78' lang='lat' dir='ltr'><strong>insignientur,</strong></span> <span class='ocrx_word' id='word_1_73' title='bbox 1787 1854 1839 1902; x_wconf 84' lang='lat' dir='ltr'><strong>eo·</strong></span> 
     </span>
    </p>
   </div>
   <div class='ocr_carea' id='block_1_6' title="bbox 289 1935 1839 2024">
    <p class='ocr_par' dir='ltr' id='par_1_6' title="bbox 289 1935 1839 2024">
     <span class='ocr_line' id='line_1_10' title="bbox 289 1935 1839 2024; baseline 0 -19"><span class='ocrx_word' id='word_1_74' title='bbox 289 1941 421 2024; x_wconf 89' lang='lat' dir='ltr'><strong>propter</strong></span> <span class='ocrx_word' id='word_1_75' title='bbox 441 1954 499 2004; x_wconf 89' lang='lat' dir='ltr'><strong>nos</strong></span> <span class='ocrx_word' id='word_1_76' title='bbox 519 1935 683 2003; x_wconf 86' lang='lat' dir='ltr'><strong>Bolesious</strong></span> <span class='ocrx_word' id='word_1_77' title='bbox 704 1935 764 2002; x_wconf 87' lang='lat' dir='ltr'><strong>Dei</strong></span> <span class='ocrx_word' id='word_1_78' title='bbox 783 1937 889 2020; x_wconf 77' lang='lat' dir='ltr'><strong>gretie</strong></span> <span class='ocrx_word' id='word_1_79' title='bbox 909 1935 975 2002; x_wconf 81' lang='lat' dir='ltr'><strong>dux</strong></span> <span class='ocrx_word' id='word_1_80' title='bbox 995 1937 1126 2004; x_wconf 87' lang='lat' dir='ltr'><strong>Polonie</strong></span> <span class='ocrx_word' id='word_1_81' title='bbox 1146 1943 1257 2005; x_wconf 89' lang='lat' dir='ltr'><strong>notum</strong></span> <span class='ocrx_word' id='word_1_82' title='bbox 1277 1936 1410 2004; x_wconf 76' lang='lat' dir='ltr'><strong>moinus</strong></span> <span class='ocrx_word' id='word_1_83' title='bbox 1430 1942 1497 2004; x_wconf 90' lang='lat' dir='ltr'><strong>tam</strong></span> <span class='ocrx_word' id='word_1_84' title='bbox 1527 1938 1726 2021; x_wconf 79' lang='lat' dir='ltr'><strong>presentibus</strong></span> <span class='ocrx_word' id='word_1_85' title='bbox 1744 1955 1839 2022; x_wconf 83' lang='lat' dir='ltr'><strong>quem</strong></span> 
     </span>
    </p>
   </div>
   <div class='ocr_carea' id='block_1_7' title="bbox 162 2037 1840 2123">
    <p class='ocr_par' dir='ltr' id='par_1_7' title="bbox 162 2037 1840 2123">
     <span class='ocr_line' id='line_1_11' title="bbox 162 2037 1840 2123; baseline -0.001 -14"><span class='ocrx_word' id='word_1_86' title='bbox 162 2103 166 2109; x_wconf 91' lang='lat'><em>.</em></span> <span class='ocrx_word' id='word_1_87' title='bbox 289 2037 406 2108; x_wconf 77' lang='lat' dir='ltr'><strong>utum</strong></span> <span class='ocrx_word' id='word_1_88' title='bbox 426 2038 487 2107; x_wconf 86' lang='lat' dir='ltr'><strong>boe</strong></span> <span class='ocrx_word' id='word_1_89' title='bbox 507 2039 661 2123; x_wconf 83' lang='lat' dir='ltr'><strong>seriptum</strong></span> <span class='ocrx_word' id='word_1_90' title='bbox 683 2037 892 2120; x_wconf 80' lang='lat' dir='ltr'><strong>sernentibus,</strong></span> <span class='ocrx_word' id='word_1_91' title='bbox 913 2038 999 2122; x_wconf 91' lang='lat' dir='ltr'><strong>quod</strong></span> <span class='ocrx_word' id='word_1_92' title='bbox 1020 2039 1110 2106; x_wconf 87' lang='lat' dir='ltr'><strong>miles</strong></span> <span class='ocrx_word' id='word_1_93' title='bbox 1128 2047 1237 2107; x_wconf 86' lang='lat' dir='ltr'><strong>noster</strong></span> <span class='ocrx_word' id='word_1_94' title='bbox 1261 2037 1451 2122; x_wconf 85' lang='lat' dir='ltr'><strong>Mistigneus</strong></span> <span class='ocrx_word' id='word_1_95' title='bbox 1472 2039 1608 2119; x_wconf 90' lang='lat' dir='ltr'><strong>nomine,</strong></span> <span class='ocrx_word' id='word_1_96' title='bbox 1634 2037 1719 2105; x_wconf 87' lang='lat' dir='ltr'><strong>iilius</strong></span> <span class='ocrx_word' id='word_1_97' title='bbox 1739 2056 1840 2122; x_wconf 88' lang='lat' dir='ltr'><strong>quon·</strong></span> 
     </span>
    </p>
   </div>
   <div class='ocr_carea' id='block_1_8' title="bbox 245 2138 1841 2634">
    <p class='ocr_par' dir='ltr' id='par_1_8' title="bbox 245 2138 1841 2634">
     <span class='ocr_line' id='line_1_12' title="bbox 289 2138 1839 2225; baseline -0.002 -14"><span class='ocrx_word' id='word_1_98' title='bbox 289 2141 364 2211; x_wconf 76' lang='lat' dir='ltr'><strong>dem</strong></span> <span class='ocrx_word' id='word_1_99' title='bbox 384 2140 576 2225; x_wconf 79' lang='lat' dir='ltr'><strong>bdistiguevi,</strong></span> <span class='ocrx_word' id='word_1_100' title='bbox 597 2141 755 2208; x_wconf 83' lang='lat' dir='ltr'><strong>communi</strong></span> <span class='ocrx_word' id='word_1_101' title='bbox 776 2157 853 2207; x_wconf 88' lang='lat' dir='ltr'><strong>usus</strong></span> <span class='ocrx_word' id='word_1_102' title='bbox 867 2140 998 2208; x_wconf 89' lang='lat' dir='ltr'><strong>oonsilio</strong></span> <span class='ocrx_word' id='word_1_103' title='bbox 1012 2139 1146 2208; x_wconf 80' lang='lat' dir='ltr'><strong>dutmm</strong></span> <span class='ocrx_word' id='word_1_104' title='bbox 1160 2159 1299 2222; x_wconf 84' lang='lat' dir='ltr'><strong>snorum,</strong></span> <span class='ocrx_word' id='word_1_105' title='bbox 1321 2141 1443 2207; x_wconf 85' lang='lat' dir='ltr'><strong>scilieet</strong></span> <span class='ocrx_word' id='word_1_106' title='bbox 1457 2138 1627 2224; x_wconf 86' lang='lat' dir='ltr'><strong>Sendivogi</strong></span> <span class='ocrx_word' id='word_1_107' title='bbox 1640 2145 1675 2206; x_wconf 93' lang='lat' dir='ltr'><strong>et</strong></span> <span class='ocrx_word' id='word_1_108' title='bbox 1691 2139 1839 2223; x_wconf 72' lang='lat' dir='ltr'><strong>Visslavi</strong></span> 
     </span>
     <span class='ocr_line' id='line_1_13' title="bbox 290 2241 1840 2314; baseline -0.001 0"><span class='ocrx_word' id='word_1_109' title='bbox 290 2242 461 2314; x_wconf 70' lang='lat' dir='ltr'><strong>immitti</strong></span> <span class='ocrx_word' id='word_1_110' title='bbox 477 2243 546 2311; x_wconf 87' lang='lat' dir='ltr'><strong>viro</strong></span> <span class='ocrx_word' id='word_1_111' title='bbox 566 2243 694 2311; x_wconf 91' lang='lat' dir='ltr'><strong>domino</strong></span> <span class='ocrx_word' id='word_1_112' title='bbox 714 2242 810 2310; x_wconf 90' lang='lat' dir='ltr'><strong>Petro</strong></span> <span class='ocrx_word' id='word_1_113' title='bbox 830 2242 939 2312; x_wconf 84' lang='lat' dir='ltr'><strong>ebboti</strong></span> <span class='ocrx_word' id='word_1_114' title='bbox 960 2244 1000 2312; x_wconf 90' lang='lat' dir='ltr'><strong>de</strong></span> <span class='ocrx_word' id='word_1_115' title='bbox 1021 2243 1108 2312; x_wconf 87' lang='lat' dir='ltr'><strong>Obra</strong></span> <span class='ocrx_word' id='word_1_116' title='bbox 1128 2263 1187 2312; x_wconf 83' lang='lat' dir='ltr'><strong>neo</strong></span> <span class='ocrx_word' id='word_1_117' title='bbox 1207 2262 1271 2313; x_wconf 94' lang='lat' dir='ltr'><strong>non</strong></span> <span class='ocrx_word' id='word_1_118' title='bbox 1288 2247 1324 2311; x_wconf 85' lang='lat' dir='ltr'><strong>et</strong></span> <span class='ocrx_word' id='word_1_119' title='bbox 1345 2241 1521 2310; x_wconf 83' lang='lat' dir='ltr'><strong>conventui</strong></span> <span class='ocrx_word' id='word_1_120' title='bbox 1539 2242 1609 2310; x_wconf 91' lang='lat' dir='ltr'><strong>eius</strong></span> <span class='ocrx_word' id='word_1_121' title='bbox 1632 2241 1840 2312; x_wconf 85' lang='lat' dir='ltr'><strong>hereditatem</strong></span> 
     </span>
     <span class='ocr_line' id='line_1_14' title="bbox 290 2344 1840 2440; baseline -0.001 -25"><span class='ocrx_word' id='word_1_122' title='bbox 290 2344 432 2415; x_wconf 73' lang='lat' dir='ltr'><strong>vmdidit</strong></span> <span class='ocrx_word' id='word_1_123' title='bbox 450 2362 514 2432; x_wconf 81' lang='lat' dir='ltr'><strong>que</strong></span> <span class='ocrx_word' id='word_1_124' title='bbox 534 2345 708 2440; x_wconf 76' lang='lat' dir='ltr'><strong>vuiguriter</strong></span> <span class='ocrx_word' id='word_1_125' title='bbox 724 2344 840 2413; x_wconf 87' lang='lat' dir='ltr'><strong>Sodine</strong></span> <span class='ocrx_word' id='word_1_126' title='bbox 861 2353 1072 2430; x_wconf 84' lang='lat' dir='ltr'><strong>nuncupetur,</strong></span> <span class='ocrx_word' id='word_1_127' title='bbox 1095 2365 1166 2414; x_wconf 86' lang='lat' dir='ltr'><strong>oum</strong></span> <span class='ocrx_word' id='word_1_128' title='bbox 1186 2347 1350 2415; x_wconf 80' lang='lat' dir='ltr'><strong>odisoente</strong></span> <span class='ocrx_word' id='word_1_129' title='bbox 1364 2344 1501 2429; x_wconf 85' lang='lat' dir='ltr'><strong>quadarn</strong></span> <span class='ocrx_word' id='word_1_130' title='bbox 1516 2349 1603 2412; x_wconf 89' lang='lat' dir='ltr'><strong>sorte</strong></span> <span class='ocrx_word' id='word_1_131' title='bbox 1617 2363 1679 2430; x_wconf 85' lang='lat' dir='ltr'><strong>que</strong></span> <span class='ocrx_word' id='word_1_132' title='bbox 1693 2344 1840 2414; x_wconf 82' lang='lat' dir='ltr'><strong>Momvoo</strong></span> 
     </span>
     <span class='ocr_line' id='line_1_15' title="bbox 245 2441 1841 2534; baseline -0.001 -17"><span class='ocrx_word' id='word_1_133' title='bbox 245 2441 249 2446; x_wconf 80' lang='grc'><strong>’</strong></span> <span class='ocrx_word' id='word_1_134' title='bbox 290 2448 481 2533; x_wconf 76' lang='lat' dir='ltr'><strong>nominatur,</strong></span> <span class='ocrx_word' id='word_1_135' title='bbox 500 2467 559 2534; x_wconf 89' lang='lat' dir='ltr'><strong>pro</strong></span> <span class='ocrx_word' id='word_1_136' title='bbox 579 2466 703 2516; x_wconf 86' lang='lat' dir='ltr'><strong>summa</strong></span> <span class='ocrx_word' id='word_1_137' title='bbox 723 2447 935 2534; x_wconf 79' lang='lat' dir='ltr'><strong>qundmgintn</strong></span> <span class='ocrx_word' id='word_1_138' title='bbox 952 2448 1087 2516; x_wconf 88' lang='lat' dir='ltr'><strong>duarum</strong></span> <span class='ocrx_word' id='word_1_139' title='bbox 1105 2466 1292 2531; x_wconf 77' lang='lat' dir='ltr'><strong>mmmmm,</strong></span> <span class='ocrx_word' id='word_1_140' title='bbox 1315 2465 1378 2532; x_wconf 85' lang='lat' dir='ltr'><strong>que</strong></span> <span class='ocrx_word' id='word_1_141' title='bbox 1397 2446 1459 2514; x_wconf 89' lang='lat' dir='ltr'><strong>sibi</strong></span> <span class='ocrx_word' id='word_1_142' title='bbox 1471 2465 1493 2514; x_wconf 84' lang='lat' dir='ltr'><strong>a</strong></span> <span class='ocrx_word' id='word_1_143' title='bbox 1505 2447 1758 2532; x_wconf 75' lang='lat' dir='ltr'><strong>progenitoribus</strong></span> <span class='ocrx_word' id='word_1_144' title='bbox 1774 2447 1841 2515; x_wconf 90' lang='lat' dir='ltr'><strong>suis</strong></span> 
     </span>
     <span class='ocr_line' id='line_1_16' title="bbox 289 2549 1840 2634; baseline -0.001 -14"><span class='ocrx_word' id='word_1_145' title='bbox 289 2551 359 2620; x_wconf 83' lang='lat' dir='ltr'><strong>iuro</strong></span> <span class='ocrx_word' id='word_1_146' title='bbox 378 2555 605 2634; x_wconf 70' lang='lat' dir='ltr'><strong>sumserunt,</strong></span> <span class='ocrx_word' id='word_1_147' title='bbox 626 2568 698 2618; x_wconf 85' lang='lat' dir='ltr'><strong>cnm</strong></span> <span class='ocrx_word' id='word_1_148' title='bbox 719 2549 864 2619; x_wconf 89' lang='lat' dir='ltr'><strong>omnibus</strong></span> <span class='ocrx_word' id='word_1_149' title='bbox 893 2551 1075 2619; x_wconf 72' lang='lat' dir='ltr'><strong>attinentiis</strong></span> <span class='ocrx_word' id='word_1_150' title='bbox 1105 2570 1216 2620; x_wconf 85' lang='lat' dir='ltr'><strong>earnm</strong></span> <span class='ocrx_word' id='word_1_151' title='bbox 1240 2552 1311 2619; x_wconf 84' lang='lat' dir='ltr'><strong>ture</strong></span> <span class='ocrx_word' id='word_1_152' title='bbox 1335 2549 1528 2619; x_wconf 77' lang='lat' dir='ltr'><strong>hereditario</strong></span> <span class='ocrx_word' id='word_1_153' title='bbox 1552 2550 1673 2634; x_wconf 77' lang='lat' dir='ltr'><strong>ubsque</strong></span> <span class='ocrx_word' id='word_1_154' title='bbox 1702 2550 1770 2619; x_wconf 77' lang='lat' dir='ltr'><strong>nlla</strong></span> <span class='ocrx_word' id='word_1_155' title='bbox 1789 2569 1840 2619; x_wconf 87' lang='lat' dir='ltr'><strong>re·</strong></span> 
     </span>
    </p>
   </div>
   <div class='ocr_carea' id='block_1_9' title="bbox 291 2651 1979 2739">
    <p class='ocr_par' dir='ltr' id='par_1_9' title="bbox 291 2651 1979 2739">
     <span class='ocr_line' id='line_1_17' title="bbox 291 2651 1979 2739; baseline -0.004 -17"><span class='ocrx_word' id='word_1_156' title='bbox 291 2654 483 2722; x_wconf 67' lang='lat' dir='ltr'><strong>muoso</strong></span> <span class='ocrx_word' id='word_1_157' title='bbox 503 2654 554 2721; x_wconf 86' lang='lat' dir='ltr'><strong>vel</strong></span> <span class='ocrx_word' id='word_1_158' title='bbox 575 2652 789 2738; x_wconf 68' lang='lat' dir='ltr'><strong>redemptione</strong></span> <span class='ocrx_word' id='word_1_159' title='bbox 806 2658 961 2739; x_wconf 90' lang='lat' dir='ltr'><strong>perpetuo</strong></span> <span class='ocrx_word' id='word_1_160' title='bbox 981 2653 1199 2739; x_wconf 63' lang='lat' dir='ltr'><strong>possidendam</strong></span> <span class='ocrx_word' id='word_1_161' title='bbox 1221 2671 1318 2738; x_wconf 86' lang='lat' dir='ltr'><strong>qusnr</strong></span> <span class='ocrx_word' id='word_1_162' title='bbox 1332 2651 1543 2721; x_wconf 87' lang='lat' dir='ltr'><strong>venditionem</strong></span> <span class='ocrx_word' id='word_1_163' title='bbox 1557 2671 1664 2722; x_wconf 80' lang='lat' dir='ltr'><strong>eorum</strong></span> <span class='ocrx_word' id='word_1_164' title='bbox 1677 2653 1768 2721; x_wconf 91' lang='lat' dir='ltr'><strong>nobis</strong></span> <span class='ocrx_word' id='word_1_165' title='bbox 1781 2671 1840 2738; x_wconf 92' lang='lat' dir='ltr'><strong>pu·</strong></span> <span class='ocrx_word' id='word_1_166' title='bbox 1977 2712 1979 2716; x_wconf 79' lang='grc'>,</span> 
     </span>
    </p>
   </div>
   <div class='ocr_carea' id='block_1_10' title="bbox 232 2753 1844 3764">
    <p class='ocr_par' dir='ltr' id='par_1_10' title="bbox 232 2753 1844 3764">
     <span class='ocr_line' id='line_1_18' title="bbox 291 2753 1841 2840; baseline -0.001 -15"><span class='ocrx_word' id='word_1_167' title='bbox 291 2754 429 2825; x_wconf 79' lang='lat' dir='ltr'><strong>bliosvit</strong></span> <span class='ocrx_word' id='word_1_168' title='bbox 472 2754 556 2839; x_wconf 82' lang='lat' dir='ltr'><strong>Una,</strong></span> <span class='ocrx_word' id='word_1_169' title='bbox 576 2753 691 2840; x_wconf 84' lang='lat' dir='ltr'><strong>preisti</strong></span> <span class='ocrx_word' id='word_1_170' title='bbox 710 2755 828 2822; x_wconf 75' lang='lat' dir='ltr'><strong>milites</strong></span> <span class='ocrx_word' id='word_1_171' title='bbox 849 2760 883 2823; x_wconf 88' lang='lat' dir='ltr'><strong>et</strong></span> <span class='ocrx_word' id='word_1_172' title='bbox 903 2754 1002 2823; x_wconf 84' lang='lat' dir='ltr'><strong>ebbes</strong></span> <span class='ocrx_word' id='word_1_173' title='bbox 1023 2757 1057 2822; x_wconf 91' lang='lat' dir='ltr'><strong>in</strong></span> <span class='ocrx_word' id='word_1_174' title='bbox 1078 2757 1242 2840; x_wconf 82' lang='lat' dir='ltr'><strong>presentia</strong></span> <span class='ocrx_word' id='word_1_175' title='bbox 1261 2760 1374 2822; x_wconf 88' lang='lat' dir='ltr'><strong>nostra</strong></span> <span class='ocrx_word' id='word_1_176' title='bbox 1403 2755 1580 2839; x_wconf 71' lang='lat' dir='ltr'><strong>eonstitnti</strong></span> <span class='ocrx_word' id='word_1_177' title='bbox 1609 2754 1651 2823; x_wconf 88' lang='lat' dir='ltr'><strong>ad</strong></span> <span class='ocrx_word' id='word_1_178' title='bbox 1676 2754 1841 2824; x_wconf 85' lang='lat' dir='ltr'><strong>oondrms·</strong></span> 
     </span>
     <span class='ocr_line' id='line_1_19' title="bbox 292 2856 1841 2941; baseline -0.003 -13"><span class='ocrx_word' id='word_1_179' title='bbox 292 2858 410 2928; x_wconf 59' lang='lat' dir='ltr'><strong>&amp;nem</strong></span> <span class='ocrx_word' id='word_1_180' title='bbox 430 2857 525 2926; x_wconf 88' lang='lat' dir='ltr'><strong>buius</strong></span> <span class='ocrx_word' id='word_1_181' title='bbox 544 2857 734 2926; x_wconf 81' lang='lat' dir='ltr'><strong>venditionis</strong></span> <span class='ocrx_word' id='word_1_182' title='bbox 762 2856 820 2923; x_wconf 85' lang='lat' dir='ltr'><strong>tali</strong></span> <span class='ocrx_word' id='word_1_183' title='bbox 845 2856 1021 2926; x_wconf 83' lang='lat' dir='ltr'><strong>vodimonio</strong></span> <span class='ocrx_word' id='word_1_184' title='bbox 1047 2875 1082 2925; x_wconf 90' lang='lat' dir='ltr'><strong>se</strong></span> <span class='ocrx_word' id='word_1_185' title='bbox 1111 2857 1152 2923; x_wconf 85' lang='lat' dir='ltr'><strong>ad</strong></span> <span class='ocrx_word' id='word_1_186' title='bbox 1180 2856 1315 2924; x_wconf 86' lang='lat' dir='ltr'><strong>invioem</strong></span> <span class='ocrx_word' id='word_1_187' title='bbox 1343 2857 1572 2941; x_wconf 79' lang='lat' dir='ltr'><strong>oppignerant:</strong></span> <span class='ocrx_word' id='word_1_188' title='bbox 1603 2861 1642 2924; x_wconf 89' lang='lat' dir='ltr'><strong>ut</strong></span> <span class='ocrx_word' id='word_1_189' title='bbox 1663 2857 1692 2924; x_wconf 90' lang='lat' dir='ltr'><strong>si</strong></span> <span class='ocrx_word' id='word_1_190' title='bbox 1714 2856 1785 2941; x_wconf 89' lang='lat' dir='ltr'><strong>quis</strong></span> <span class='ocrx_word' id='word_1_191' title='bbox 1801 2875 1841 2925; x_wconf 84' lang='lat' dir='ltr'><strong>ex</strong></span> 
     </span>
     <span class='ocr_line' id='line_1_20' title="bbox 291 2957 1841 3046; baseline -0.002 -18"><span class='ocrx_word' id='word_1_192' title='bbox 291 2959 369 3046; x_wconf 82' lang='lat' dir='ltr'><strong>ipsis</strong></span> <span class='ocrx_word' id='word_1_193' title='bbox 391 2959 440 3028; x_wconf 85' lang='lat' dir='ltr'><strong>vel</strong></span> <span class='ocrx_word' id='word_1_194' title='bbox 461 2960 604 3046; x_wconf 83' lang='lat' dir='ltr'><strong>oognntis</strong></span> <span class='ocrx_word' id='word_1_195' title='bbox 626 2977 735 3028; x_wconf 89' lang='lat' dir='ltr'><strong>eorum</strong></span> <span class='ocrx_word' id='word_1_196' title='bbox 755 2959 836 3026; x_wconf 88' lang='lat' dir='ltr'><strong>bauo</strong></span> <span class='ocrx_word' id='word_1_197' title='bbox 857 2959 1070 3027; x_wconf 83' lang='lat' dir='ltr'><strong>venditionem</strong></span> <span class='ocrx_word' id='word_1_198' title='bbox 1086 2957 1137 3025; x_wconf 90' lang='lat' dir='ltr'><strong>vel</strong></span> <span class='ocrx_word' id='word_1_199' title='bbox 1157 2959 1326 3026; x_wconf 85' lang='lat' dir='ltr'><strong>emtionem</strong></span> <span class='ocrx_word' id='word_1_200' title='bbox 1345 2958 1515 3026; x_wconf 80' lang='lat' dir='ltr'><strong>temerarie</strong></span> <span class='ocrx_word' id='word_1_201' title='bbox 1535 2959 1771 3043; x_wconf 83' lang='lat' dir='ltr'><strong>presumptione</strong></span> <span class='ocrx_word' id='word_1_202' title='bbox 1793 2959 1841 3025; x_wconf 93' lang='lat' dir='ltr'><strong>in·</strong></span> 
     </span>
     <span class='ocr_line' id='line_1_21' title="bbox 291 3060 1842 3149; baseline 0 -18"><span class='ocrx_word' id='word_1_203' title='bbox 291 3060 428 3149; x_wconf 74' lang='lat' dir='ltr'><strong>ningen</strong></span> <span class='ocrx_word' id='word_1_204' title='bbox 447 3063 698 3148; x_wconf 71' lang='lat' dir='ltr'><strong>attemptaverit,</strong></span> <span class='ocrx_word' id='word_1_205' title='bbox 719 3060 903 3146; x_wconf 82' lang='lat' dir='ltr'><strong>uggrediens</strong></span> <span class='ocrx_word' id='word_1_206' title='bbox 920 3061 1011 3147; x_wconf 89' lang='lat' dir='ltr'><strong>prius</strong></span> <span class='ocrx_word' id='word_1_207' title='bbox 1030 3060 1122 3129; x_wconf 89' lang='lat' dir='ltr'><strong>nobis</strong></span> <span class='ocrx_word' id='word_1_208' title='bbox 1142 3061 1360 3147; x_wconf 72' lang='lat' dir='ltr'><strong>quadraginta,</strong></span> <span class='ocrx_word' id='word_1_209' title='bbox 1379 3067 1414 3130; x_wconf 91' lang='lat' dir='ltr'><strong>et</strong></span> <span class='ocrx_word' id='word_1_210' title='bbox 1433 3079 1582 3147; x_wconf 62' lang='lat' dir='ltr'><strong>emenso</strong></span> <span class='ocrx_word' id='word_1_211' title='bbox 1603 3062 1752 3130; x_wconf 88' lang='lat' dir='ltr'><strong>similiter</strong></span> <span class='ocrx_word' id='word_1_212' title='bbox 1764 3080 1842 3148; x_wconf 82' lang='lat' dir='ltr'><strong>qus·</strong></span> 
     </span>
     <span class='ocr_line' id='line_1_22' title="bbox 292 3162 1842 3250; baseline -0.001 -16"><span class='ocrx_word' id='word_1_213' title='bbox 292 3163 440 3250; x_wconf 83' lang='lat' dir='ltr'><strong>dmglnte</strong></span> <span class='ocrx_word' id='word_1_214' title='bbox 459 3183 581 3234; x_wconf 76' lang='lat' dir='ltr'><strong>meroes</strong></span> <span class='ocrx_word' id='word_1_215' title='bbox 602 3164 761 3250; x_wconf 82' lang='lat' dir='ltr'><strong>persolvet</strong></span> <span class='ocrx_word' id='word_1_216' title='bbox 779 3163 912 3248; x_wconf 71' lang='lat' dir='ltr'><strong>argenti,</strong></span> <span class='ocrx_word' id='word_1_217' title='bbox 935 3167 1063 3249; x_wconf 87' lang='lat' dir='ltr'><strong>etpost</strong></span> <span class='ocrx_word' id='word_1_218' title='bbox 1091 3164 1149 3231; x_wconf 86' lang='lat' dir='ltr'><strong>bet</strong></span> <span class='ocrx_word' id='word_1_219' title='bbox 1176 3162 1218 3231; x_wconf 84' lang='lat' dir='ltr'><strong>sd</strong></span> <span class='ocrx_word' id='word_1_220' title='bbox 1242 3163 1430 3250; x_wconf 76' lang='lat' dir='ltr'><strong>initiandum</strong></span> <span class='ocrx_word' id='word_1_221' title='bbox 1452 3165 1542 3234; x_wconf 88' lang='lat' dir='ltr'><strong>litem</strong></span> <span class='ocrx_word' id='word_1_222' title='bbox 1566 3182 1626 3250; x_wconf 90' lang='lat' dir='ltr'><strong>pro</strong></span> <span class='ocrx_word' id='word_1_223' title='bbox 1655 3164 1842 3249; x_wconf 78' lang='lat' dir='ltr'><strong>requirendo</strong></span> 
     </span>
     <span class='ocr_line' id='line_1_23' title="bbox 232 3265 1841 3352; baseline -0.002 -12"><span class='ocrx_word' id='word_1_224' title='bbox 232 3334 235 3340; x_wconf 90' lang='lat'>.</span> <span class='ocrx_word' id='word_1_225' title='bbox 291 3265 469 3337; x_wconf 78' lang='lat' dir='ltr'><strong>heraditum</strong></span> <span class='ocrx_word' id='word_1_226' title='bbox 488 3267 539 3336; x_wconf 90' lang='lat' dir='ltr'><strong>vel</strong></span> <span class='ocrx_word' id='word_1_227' title='bbox 560 3286 682 3335; x_wconf 82' lang='lat' dir='ltr'><strong>mmme</strong></span> <span class='ocrx_word' id='word_1_228' title='bbox 711 3266 852 3352; x_wconf 84' lang='lat' dir='ltr'><strong>pecunie,</strong></span> <span class='ocrx_word' id='word_1_229' title='bbox 882 3266 1003 3335; x_wconf 83' lang='lat' dir='ltr'><strong>scilieet</strong></span> <span class='ocrx_word' id='word_1_230' title='bbox 1031 3266 1242 3352; x_wconf 80' lang='lat' dir='ltr'><strong>quodraginta</strong></span> <span class='ocrx_word' id='word_1_231' title='bbox 1265 3265 1400 3335; x_wconf 72' lang='lat' dir='ltr'><strong>duarum</strong></span> <span class='ocrx_word' id='word_1_232' title='bbox 1428 3287 1617 3351; x_wconf 74' lang='lat' dir='ltr'><strong>meroem,</strong></span> <span class='ocrx_word' id='word_1_233' title='bbox 1644 3267 1841 3336; x_wconf 70' lang='lat' dir='ltr'><strong>admittetur.</strong></span> 
     </span>
     <span class='ocr_line' id='line_1_24' title="bbox 292 3367 1842 3456; baseline 0 -18"><span class='ocrx_word' id='word_1_234' title='bbox 292 3367 341 3438; x_wconf 86' lang='lat' dir='ltr'><strong>Ut</strong></span> <span class='ocrx_word' id='word_1_235' title='bbox 360 3370 460 3456; x_wconf 86' lang='lat' dir='ltr'><strong>igitur</strong></span> <span class='ocrx_word' id='word_1_236' title='bbox 479 3369 537 3439; x_wconf 86' lang='lat' dir='ltr'><strong>bec</strong></span> <span class='ocrx_word' id='word_1_237' title='bbox 555 3375 666 3439; x_wconf 82' lang='lat' dir='ltr'><strong>nostru</strong></span> <span class='ocrx_word' id='word_1_238' title='bbox 686 3369 881 3437; x_wconf 85' lang='lat' dir='ltr'><strong>ooniirmatio</strong></span> <span class='ocrx_word' id='word_1_239' title='bbox 903 3374 938 3436; x_wconf 92' lang='lat' dir='ltr'><strong>et</strong></span> <span class='ocrx_word' id='word_1_240' title='bbox 955 3369 1091 3453; x_wconf 77' lang='lat' dir='ltr'><strong>predicti</strong></span> <span class='ocrx_word' id='word_1_241' title='bbox 1110 3368 1222 3436; x_wconf 89' lang='lat' dir='ltr'><strong>militis</strong></span> <span class='ocrx_word' id='word_1_242' title='bbox 1252 3369 1392 3437; x_wconf 81' lang='lat' dir='ltr'><strong>venditio</strong></span> <span class='ocrx_word' id='word_1_243' title='bbox 1420 3388 1459 3438; x_wconf 86' lang='lat' dir='ltr'><strong>ae</strong></span> <span class='ocrx_word' id='word_1_244' title='bbox 1484 3388 1582 3456; x_wconf 82' lang='lat' dir='ltr'><strong>sapm</strong></span> <span class='ocrx_word' id='word_1_245' title='bbox 1607 3370 1762 3438; x_wconf 76' lang='lat' dir='ltr'><strong>nominati</strong></span> <span class='ocrx_word' id='word_1_246' title='bbox 1787 3369 1842 3438; x_wconf 79' lang='lat' dir='ltr'><strong>sb</strong></span> 
     </span>
     <span class='ocr_line' id='line_1_25' title="bbox 292 3469 1842 3566; baseline -0.001 -24"><span class='ocrx_word' id='word_1_247' title='bbox 292 3472 376 3542; x_wconf 74' lang='lat' dir='ltr'><strong>tem</strong></span> <span class='ocrx_word' id='word_1_248' title='bbox 397 3473 516 3560; x_wconf 90' lang='lat' dir='ltr'><strong>emptio</strong></span> <span class='ocrx_word' id='word_1_249' title='bbox 534 3478 609 3542; x_wconf 83' lang='lat' dir='ltr'><strong>ratu</strong></span> <span class='ocrx_word' id='word_1_250' title='bbox 629 3479 663 3541; x_wconf 91' lang='lat' dir='ltr'><strong>et</strong></span> <span class='ocrx_word' id='word_1_251' title='bbox 684 3472 867 3541; x_wconf 85' lang='lat' dir='ltr'><strong>inoonvulsa</strong></span> <span class='ocrx_word' id='word_1_252' title='bbox 886 3476 1012 3540; x_wconf 78' lang='lat' dir='ltr'><strong>manem</strong></span> <span class='ocrx_word' id='word_1_253' title='bbox 1034 3477 1196 3556; x_wconf 69' lang='lat' dir='ltr'><strong>perpetrm,</strong></span> <span class='ocrx_word' id='word_1_254' title='bbox 1215 3469 1257 3538; x_wconf 88' lang='lat' dir='ltr'><strong>ad</strong></span> <span class='ocrx_word' id='word_1_255' title='bbox 1278 3488 1352 3556; x_wconf 85' lang='lat' dir='ltr'><strong>sepe</strong></span> <span class='ocrx_word' id='word_1_256' title='bbox 1365 3472 1518 3540; x_wconf 88' lang='lat' dir='ltr'><strong>nominati</strong></span> <span class='ocrx_word' id='word_1_257' title='bbox 1532 3473 1645 3566; x_wconf 83' lang='lat' dir='ltr'><strong>militis</strong></span> <span class='ocrx_word' id='word_1_258' title='bbox 1658 3473 1842 3559; x_wconf 84' lang='lat' dir='ltr'><strong>petitionem</strong></span> 
     </span>
     <span class='ocr_line' id='line_1_26' title="bbox 294 3574 1844 3662; baseline -0.001 -17"><span class='ocrx_word' id='word_1_259' title='bbox 294 3575 381 3645; x_wconf 74' lang='lat' dir='ltr'><strong>bene</strong></span> <span class='ocrx_word' id='word_1_260' title='bbox 400 3576 550 3662; x_wconf 76' lang='lat' dir='ltr'><strong>peginam</strong></span> <span class='ocrx_word' id='word_1_261' title='bbox 571 3576 720 3644; x_wconf 90' lang='lat' dir='ltr'><strong>iussimus</strong></span> <span class='ocrx_word' id='word_1_262' title='bbox 741 3574 894 3644; x_wconf 87' lang='lat' dir='ltr'><strong>oonseribi</strong></span> <span class='ocrx_word' id='word_1_263' title='bbox 917 3580 951 3642; x_wconf 90' lang='lat' dir='ltr'><strong>et</strong></span> <span class='ocrx_word' id='word_1_264' title='bbox 970 3574 1066 3661; x_wconf 80' lang='lat' dir='ltr'><strong>sigilli</strong></span> <span class='ocrx_word' id='word_1_265' title='bbox 1087 3574 1188 3642; x_wconf 91' lang='lat' dir='ltr'><strong>nostri</strong></span> <span class='ocrx_word' id='word_1_266' title='bbox 1208 3574 1401 3659; x_wconf 79' lang='lat' dir='ltr'><strong>appensione</strong></span> <span class='ocrx_word' id='word_1_267' title='bbox 1421 3576 1617 3644; x_wconf 84' lang='lat' dir='ltr'><strong>communiri.</strong></span> <span class='ocrx_word' id='word_1_268' title='bbox 1660 3577 1744 3644; x_wconf 79' lang='lat' dir='ltr'><strong>dota</strong></span> <span class='ocrx_word' id='word_1_269' title='bbox 1768 3580 1844 3644; x_wconf 88' lang='lat' dir='ltr'><strong>sunt</strong></span> 
     </span>
     <span class='ocr_line' id='line_1_27' title="bbox 293 3675 1664 3764; baseline 0.001 -18"><span class='ocrx_word' id='word_1_270' title='bbox 293 3677 351 3757; x_wconf 83' lang='lat' dir='ltr'><strong>bet</strong></span> <span class='ocrx_word' id='word_1_271' title='bbox 370 3679 405 3746; x_wconf 92' lang='lat' dir='ltr'><strong>in</strong></span> <span class='ocrx_word' id='word_1_272' title='bbox 425 3677 557 3748; x_wconf 70' lang='lat' dir='ltr'><strong>(inane</strong></span> <span class='ocrx_word' id='word_1_273' title='bbox 576 3696 660 3747; x_wconf 87' lang='lat' dir='ltr'><strong>anuo</strong></span> <span class='ocrx_word' id='word_1_274' title='bbox 681 3677 808 3746; x_wconf 85' lang='lat' dir='ltr'><strong>Domini</strong></span> <span class='ocrx_word' id='word_1_275' title='bbox 829 3676 940 3745; x_wconf 69' lang='lat' dir='ltr'><strong>bico.</strong></span> <span class='ocrx_word' id='word_1_276' title='bbox 963 3677 1156 3762; x_wconf 71' lang='lat' dir='ltr'><strong>sexagesimo</strong></span> <span class='ocrx_word' id='word_1_277' title='bbox 1176 3675 1323 3759; x_wconf 85' lang='lat' dir='ltr'><strong>seeundo,</strong></span> <span class='ocrx_word' id='word_1_278' title='bbox 1345 3675 1521 3747; x_wconf 83' lang='lat' dir='ltr'><strong>Indictione</strong></span> <span class='ocrx_word' id='word_1_279' title='bbox 1541 3678 1664 3764; x_wconf 79' lang='lat' dir='ltr'><strong>quinta</strong></span> 
     </span>
    </p>
   </div>
   <div class='ocr_carea' id='block_1_11' title="bbox 297 3888 1917 4072">
    <p class='ocr_par' dir='ltr' id='par_1_11' title="bbox 297 3888 1917 4072">
     <span class='ocr_line' id='line_1_28' title="bbox 391 3888 1917 3983; baseline -0.003 -14"><span class='ocrx_word' id='word_1_280' title='bbox 391 3888 495 3983; x_wconf 62' lang='lat' dir='ltr'><strong>&#39;obss</strong></span> <span class='ocrx_word' id='word_1_281' title='bbox 524 3902 612 3968; x_wconf 73' lang='lat' dir='ltr'><strong>obre</strong></span> <span class='ocrx_word' id='word_1_282' title='bbox 655 3897 780 3982; x_wconf 79' lang='lat' dir='ltr'><strong>Sodine,</strong></span> <span class='ocrx_word' id='word_1_283' title='bbox 804 3899 918 3982; x_wconf 72' lang='lat' dir='ltr'><strong>Zosimi.</strong></span> <span class='ocrx_word' id='word_1_284' title='bbox 962 3897 1119 3983; x_wconf 85' lang='lat' dir='ltr'><strong>Moravoe,</strong></span> <span class='ocrx_word' id='word_1_285' title='bbox 1151 3899 1279 3980; x_wconf 76' lang='lat' dir='ltr'><strong>ntepdpi</strong></span> <span class='ocrx_word' id='word_1_286' title='bbox 1298 3902 1393 3963; x_wconf 78' lang='lat' dir='ltr'><strong>modo</strong></span> <span class='ocrx_word' id='word_1_287' title='bbox 1415 3901 1531 3981; x_wconf 77' lang='lat' dir='ltr'><strong>olodep</strong></span> <span class='ocrx_word' id='word_1_288' title='bbox 1550 3905 1661 3964; x_wconf 78' lang='lat' dir='ltr'><strong>minoto</strong></span> <span class='ocrx_word' id='word_1_289' title='bbox 1684 3902 1843 3981; x_wconf 72' lang='lat' dir='ltr'><strong>Woirztmt,</strong></span> <span class='ocrx_word' id='word_1_290' title='bbox 1915 3929 1917 3932; x_wconf 96' lang='lat'>·</span> 
     </span>
     <span class='ocr_line' id='line_1_29' title="bbox 297 4005 496 4072; baseline -0.005 0"><span class='ocrx_word' id='word_1_291' title='bbox 297 4005 363 4072; x_wconf 72' lang='lat' dir='ltr'><strong>tat</strong></span> <span class='ocrx_word' id='word_1_292' title='bbox 380 4007 496 4072; x_wconf 71' lang='lat' dir='ltr'><strong>milvio</strong></span> 
     </span>
    </p>
   </div>
   <div class='ocr_carea' id='block_1_12' title="bbox 972 4294 1178 4390">
    <p class='ocr_par' dir='ltr' id='par_1_12' title="bbox 972 4294 1178 4390">
     <span class='ocr_line' id='line_1_30' title="bbox 972 4294 1178 4390; baseline -0.015 -1"><span class='ocrx_word' id='word_1_293' title='bbox 972 4301 1046 4390; x_wconf 88' lang='lat' dir='ltr'><strong>Nr.</strong></span> <span class='ocrx_word' id='word_1_294' title='bbox 1079 4294 1178 4388; x_wconf 85' lang='lat'><strong>398.</strong></span> 
     </span>
    </p>
   </div>
   <div class='ocr_carea' id='block_1_13' title="bbox 298 4511 1862 5027">
    <p class='ocr_par' dir='ltr' id='par_1_13' title="bbox 298 4511 1843 4722">
     <span class='ocr_line' id='line_1_31' title="bbox 398 4511 1843 4622; baseline -0.003 -20"><span class='ocrx_word' id='word_1_295' title='bbox 398 4513 572 4603; x_wconf 69' lang='lat' dir='ltr'><strong>Urbanus</strong></span> <span class='ocrx_word' id='word_1_296' title='bbox 597 4514 663 4622; x_wconf 81' lang='lat' dir='ltr'><strong>Pp.</strong></span> <span class='ocrx_word' id='word_1_297' title='bbox 689 4514 745 4600; x_wconf 80' lang='grc' dir='ltr'>Π</span> <span class='ocrx_word' id='word_1_298' title='bbox 762 4521 899 4601; x_wconf 81' lang='grc'>1262</span> <span class='ocrx_word' id='word_1_299' title='bbox 925 4517 1013 4622; x_wconf 73' lang='lat' dir='ltr'><strong>Api.</strong></span> <span class='ocrx_word' id='word_1_300' title='bbox 1040 4522 1123 4613; x_wconf 79' lang='lat'><strong>27,</strong></span> <span class='ocrx_word' id='word_1_301' title='bbox 1148 4511 1327 4613; x_wconf 77' lang='lat' dir='ltr'><strong>Viierbii3</strong></span> <span class='ocrx_word' id='word_1_302' title='bbox 1354 4548 1503 4614; x_wconf 79' lang='lat' dir='ltr'><strong>personas</strong></span> <span class='ocrx_word' id='word_1_303' title='bbox 1531 4535 1566 4599; x_wconf 89' lang='lat' dir='ltr'><strong>et</strong></span> <span class='ocrx_word' id='word_1_304' title='bbox 1590 4530 1674 4598; x_wconf 87' lang='lat' dir='ltr'><strong>bono</strong></span> <span class='ocrx_word' id='word_1_305' title='bbox 1701 4548 1843 4598; x_wconf 87' lang='lat' dir='ltr'><strong>sororum</strong></span> 
     </span>
     <span class='ocr_line' id='line_1_32' title="bbox 298 4633 1555 4722; baseline -0.006 -16"><span class='ocrx_word' id='word_1_306' title='bbox 298 4638 478 4706; x_wconf 77' lang='lat' dir='ltr'><strong>nonmurti</strong></span> <span class='ocrx_word' id='word_1_307' title='bbox 498 4638 538 4707; x_wconf 93' lang='lat' dir='ltr'><strong>de</strong></span> <span class='ocrx_word' id='word_1_308' title='bbox 559 4637 688 4705; x_wconf 88' lang='lat' dir='ltr'><strong>Olobok</strong></span> <span class='ocrx_word' id='word_1_309' title='bbox 708 4637 766 4705; x_wconf 90' lang='lat' dir='ltr'><strong>sub</strong></span> <span class='ocrx_word' id='word_1_310' title='bbox 784 4638 1011 4722; x_wconf 84' lang='lat' dir='ltr'><strong>protectionem</strong></span> <span class='ocrx_word' id='word_1_311' title='bbox 1033 4637 1117 4704; x_wconf 89' lang='lat' dir='ltr'><strong>beati</strong></span> <span class='ocrx_word' id='word_1_312' title='bbox 1139 4635 1226 4702; x_wconf 91' lang='lat' dir='ltr'><strong>Petri</strong></span> <span class='ocrx_word' id='word_1_313' title='bbox 1247 4638 1282 4701; x_wconf 87' lang='lat' dir='ltr'><strong>et</strong></span> <span class='ocrx_word' id='word_1_314' title='bbox 1302 4651 1393 4700; x_wconf 88' lang='lat' dir='ltr'><strong>suam</strong></span> <span class='ocrx_word' id='word_1_315' title='bbox 1413 4633 1555 4717; x_wconf 86' lang='lat' dir='ltr'><strong>suscipit</strong></span> 
     </span>
    </p>

    <p class='ocr_par' dir='ltr' id='par_1_14' title="bbox 299 4735 1862 5027">
     <span class='ocr_line' id='line_1_33' title="bbox 403 4735 1862 4828; baseline -0.002 -22"><span class='ocrx_word' id='word_1_316' title='bbox 403 4744 601 4822; x_wconf 63' lang='lat' dir='ltr'><strong>limeum</strong></span> <span class='ocrx_word' id='word_1_317' title='bbox 618 4746 735 4823; x_wconf 68' lang='lat' dir='ltr'><strong>stygiis</strong></span> <span class='ocrx_word' id='word_1_318' title='bbox 754 4745 981 4822; x_wconf 77' lang='lat' dir='ltr'><strong>potmierrlzonp</strong></span> <span class='ocrx_word' id='word_1_319' title='bbox 999 4760 1112 4821; x_wconf 83' lang='lat' dir='ltr'><strong>prsez:</strong></span> <span class='ocrx_word' id='word_1_320' title='bbox 1131 4736 1296 4821; x_wconf 83' lang='lat' dir='ltr'><strong>Philippus</strong></span> <span class='ocrx_word' id='word_1_321' title='bbox 1316 4735 1484 4803; x_wconf 84' lang='lat' dir='ltr'><strong>Firmanus</strong></span> <span class='ocrx_word' id='word_1_322' title='bbox 1503 4737 1668 4820; x_wconf 81' lang='lat' dir='ltr'><strong>episeopus</strong></span> <span class='ocrx_word' id='word_1_323' title='bbox 1683 4741 1743 4803; x_wconf 82' lang='lat' dir='ltr'><strong>ete.</strong></span> <span class='ocrx_word' id='word_1_324' title='bbox 1761 4735 1862 4828; x_wconf 43' lang='lat'>1282,</span> 
     </span>
     <span class='ocr_line' id='line_1_34' title="bbox 299 4838 657 4928; baseline 0 -19"><span class='ocrx_word' id='word_1_325' title='bbox 299 4838 370 4911; x_wconf 75' lang='lat' dir='ltr'><strong>ium</strong></span> <span class='ocrx_word' id='word_1_326' title='bbox 385 4846 417 4926; x_wconf 76' lang='lat'><strong>2,</strong></span> <span class='ocrx_word' id='word_1_327' title='bbox 437 4842 524 4928; x_wconf 77' lang='lat' dir='ltr'><strong>opud</strong></span> <span class='ocrx_word' id='word_1_328' title='bbox 543 4841 657 4911; x_wconf 83' lang='lat' dir='ltr'><strong>Veium</strong></span> 
     </span>
     <span class='ocr_line' id='line_1_35' title="bbox 319 4945 1308 5027; baseline -0.01 -13"><span class='ocrx_word' id='word_1_329' title='bbox 319 4986 326 4995; x_wconf 89' lang='lat'><strong>·</strong></span> <span class='ocrx_word' id='word_1_330' title='bbox 400 4945 538 5013; x_wconf 60' lang='lat' dir='ltr'><strong>murati.</strong></span> <span class='ocrx_word' id='word_1_331' title='bbox 586 4948 801 5027; x_wconf 72' lang='lat' dir='ltr'><strong>Tonorrprtrro</strong></span> <span class='ocrx_word' id='word_1_332' title='bbox 821 4948 963 5027; x_wconf 72' lang='lat' dir='ltr'><strong>l‘rzw&#39;oo.</strong></span> <span class='ocrx_word' id='word_1_333' title='bbox 987 4945 1084 5008; x_wconf 70' lang='lat' dir='ltr'><strong>nme.</strong></span> <span class='ocrx_word' id='word_1_334' title='bbox 1130 4946 1308 5021; x_wconf 72' lang='lat' dir='ltr'><strong>diplomate</strong></span> 
     </span>
    </p>
   </div>
   <div class='ocr_carea' id='block_1_14' title="bbox 303 5141 1846 5334">
    <p class='ocr_par' dir='ltr' id='par_1_15' title="bbox 303 5132 1846 5334">
     <span class='ocr_line' id='line_1_36' title="bbox 399 5141 1846 5236; baseline -0.004 -16"><span class='ocrx_word' id='word_1_335' title='bbox 399 5149 549 5220; x_wconf 72' lang='lat' dir='ltr'><strong>ormam</strong></span> <span class='ocrx_word' id='word_1_336' title='bbox 570 5149 738 5236; x_wconf 87' lang='lat' dir='ltr'><strong>episeopus</strong></span> <span class='ocrx_word' id='word_1_337' title='bbox 758 5168 867 5218; x_wconf 82' lang='lat' dir='ltr'><strong>servus</strong></span> <span class='ocrx_word' id='word_1_338' title='bbox 887 5166 1049 5218; x_wconf 88' lang='lat' dir='ltr'><strong>servorum</strong></span> <span class='ocrx_word' id='word_1_339' title='bbox 1067 5146 1137 5230; x_wconf 83' lang='lat' dir='ltr'><strong>Dei,</strong></span> <span class='ocrx_word' id='word_1_340' title='bbox 1160 5144 1285 5214; x_wconf 80' lang='lat' dir='ltr'><strong>dilectis</strong></span> <span class='ocrx_word' id='word_1_341' title='bbox 1307 5146 1340 5213; x_wconf 92' lang='lat' dir='ltr'><strong>in</strong></span> <span class='ocrx_word' id='word_1_342' title='bbox 1355 5143 1483 5213; x_wconf 87' lang='lat' dir='ltr'><strong>Christo</strong></span> <span class='ocrx_word' id='word_1_343' title='bbox 1497 5143 1623 5213; x_wconf 83' lang='lat' dir='ltr'><strong>filiabus</strong></span> <span class='ocrx_word' id='word_1_344' title='bbox 1635 5194 1665 5211; x_wconf 90' lang='lat'><strong>..</strong></span> <span class='ocrx_word' id='word_1_345' title='bbox 1687 5141 1846 5214; x_wconf 76' lang='lat' dir='ltr'><strong>abbatisse</strong></span> 
     </span>
     <span class='ocr_line' id='line_1_37' title="bbox 303 5247 1846 5334; baseline -0.003 -13"><span class='ocrx_word' id='word_1_346' title='bbox 303 5269 339 5321; x_wconf 80' lang='lat' dir='ltr'><strong>ot</strong></span> <span class='ocrx_word' id='word_1_347' title='bbox 357 5253 544 5324; x_wconf 79' lang='lat' dir='ltr'><strong>monialibus</strong></span> <span class='ocrx_word' id='word_1_348' title='bbox 566 5255 749 5322; x_wconf 74' lang='lat' dir='ltr'><strong>monosterii</strong></span> <span class='ocrx_word' id='word_1_349' title='bbox 770 5254 810 5321; x_wconf 87' lang='lat' dir='ltr'><strong>de</strong></span> <span class='ocrx_word' id='word_1_350' title='bbox 830 5252 968 5321; x_wconf 80' lang='lat' dir='ltr'><strong>Oloboeh</strong></span> <span class='ocrx_word' id='word_1_351' title='bbox 991 5250 1209 5319; x_wconf 74' lang='lat' dir='ltr'><strong>cisterciensis</strong></span> <span class='ocrx_word' id='word_1_352' title='bbox 1231 5249 1359 5317; x_wconf 86' lang='lat' dir='ltr'><strong>Omlinis</strong></span> <span class='ocrx_word' id='word_1_353' title='bbox 1381 5248 1575 5315; x_wconf 76' lang='lat' dir='ltr'><strong>Gtrmuensis</strong></span> <span class='ocrx_word' id='word_1_354' title='bbox 1596 5247 1740 5334; x_wconf 76' lang='lat' dir='ltr'><strong>‹lpooosis</strong></span> <span class='ocrx_word' id='word_1_355' title='bbox 1762 5247 1846 5318; x_wconf 84' lang='lat' dir='ltr'><strong>solu·</strong></span> 
     </span>
    </p>
   </div>
   <div class='ocr_carea' id='block_1_15' title="bbox 0 0 2254 6180">
    <p class='ocr_par' dir='ltr' id='par_1_16' title="bbox 0 0 2254 6180">
     <span class='ocr_line' id='line_1_38' title="bbox 0 0 2254 6180; baseline 0 0"><span class='ocrx_word' id='word_1_356' title='bbox 0 0 2254 6180; x_wconf 95' lang='lat' dir='ltr'><strong> </strong></span> 
     </span>
    </p>
   </div>
  </div>
 </body>
</html>
