4860 6180
487 306 563 386 406

486 509 753 580 ιιιιιιίιιίιιτιιιὶοιιί
780 525 894 580 vacare
918 529 956 580 ac
981 510 1081 598 ipsius
1108 508 1192 578 sudis
1221 509 1291 580 lura
1317 516 1352 581 ct
1378 509 1463 581 bona
1488 507 1655 580 delendam
1679 527 1719 580 ac
1743 512 1947 578 muubncrc
1964 524 2029 577 nou

486 616 608 699 potest:
630 629 728 696 quare
747 632 805 698 pro
825 621 918 700 parta
938 615 1094 682 dictorum
1115 613 1348 701 canonicorum,
1369 617 1424 701 qui
1446 621 1522 683 sunt
1540 615 1640 683 maior
1659 620 1693 681 et
1712 613 1819 681 sanior
1840 631 1914 698 pars
1936 609 2030 697 capi·

486 714 556 799 buli,
577 713 639 782 iuit
657 716 747 784 uobis
769 718 930 788 branilitcr
947 717 1168 801 supplicatum,
1191 722 1229 784 ut
1248 719 1411 804 providere
1430 738 1526 804 super
1546 717 1606 786 hoc
1626 717 1687 802 ipsi
1708 717 1840 785 ecclisia
1860 715 2031 783 salubriter

485 835 677 902 curaremus,
699 821 768 903 tibi,
787 840 845 905 per
865 840 958 905 quam
977 822 1049 888 iura
1068 825 1102 887 et
1123 819 1205 889 bona
1225 822 1309 891 dicte
1330 825 1413 891 sedis
1435 823 1613 892 conservari
1634 827 1668 888 et
1688 821 1885 889 manuteneri
1901 821 2030 888 comode

484 927 636 1008 poterunt
655 923 749 990 sicuti
770 923 889 1006 dicunt,
918 924 1220 992 administrationem
1248 927 1419 1011 preliatum
1442 926 1661 994 nichilominus
1686 922 1919 992 committendo.
1963 922 2031 990 Nos

484 1025 593 1113 ltaque
612 1026 652 1095 de
673 1027 949 1111 circumspectione
971 1034 1027 1096 tua
1048 1028 1172 1113 plenam
1192 1030 1226 1096 iu
1247 1030 1380 1098 Domino
1402 1030 1548 1098 fiduciam
1570 1028 1757 1112 obtinentes,
1778 1026 1910 1096 eandem
1931 1025 2031 1093 admi·

485 1130 704 1199 nistrationem
733 1129 793 1197 tibi
825 1133 1016 1200 auctoritato
1048 1131 1191 1217 predicta
1223 1133 1369 1201 duximus
1398 1132 1663 1214 committam,
1690 1149 1747 1216 per
1771 1128 1945 1215 apostolica
1973 1126 2031 1196 tibi

485 1233 605 1319 scripta
624 1232 824 1316 mandantes,
850 1242 1006 1319 quatenus
1035 1234 1341 1304 administrationem
1369 1236 1470 1322 ipsam
1496 1252 1643 1302 exeram
1663 1232 1832 1318 diligenter
1852 1232 1943 1301 iuxta
1960 1249 2032 1317 pre·

483 1335 640 1404 dictarum
661 1337 886 1405 continentiam
907 1338 1094 1407 litterarum.
1140 1337 1259 1408 Datum
1281 1337 1416 1407 Viterbii
1443 1336 1507 1405 1111
1528 1336 1689 1406 Kalendae
1710 1335 1906 1422 Decembris,
1927 1334 2032 1423 ponti-

483 1437 596 1508 sams
615 1437 717 1507 umtri
736 1456 820 1508 anuo
841 1441 955 1527 primo.

1154 1742 1229 1830 Nu.
1258 1738 1360 1828 464

587 1931 744 2019 Pramlel
778 1936 856 2019 dur
888 1934 1039 2020 Palania
1072 1942 1211 2021 1277
1235 1938 1343 2022 biart
1374 1941 1451 2034 12,
1485 1936 1528 2018 iu
1553 1933 1716 2038 Poenam
1745 1952 1892 2022 maaca
1923 1952 2032 2021 aaut

484 2054 619 2125 bubum
641 2055 895 2125 Praedicatorum
917 2057 950 2124 iu
963 2056 1090 2127 Poenari
1104 2058 1284 2127 libertatem
1303 2057 1446 2148 piscandi
1465 2058 1499 2124 iu
1520 2056 1634 2125 Warta
1653 2054 1749 2125 fluvio
1770 2062 1805 2125 et
1824 2056 1955 2125 bcubus
1976 2075 2033 2142 per

486 2159 652 2229 martum
673 2159 898 2227 summane.

588 2263 726 2343 Pernam
748 2269 866 2345 oona·
910 2267 1038 2330 mli
1057 2269 1099 2330 od
1116 2271 1353 2348 mmmmm
1366 2264 1480 2345 sema
1495 2268 1639 2351 praxea

587 2365 725 2435 meat.
748 2369 851 2432 aava
873 2372 1016 2434 eccam
1033 2372 1130 2448 [raa.
1153 2369 1413 2436 mammonas.

587 2535 626 2606 lu
645 2536 773 2607 uomirm
798 2537 904 2607 Patris
929 2543 963 2607 et
988 2538 1061 2607 lilii
1087 2545 1120 2608 et
1149 2538 1288 2624 Spiritus
1316 2539 1419 2608 sancti
1446 2557 1548 2607 amem
1592 2536 1745 2620 Quoniam
1764 2537 1876 2607 domus
1897 2537 2032 2607 iratruru

485 2639 721 2712 Predicatorum
742 2643 776 2710 iu
797 2643 927 2713 anam
948 2643 1151 2724 Posuauieasi
1164 2662 1185 2712 a
1198 2645 1316 2711 nocuis
1335 2642 1588 2728 progenitoribus
1601 2647 1652 2709 est
1665 2640 1806 2725 lundata,
1826 2661 1884 2710 nos
1897 2641 2031 2710 Promisi

484 2745 545 2816 Dal
563 2745 669 2832 matie
694 2746 760 2815 dux
776 2745 916 2831 Polonie,
943 2765 1002 2833 pro
1020 2747 1156 2815 remedio
1178 2752 1378 2833 peccatorum
1406 2751 1592 2814 nostrorum
1606 2763 1646 2814 ao
1664 2751 1833 2830 pareutum
1853 2751 2033 2814 uosuorum

483 2848 636 2919 lienibus
657 2850 760 2934 diota,
780 2850 814 2917 in
832 2850 958 2938 prefata
977 2850 1070 2918 domo
1098 2869 1182 2918 nunc
1210 2856 1244 2918 et
1269 2850 1302 2916 ia
1330 2855 1517 2934 perpetuum
1546 2847 1731 2933 degentibus
1752 2854 1786 2917 et
1812 2854 2033 2934 paupertatem

484 2971 543 3039 pro
564 2950 685 3021 Christi
704 2953 830 3021 nomiae
850 2952 1055 3039 patientibus,
1076 2952 1110 3018 in
1131 2952 1247 3020 Warta
1265 2949 1359 3018 fluvio
1381 2956 1415 3019 et
1435 2950 1566 3020 lacubus
1588 2970 1646 3036 por
1671 2952 1838 3020 circuitum
1860 2951 2033 3021 udiuccmi

457 3140 461 3147 Ι
484 3053 544 3123 bue
564 3054 705 3143 piscandi
725 3055 851 3143 plenam
873 3055 1070 3123 concedimus
1083 3054 1273 3138 libertatem,
1296 3054 1428 3122 firmite
1444 3053 1643 3141 precipiendo
1657 3055 1812 3124 universis
1827 3056 1886 3124 sub
1900 3055 2033 3124 obtentu

482 3158 586 3243 matie
603 3165 722 3243 nosue,
743 3178 784 3226 ne
800 3159 847 3226 eis
868 3159 1033 3243 quisquam
1054 3157 1170 3242 piscari
1191 3162 1302 3226 eontra
1322 3157 1404 3225 hauc
1424 3163 1565 3226 nostram
1579 3158 1810 3227 concesiouem
1824 3159 1942 3228 audeat
1959 3176 2033 3244 pro·

484 3258 592 3330 bibere
611 3261 662 3330 nel
683 3263 780 3330 etiam
807 3261 969 3329 rebellare
1012 3259 1050 3327 Iu
1079 3260 1167 3328 cuius
1194 3261 1241 3328 rei
1266 3260 1481 3329 testimonium
1507 3259 1590 3329 hauc
1614 3261 1762 3346 paginam
1790 3266 1901 3329 nostro
1928 3260 2033 3346 sigillo

321 3349 325 3355 ’
370 3374 372 3379 ’
484 3360 614 3433 iacimus
635 3364 786 3432 roborari.
818 3363 938 3432 Datum
958 3364 992 3430 iu
1012 3363 1139 3432 Posuau
1156 3370 1270 3449 quarta
1291 3363 1366 3432 Idus
1392 3362 1511 3446 Martii,
1533 3363 1777 3432 testificantibus
1798 3363 1874 3431 biis:
1904 3362 2032 3431 domiuo

484 3464 652 3537 Vincentio
673 3469 867 3550 abecedario,
898 3468 1012 3536 comite
1033 3466 1164 3536 Nicolao
1186 3468 1288 3536 iudice
1309 3472 1403 3551 teme,
1426 3465 1560 3553 cerleyo
1581 3466 1621 3535 de
1640 3466 1755 3551 Panes,
1776 3466 1935 3552 Boguslao
1957 3465 2031 3534 sub·

453 3637 457 3646 .
483 3570 668 3655 marano,
689 3570 820 3639 Thiloue
839 3573 965 3640 notario
987 3571 1080 3639 cuda
1110 3571 1192 3639 Acta
1212 3577 1289 3638 suut
1309 3570 1367 3639 bec
1387 3585 1470 3640 auno
1491 3570 1619 3639 Domini
1636 3571 1802 3640 millasimo
1817 3570 2032 3639 ducentesimo

483 3674 875 3761 sepmageaimoseptimo.

585 3861 699 3947 Pauca,
723 3866 844 3931 Portica

1150 4059 1225 4146 Nr.
1257 4055 1359 4144 465.

585 4253 779 4343 Boleslaua
806 4255 884 4341 dux
910 4254 1059 4340 Palania
1085 4262 1228 4340 1277
1252 4255 1339 4361 apr.
1365 4258 1460 4355 30,
1485 4253 1529 4339 lu
1555 4254 1717 4361 meseum
1739 4273 1847 4342 valan
1869 4273 2032 4359 aarum,

483 4394 578 4466 quarn
599 4379 639 4448 de
660 4380 775 4447 vicinia
795 4379 889 4446 Gieca
911 4378 1027 4461 excipit
1049 4384 1081 4445 et
1103 4379 1234 4447 viciniae
1256 4377 1413 4464 Kastruyn
1441 4377 1595 4462 adiungit,
1617 4378 1805 4462 quibusdam
1831 4379 2032 4447 libertatibus

484 4484 637 4551 maniam
658 4482 779 4551 coniert
800 4480 924 4566 coniugi
946 4500 1021 4548 suae
1036 4479 1178 4550 ducissae
1192 4483 1347 4564 Iolautuo;
1370 4481 1476 4550 uillam
1491 4500 1565 4549 vero
1579 4480 1690 4549 Gdrlra
1707 4482 1857 4550 aviciuia
1872 4483 2032 4569 Kostmpu

483 4586 650 4673 excipiens,
669 4585 710 4654 ad
732 4605 806 4653 suos
828 4604 904 4652 usus
924 4585 1087 4652 convertit.

585 4693 725 4772 Perpau
748 4696 866 4770 cappla.
912 4693 959 4754 d'a
987 4694 1159 4754 araualucd
1181 4691 1333 4769 J'edruaba.
1359 4708 1502 4754 cremona
1520 4695 1745 4771 przpmieszono
1767 4693 1843 4756 daie
1863 4696 2031 4779 piaczpcie:

480 4799 630 4876 piciano
652 4799 820 4860 Bolealarua
841 4797 962 4879 briscia,
981 4805 1125 4872 tpieczpc
1142 4803 1254 4869 XV1.l;
1281 4797 1381 4873 drapo
1402 4796 1526 4875 Joantp
1545 4792 1687 4881 Ιιιὶιιὲιιῌ,
1705 4803 1852 4873 (pleczpe
1869 4805 1982 4871 xxiii.

587 4897 720 4964 Patauii.
754 4901 871 4962 Arabia
899 4901 1040 4977 Capituli,
1064 4901 1090 4972 I,
1114 4899 1143 4962 0.

585 5069 621 5138 ln
651 5069 776 5137 nominc
804 5068 930 5141 Dinmini
958 5087 1059 5136 anien.
1104 5069 1178 5136 ldco
1211 5068 1339 5136 humani
1366 5066 1489 5152 genueris
1522 5067 1664 5136 acciones
1696 5070 1887 5155 scriptorum
1916 5069 2032 5139 debent

397 5168 401 5174 ’
484 5174 663 5243 testimonia
694 5174 849 5255 roborari,
879 5194 919 5239 nc
948 5179 1026 5258 aput
1055 5180 1197 5259 posteros
1226 5192 1373 5258 praeraso
1403 5172 1553 5257 temporis
1580 5172 1746 5240 ‹laracniunt
1775 5174 1806 5239 in
1835 5174 2032 5260 oblivionem,

484 5274 584 5362 igitur
605 5298 663 5345 nos
684 5278 847 5345 balistam
869 5277 929 5344 Dei
955 5278 1060 5361 gratia
1084 5276 1147 5344 dux
1173 5278 1301 5345 I‘olonic
1323 5285 1431 5344 riniani
1455 5278 1687 5346 essevolumus
1709 5278 1906 5364 presentibus
1929 5285 1963 5346 et
1983 5276 2030 5346 fu·
