4476 6180
1861 160 1936 238 893

287 372 289 376 ’
393 356 550 451 laudarit.
570 368 781 453 presentibus:
810 368 895 436 dicto
921 366 1046 441 domino
1073 367 1218 452 episcopo
1239 365 1423 452 Wolymirn
1453 357 1604 451 magistro
1630 365 1725 434 Petro
1750 365 1937 435 mosellano

394 478 512 554 nostro,
535 471 659 539 Mathia
680 471 819 557 pulutino
841 471 980 552 cuiavio,
1000 470 1184 539 llozdndone
1203 471 1372 540 castellano
1392 467 1600 538 Orusvicieusi
1621 475 1656 538 et
1677 468 1803 538 Andron
1823 469 1936 553 indico,

392 575 519 645 domino
537 573 615 643 vito
634 576 804 659 preposito,
825 574 976 657 magistro
995 571 1181 642 ll'eneoslao
1202 573 1366 641 smlastioo
1388 577 1422 640 et
1448 571 1584 640 ilenrico
1611 573 1751 656 custode,
1779 573 1938 642 canonicis

395 678 720 761 Wladishviensihus3
743 679 882 747 Iohanne
897 675 1064 762 proposito,
1087 677 1205 744 Goslao
1220 676 1347 757 domne,
1371 675 1539 761 hyphardo
1552 673 1783 758 archidiacono,
1805 677 1936 745 hlherto

393 789 523 851 cantore
540 787 575 850 et
596 781 780 850 Wenooslao
798 781 937 864 custode,
959 779 1117 848 mnonicis
1140 779 1417 864 crusviciensibus,
1440 785 1474 848 ot
1493 779 1564 848 aliis
1586 796 1681 864 quam
1708 776 1851 862 pluribus
1875 779 1937 850 hdo

393 886 506 972 omn.

497 1091 777 1194 musmones,
799 1097 838 1160 m
866 1095 1060 1160 virumn.
1103 1091 1229 1161 iuvem
1249 1090 1465 1175 vaoenia
1488 1092 1695 1156 remmom.

1055 1392 1128 1480 Nr.
1160 1387 1261 1479 447.
1379 1474 1381 1480 .

495 1590 688 1677 Boleslaus
716 1592 793 1675 dux
818 1590 969 1676 Polonlo
996 1596 1132 1673 1272
1159 1590 1246 1695 dpr.
1273 1593 1362 1687 25,
1395 1587 1438 1670 in
1464 1586 1628 1689 dnemep
1660 1604 1768 1672 vernn
1799 1602 1937 1672 nonno

393 1712 588 1782 Sthroihiero
611 1713 685 1799 (sic)
703 1712 911 1781 hereditatem
933 1732 1023 1782 suam
1044 1713 1249 1796 Pruohnowo,
1271 1730 1402 1796 eamque
1422 1709 1531 1779 multis
1552 1706 1723 1794 privilegiis
1744 1709 1857 1777 munit

502 1819 683 1883 Wurrzuwa
730 1820 856 1882 Archia
882 1817 1008 1898 plotone.
1040 1821 1093 1885 Kc.
1116 1821 1157 1884 rr.
1179 1819 1232 1884 85.
1248 1820 1301 1896 sol
1321 1817 1413 1882 251o.

495 2023 534 2091 In
554 2023 679 2092 nemine
698 2020 826 2089 Domini
846 2041 947 2090 amen.
991 2022 1041 2092 lle
1061 2043 1100 2092 ea
1119 2041 1181 2108 que
1201 2027 1354 2106 geruntur
1374 2021 1408 2089 in
1429 2027 1570 2107 tempore
1590 2041 1662 2091 cum
1679 2022 1772 2105 lapsu
1785 2019 1937 2105 temporis

392 2128 582 2209 dilatentur,
603 2125 705 2193 solent
726 2125 800 2210 poni
821 2125 855 2192 in
872 2125 1049 2211 dugunnum
1071 2127 1250 2194 testimonio
1264 2131 1298 2193 et
1311 2125 1421 2211 scripti
1435 2125 1586 2193 memoria
1599 2124 1797 2210 perhennuri.
1827 2122 1938 2192 Sciant

393 2251 468 2318 ergo
490 2237 651 2316 presentes
669 2235 703 2297 et
724 2228 824 2296 futuri
842 2231 993 2315 temporis
1014 2230 1194 2315 posteritas,
1213 2230 1297 2315 qnod
1316 2248 1375 2298 nos
1395 2229 1561 2299 Boleslous
1581 2230 1641 2298 Dei
1661 2231 1770 2315 gracia
1787 2229 1852 2296 dux
1877 2228 1937 2296 Po

392 2335 477 2404 lonis
497 2334 632 2404 sculteto
653 2339 761 2400 nostro
783 2331 933 2400 Heinrico
947 2332 1142 2401 Sthroibiero
1154 2332 1195 2401 de
1207 2332 1346 2400 Kleczko
1360 2332 1556 2400 vendidimus
1570 2332 1779 2401 hereditatem
1793 2338 1937 2400 nestram

393 2455 457 2526 qne
476 2437 599 2522 vulgari
620 2436 745 2503 nomine
770 2435 961 2503 Proohneve
986 2440 1196 2520 nuncupetur,
1221 2435 1301 2502 nulli
1326 2435 1521 2503 adiacentem
1545 2454 1605 2505 nee
1629 2435 1724 2504 alicui
1751 2436 1933 2521 obligatam,

335 2597 345 2619 .
392 2560 451 2629 pro
473 2541 674 2628 septuaginta
691 2540 805 2607 marcis
826 2539 949 2623 ergenti
968 2539 1029 2606 sibi
1049 2539 1178 2624 suisque
1195 2538 1435 2623 suceessoribus,
1466 2539 1643 2607 cumomni
1666 2538 1815 2607 libertate
1837 2538 1937 2624 ipsius

393 2663 456 2729 qva
475 2643 652 2729 antiquitus
671 2641 835 2710 fruebatur
855 2643 924 2728 iure
944 2642 1135 2711 hereditario
1163 2641 1197 2710 in
1226 2649 1412 2727 perpetuum
1441 2641 1669 2727 possidendam
1712 2641 1782 2711 llos
1803 2647 1879 2710 sunt
1898 2640 1937 2709 li·

391 2747 542 2829 tentate,
575 2745 720 2813 videlieet
743 2763 765 2812 a
787 2763 891 2829 naras,
917 2764 938 2812 a
962 2762 1069 2829 poros,
1097 2763 1119 2811 a
1150 2744 1294 2829 prrevod,
1325 2743 1559 2830 apodvorovs,
1584 2765 1606 2813 a
1631 2750 1748 2829 strena,
1775 2765 1797 2813 a
1823 2744 1937 2830 opolie,
2054 2738 2056 2742 ’

392 2850 522 2933 above,
543 2868 564 2917 a
584 2867 689 2932 vanos,
709 2866 731 2915 a
751 2848 848 2915 cestii
869 2848 1021 2916 eitacione
1041 2853 1076 2915 et
1096 2866 1118 2915 a
1138 2866 1242 2932 pereo.
1285 2847 1498 2917 homicidium
1519 2853 1736 2934 perpetratum
1755 2848 1838 2916 inter
1851 2849 1938 2933 ipsos

392 2953 520 3036 innotus,
549 2953 652 3020 dictus
683 2950 840 3020 Henncus
871 2957 905 3018 et
929 2968 988 3019 sua
1012 2951 1182 3036 posteritas
1208 2950 1243 3018 in
1274 2956 1461 3035 perpetuum
1492 2951 1690 3036 integraliter
1721 2949 1938 3036 possidebunt

397 3055 508 3124 Mam
529 3053 632 3124 steni
653 3072 757 3136 cuno,
787 3071 950 3122 annones
970 3058 1089 3137 capete.
1133 3053 1253 3121 Demus
1275 3055 1371 3122 etiam
1398 3053 1536 3122 Henrico
1560 3053 1715 3122 Stmihiro
1741 3059 1775 3122 et
1795 3055 1861 3141 spis
1882 3073 1939 3140 po·

393 3158 488 3226 stetis
505 3158 546 3226 ob
566 3157 659 3225 tidele
679 3176 772 3225 suurn
792 3156 958 3225 servicium
979 3155 1070 3224 nobis
1087 3174 1145 3242 per
1165 3157 1268 3242 ipsum
1285 3157 1421 3226 fideliter
1440 3158 1625 3241 exhibitum,
1653 3159 1687 3226 in
1708 3159 1795 3227 dicte
1815 3157 1938 3227 heredi·

393 3265 469 3345 tete,
491 3261 520 3329 si
539 3261 641 3346 ipsum
662 3261 815 3345 contingit
835 3259 952 3342 villum,
974 3258 1124 3343 poradlns
1149 3259 1378 3344 possidendum
1423 3261 1468 3329 Et
1487 3261 1590 3331 incole
1610 3280 1716 3330 coram
1736 3261 1824 3330 nullo
1853 3280 1938 3331 oom-

392 3361 562 3449 psrehunt3
584 3363 668 3432 dicte
688 3364 875 3433 hereditatis
895 3362 975 3428 nulli
988 3361 1126 3430 iudicum
1147 3362 1296 3430 iudicium
1316 3361 1498 3446 differendo,
1517 3363 1578 3431 nisi
1599 3363 1690 3432 herus
1710 3363 1785 3432 ville
1805 3369 1840 3432 et
1864 3381 1935 3433 sue·

393 3484 532 3535 cessores
553 3466 653 3552 ipsius
672 3467 805 3552 legitimi
826 3464 1010 3533 indicabunt
1027 3470 1061 3531 et
1082 3483 1195 3548 penem
1216 3483 1274 3549 pro
1294 3482 1329 3532 se
1349 3466 1512 3552 recipient
1555 3465 1676 3534 Demos
1702 3468 1800 3535 etiam
1820 3466 1937 3536 ibidem

392 3575 426 3638 ct
446 3569 667 3639 confirmamus
687 3571 721 3637 in
742 3569 866 3654 prefata
885 3568 1060 3636 hereditate
1078 3567 1305 3636 Tbeutonicum
1319 3568 1378 3651 ius,
1400 3570 1540 3638 eiusdem
1558 3570 1743 3640 'theutonici
1757 3572 1835 3639 imis
1849 3571 1938 3641 lucro

393 3690 464 3740 cum
485 3672 630 3740 omnibus
650 3672 842 3769 utilitatibus
864 3672 962 3740 libere
982 3672 1016 3737 in
1036 3676 1188 3755 perpetuo
1210 3672 1417 3756 percipiendo,
1445 3673 1543 3741 nichil
1563 3675 1690 3760 penitus
1716 3693 1773 3758 pm
1793 3672 1885 3743 nohis
1905 3680 1940 3743 et
2085 3697 2087 3702 ·

392 3793 449 3860 pro
471 3776 589 3843 nostris
609 3773 839 3844 successoribus
860 3773 1054 3844 iuridioionis
1075 3774 1109 3841 in
1130 3774 1238 3842 ead·
1264 3775 1440 3845 hereditate
1468 3782 1675 3846 reservantes
1719 3777 1758 3844 In
1779 3778 1868 3846 cuius
1891 3777 1938 3847 rei

392 3878 607 3946 testimoninm
625 3887 801 3963 presentem
824 3881 948 3947 literam
974 3883 1115 3946 nostram
1140 3879 1236 3963 sigilli
1260 3881 1432 3949 munimine
1460 3880 1606 3949 duximus
1634 3879 1843 3950 roborandam
1864 3900 1936 3968 pre·
1987 3956 1989 3959 ,

392 3981 535 4049 sentibus
557 3981 691 4049 testibus
712 3983 766 4050 iis:
790 3983 904 4050 comite
917 3980 1072 4050 Michaele
1086 3981 1329 4066 Lunicheievicz,
1351 3984 1466 4052 comite
1479 3983 1699 4068 Boguchrrulu,
1719 3983 1833 4054 eomite
1845 3983 1938 4071 Lupo

395 4082 435 4152 de
455 4084 650 4169 Prnvszieha,
680 4087 793 4155 comite
820 4086 956 4155 Osvaldo
978 4085 1018 4153 de
1048 4084 1245 4166 Crerlrvicza,
1274 4089 1387 4156 eomite
1408 4086 1594 4155 Voicsischo
1619 4087 1660 4155 de
1681 4086 1860 4173 Vlosynovr‚
1887 4106 1939 4156 co-

393 4187 471 4256 mite
491 4189 587 4257 Petro
607 4189 778 4258 Protheno.
822 4189 942 4258 Datum
961 4194 995 4257 et
1014 4188 1166 4272 scriptum
1188 4189 1221 4254 in
1242 4188 1372 4257 Gnmns
1392 4192 1426 4258 in
1439 4190 1492 4257 die
1504 4190 1606 4258 suncti
1619 4190 1722 4261 Marci
1736 4190 1937 4276 evangeliste,

392 4308 475 4358 enno
495 4290 624 4359 Domini
643 4291 753 4360 hice.
775 4292 1006 4378 septvmgesimo
1027 4291 1172 4374 secundo,
1192 4310 1249 4376 per
1269 4311 1395 4360 manum
1417 4292 1599 4379 Golthpodi.

496 4496 702 4581 Sthroihiero‚
727 4522 754 4562 n»
780 4503 834 4563 Nr.
859 4501 925 4564 330
950 4497 1131 4583 Stmnhyso.
1183 4498 1332 4582 Klotzio,
1355 4503 1463 4566 Ktect.
1513 4498 1715 4582 Prechnowo‚
1744 4504 1938 4567 marono.

393 4598 636 4683 Luzicheievicz‚
657 4626 684 4666 rr
699 4606 752 4668 Nr.
767 4605 834 4665 330
854 4599 1100 4683 Lurerfervn'rch,
1122 4606 1282 4667 midoozrrie
1302 4609 1403 4684 nvplno
1424 4606 1527 4684 topia,
1545 4609 1597 4671 nie
1610 4609 1810 4686 odpodrtiene.
1841 4604 1937 4676 Przt·

396 4703 511 4786 ssiehn
530 4710 706 4787 Przystelca.
751 4704 950 4788 Ozerkvioza,
978 4707 1153 4771 Certim
1198 4704 1376 4793 Vlosynorr‚
1405 4712 1602 4778 Wtorzonou.
