<?xml version="1.0" encoding="UTF-8"?>
<!DOCTYPE html PUBLIC "-//W3C//DTD XHTML 1.0 Transitional//EN"
    "http://www.w3.org/TR/xhtml1/DTD/xhtml1-transitional.dtd">
<html xmlns="http://www.w3.org/1999/xhtml" xml:lang="en" lang="en">
 <head>
  <title>
</title>
<meta http-equiv="Content-Type" content="text/html;charset=utf-8" />
  <meta name='ocr-system' content='tesseract 3.04.00' />
  <meta name='ocr-capabilities' content='ocr_page ocr_carea ocr_par ocr_line ocrx_word'/>
</head>
<body>
  <div class='ocr_page' id='page_1' title='image "./codexdiplomatic03zakrgoog_0700.png"; bbox 0 0 4860 6180; ppageno 0'>
   <div class='ocr_carea' id='block_1_1' title="bbox 457 516 2331 1455">
    <p class='ocr_par' dir='ltr' id='par_1_1' title="bbox 457 516 2331 1455">
     <span class='ocr_line' id='line_1_1' title="bbox 457 516 2331 659; baseline 0.002 -41"><span class='ocrx_word' id='word_1_1' title='bbox 457 610 461 618; x_wconf 84' lang='lat'><em>.</em></span> <span class='ocrx_word' id='word_1_2' title='bbox 546 544 623 622; x_wconf 83' lang='lat' dir='ltr'><strong>oro</strong></span> <span class='ocrx_word' id='word_1_3' title='bbox 2312 516 2331 659; x_wconf 47' lang='lat'>4</span> 
     </span>
     <span class='ocr_line' id='line_1_2' title="bbox 2324 668 2330 717; baseline 0 0"><span class='ocrx_word' id='word_1_4' title='bbox 2324 668 2330 717; x_wconf 84' lang='grc' dir='ltr'>ι</span> 
     </span>
     <span class='ocr_line' id='line_1_3' title="bbox 646 746 2329 837; baseline 0 -20"><span class='ocrx_word' id='word_1_5' title='bbox 646 746 694 817; x_wconf 89' lang='lat' dir='ltr'><strong>Ut</strong></span> <span class='ocrx_word' id='word_1_6' title='bbox 713 751 821 816; x_wconf 85' lang='lat' dir='ltr'><strong>autem</strong></span> <span class='ocrx_word' id='word_1_7' title='bbox 846 748 904 818; x_wconf 86' lang='lat' dir='ltr'><strong>hcc</strong></span> <span class='ocrx_word' id='word_1_8' title='bbox 927 750 1032 820; x_wconf 87' lang='lat' dir='ltr'><strong>omnia</strong></span> <span class='ocrx_word' id='word_1_9' title='bbox 1060 758 1094 820; x_wconf 90' lang='lat' dir='ltr'><strong>et</strong></span> <span class='ocrx_word' id='word_1_10' title='bbox 1122 750 1246 836; x_wconf 75' lang='lat' dir='ltr'><strong>singulo</strong></span> <span class='ocrx_word' id='word_1_11' title='bbox 1267 751 1453 837; x_wconf 77' lang='lat' dir='ltr'><strong>perpetuum</strong></span> <span class='ocrx_word' id='word_1_12' title='bbox 1474 749 1598 819; x_wconf 90' lang='lat' dir='ltr'><strong>roboris</strong></span> <span class='ocrx_word' id='word_1_13' title='bbox 1619 748 1785 821; x_wconf 78' lang='lat' dir='ltr'><strong>obtineant</strong></span> <span class='ocrx_word' id='word_1_14' title='bbox 1806 747 2002 832; x_wconf 70' lang='lat' dir='ltr'><strong>tirmitutsnn</strong></span> <span class='ocrx_word' id='word_1_15' title='bbox 2023 765 2092 836; x_wconf 77' lang='lat' dir='ltr'><strong>om-</strong></span> <span class='ocrx_word' id='word_1_16' title='bbox 2124 753 2126 757; x_wconf 78' lang='grc'>’</span> <span class='ocrx_word' id='word_1_17' title='bbox 2327 750 2329 754; x_wconf 83' lang='grc'><strong>’</strong></span> 
     </span>
     <span class='ocr_line' id='line_1_4' title="bbox 543 852 2093 941; baseline 0 -19"><span class='ocrx_word' id='word_1_18' title='bbox 543 859 665 922; x_wconf 86' lang='lat' dir='ltr'><strong>sentem</strong></span> <span class='ocrx_word' id='word_1_19' title='bbox 686 852 827 922; x_wconf 85' lang='lat' dir='ltr'><strong>littorum</strong></span> <span class='ocrx_word' id='word_1_20' title='bbox 849 854 949 922; x_wconf 87' lang='lat' dir='ltr'><strong>nostri</strong></span> <span class='ocrx_word' id='word_1_21' title='bbox 970 855 1065 941; x_wconf 75' lang='lat' dir='ltr'><strong>sigilli</strong></span> <span class='ocrx_word' id='word_1_22' title='bbox 1084 856 1255 924; x_wconf 81' lang='lat' dir='ltr'><strong>munimine</strong></span> <span class='ocrx_word' id='word_1_23' title='bbox 1277 856 1424 923; x_wconf 76' lang='lat' dir='ltr'><strong>eluerimus</strong></span> <span class='ocrx_word' id='word_1_24' title='bbox 1447 854 1663 924; x_wconf 80' lang='lat' dir='ltr'><strong>roborandum.</strong></span> <span class='ocrx_word' id='word_1_25' title='bbox 1706 853 1744 921; x_wconf 91' lang='lat' dir='ltr'><strong>In</strong></span> <span class='ocrx_word' id='word_1_26' title='bbox 1766 854 1855 922; x_wconf 88' lang='lat' dir='ltr'><strong>cuius</strong></span> <span class='ocrx_word' id='word_1_27' title='bbox 1877 853 1922 921; x_wconf 87' lang='lat' dir='ltr'><strong>rei</strong></span> <span class='ocrx_word' id='word_1_28' title='bbox 1951 855 2093 922; x_wconf 90' lang='lat' dir='ltr'><strong>testimo·</strong></span> 
     </span>
     <span class='ocr_line' id='line_1_5' title="bbox 544 955 2095 1042; baseline 0.001 -19"><span class='ocrx_word' id='word_1_29' title='bbox 544 955 632 1025; x_wconf 91' lang='lat' dir='ltr'><strong>nium</strong></span> <span class='ocrx_word' id='word_1_30' title='bbox 653 975 782 1042; x_wconf 83' lang='lat' dir='ltr'><strong>presens</strong></span> <span class='ocrx_word' id='word_1_31' title='bbox 807 958 958 1042; x_wconf 85' lang='lat' dir='ltr'><strong>scriptum</strong></span> <span class='ocrx_word' id='word_1_32' title='bbox 988 959 1088 1026; x_wconf 82' lang='lat' dir='ltr'><strong>nostri</strong></span> <span class='ocrx_word' id='word_1_33' title='bbox 1109 959 1281 1026; x_wconf 86' lang='lat' dir='ltr'><strong>munimine</strong></span> <span class='ocrx_word' id='word_1_34' title='bbox 1302 958 1397 1042; x_wconf 60' lang='lat' dir='ltr'><strong>sigilli</strong></span> <span class='ocrx_word' id='word_1_35' title='bbox 1418 957 1547 1026; x_wconf 81' lang='lat' dir='ltr'><strong>lecimus</strong></span> <span class='ocrx_word' id='word_1_36' title='bbox 1569 957 1720 1026; x_wconf 81' lang='lat' dir='ltr'><strong>roborari.</strong></span> <span class='ocrx_word' id='word_1_37' title='bbox 1760 957 1876 1024; x_wconf 87' lang='lat' dir='ltr'><strong>llctnrn</strong></span> <span class='ocrx_word' id='word_1_38' title='bbox 1898 957 1930 1023; x_wconf 93' lang='lat' dir='ltr'><strong>in</strong></span> <span class='ocrx_word' id='word_1_39' title='bbox 1954 956 2095 1025; x_wconf 84' lang='lat' dir='ltr'><strong>Crusfica</strong></span> 
     </span>
     <span class='ocr_line' id='line_1_6' title="bbox 546 1046 2327 1175; baseline -0.001 -47"><span class='ocrx_word' id='word_1_40' title='bbox 546 1077 631 1128; x_wconf 78' lang='lat' dir='ltr'><strong>auno</strong></span> <span class='ocrx_word' id='word_1_41' title='bbox 642 1059 770 1127; x_wconf 88' lang='lat' dir='ltr'><strong>Domini</strong></span> <span class='ocrx_word' id='word_1_42' title='bbox 780 1060 946 1128; x_wconf 81' lang='lat' dir='ltr'><strong>millesimo</strong></span> <span class='ocrx_word' id='word_1_43' title='bbox 956 1062 1168 1130; x_wconf 84' lang='lat' dir='ltr'><strong>ducentesimo</strong></span> <span class='ocrx_word' id='word_1_44' title='bbox 1181 1061 1372 1145; x_wconf 80' lang='lat' dir='ltr'><strong>sexagesimo</strong></span> <span class='ocrx_word' id='word_1_45' title='bbox 1387 1079 1480 1141; x_wconf 85' lang='lat' dir='ltr'><strong>nouo,</strong></span> <span class='ocrx_word' id='word_1_46' title='bbox 1494 1059 1653 1128; x_wconf 76' lang='lat' dir='ltr'><strong>Kmendos</strong></span> <span class='ocrx_word' id='word_1_47' title='bbox 1664 1059 1867 1143; x_wconf 80' lang='lat' dir='ltr'><strong>Septembris,</strong></span> <span class='ocrx_word' id='word_1_48' title='bbox 1882 1060 2093 1145; x_wconf 76' lang='lat' dir='ltr'><strong>presentibus:</strong></span> <span class='ocrx_word' id='word_1_49' title='bbox 2317 1046 2327 1175; x_wconf 59' lang='lat' dir='ltr'>j</span> 
     </span>
     <span class='ocr_line' id='line_1_7' title="bbox 544 1162 2093 1248; baseline -0.001 -17"><span class='ocrx_word' id='word_1_50' title='bbox 544 1162 696 1248; x_wconf 69' lang='lat' dir='ltr'><strong>monstro</strong></span> <span class='ocrx_word' id='word_1_51' title='bbox 724 1162 820 1232; x_wconf 85' lang='lat' dir='ltr'><strong>Petro</strong></span> <span class='ocrx_word' id='word_1_52' title='bbox 846 1171 955 1231; x_wconf 90' lang='lat' dir='ltr'><strong>nostro</strong></span> <span class='ocrx_word' id='word_1_53' title='bbox 981 1164 1178 1246; x_wconf 74' lang='lat' dir='ltr'><strong>cancellario,</strong></span> <span class='ocrx_word' id='word_1_54' title='bbox 1209 1163 1339 1231; x_wconf 86' lang='lat' dir='ltr'><strong>Nicoluo</strong></span> <span class='ocrx_word' id='word_1_55' title='bbox 1365 1163 1523 1245; x_wconf 86' lang='lat' dir='ltr'><strong>cononice,</strong></span> <span class='ocrx_word' id='word_1_56' title='bbox 1546 1164 1660 1231; x_wconf 86' lang='lat' dir='ltr'><strong>comite</strong></span> <span class='ocrx_word' id='word_1_57' title='bbox 1681 1163 1845 1230; x_wconf 88' lang='lat' dir='ltr'><strong>Berriamiu</strong></span> <span class='ocrx_word' id='word_1_58' title='bbox 1868 1163 2039 1230; x_wconf 79' lang='lat' dir='ltr'><strong>castellano</strong></span> <span class='ocrx_word' id='word_1_59' title='bbox 2061 1163 2093 1229; x_wconf 90' lang='lat' dir='ltr'><strong>in</strong></span> 
     </span>
     <span class='ocr_line' id='line_1_8' title="bbox 544 1263 2093 1351; baseline -0.001 -17"><span class='ocrx_word' id='word_1_60' title='bbox 544 1263 737 1336; x_wconf 69' lang='lat' dir='ltr'><strong>maurinos</strong></span> <span class='ocrx_word' id='word_1_61' title='bbox 764 1272 798 1335; x_wconf 85' lang='lat' dir='ltr'><strong>et</strong></span> <span class='ocrx_word' id='word_1_62' title='bbox 817 1264 969 1333; x_wconf 85' lang='lat' dir='ltr'><strong>frutribus</strong></span> <span class='ocrx_word' id='word_1_63' title='bbox 993 1266 1073 1335; x_wconf 90' lang='lat' dir='ltr'><strong>suis:</strong></span> <span class='ocrx_word' id='word_1_64' title='bbox 1104 1269 1230 1334; x_wconf 81' lang='lat' dir='ltr'><strong>Andreu</strong></span> <span class='ocrx_word' id='word_1_65' title='bbox 1251 1265 1353 1334; x_wconf 88' lang='lat' dir='ltr'><strong>iudice</strong></span> <span class='ocrx_word' id='word_1_66' title='bbox 1372 1272 1480 1334; x_wconf 87' lang='lat' dir='ltr'><strong>nostro</strong></span> <span class='ocrx_word' id='word_1_67' title='bbox 1502 1273 1536 1334; x_wconf 89' lang='lat' dir='ltr'><strong>ot</strong></span> <span class='ocrx_word' id='word_1_68' title='bbox 1556 1265 1741 1345; x_wconf 78' lang='lat' dir='ltr'><strong>Vincenti03</strong></span> <span class='ocrx_word' id='word_1_69' title='bbox 1765 1264 1904 1333; x_wconf 89' lang='lat' dir='ltr'><strong>Iohanne</strong></span> <span class='ocrx_word' id='word_1_70' title='bbox 1924 1267 2093 1351; x_wconf 82' lang='lat' dir='ltr'><strong>preposito,</strong></span> 
     </span>
     <span class='ocr_line' id='line_1_9' title="bbox 545 1366 2094 1455; baseline -0.001 -18"><span class='ocrx_word' id='word_1_71' title='bbox 545 1366 706 1455; x_wconf 81' lang='lat' dir='ltr'><strong>Llpbsrdo</strong></span> <span class='ocrx_word' id='word_1_72' title='bbox 727 1368 957 1451; x_wconf 71' lang='lat' dir='ltr'><strong>archidiacono,</strong></span> <span class='ocrx_word' id='word_1_73' title='bbox 976 1369 1108 1438; x_wconf 78' lang='lat' dir='ltr'><strong>siberto</strong></span> <span class='ocrx_word' id='word_1_74' title='bbox 1130 1378 1259 1439; x_wconf 86' lang='lat' dir='ltr'><strong>eunmre</strong></span> <span class='ocrx_word' id='word_1_75' title='bbox 1281 1369 1411 1438; x_wconf 88' lang='lat' dir='ltr'><strong>ecclesie</strong></span> <span class='ocrx_word' id='word_1_76' title='bbox 1433 1368 1660 1452; x_wconf 67' lang='lat' dir='ltr'><strong>Cnslioieusis</strong></span> <span class='ocrx_word' id='word_1_77' title='bbox 1688 1373 1722 1436; x_wconf 88' lang='lat' dir='ltr'><strong>et</strong></span> <span class='ocrx_word' id='word_1_78' title='bbox 1743 1368 1814 1436; x_wconf 88' lang='lat' dir='ltr'><strong>aliis</strong></span> <span class='ocrx_word' id='word_1_79' title='bbox 1835 1387 1930 1452; x_wconf 87' lang='lat' dir='ltr'><strong>quam</strong></span> <span class='ocrx_word' id='word_1_80' title='bbox 1952 1368 2094 1455; x_wconf 88' lang='lat' dir='ltr'><strong>pluribus</strong></span> 
     </span>
    </p>
   </div>
   <div class='ocr_carea' id='block_1_2' title="bbox 545 1470 740 1559">
    <p class='ocr_par' dir='ltr' id='par_1_2' title="bbox 545 1470 740 1559">
     <span class='ocr_line' id='line_1_10' title="bbox 545 1470 740 1559; baseline -0.005 -18"><span class='ocrx_word' id='word_1_81' title='bbox 545 1470 607 1541; x_wconf 82' lang='lat' dir='ltr'><strong>bne</strong></span> <span class='ocrx_word' id='word_1_82' title='bbox 627 1471 740 1559; x_wconf 77' lang='lat' dir='ltr'><strong>dignis.</strong></span> 
     </span>
    </p>
   </div>
   <div class='ocr_carea' id='block_1_3' title="bbox 2322 782 2330 873">
    <p class='ocr_par' dir='ltr' id='par_1_3' title="bbox 2322 782 2330 873">
     <span class='ocr_line' id='line_1_11' title="bbox 2322 782 2330 873; baseline 0 0"><span class='ocrx_word' id='word_1_83' title='bbox 2322 782 2330 873; x_wconf 81' lang='lat' dir='ltr'><strong>i</strong></span> 
     </span>
    </p>
   </div>
   <div class='ocr_carea' id='block_1_4' title="bbox 606 1660 1835 1768">
    <p class='ocr_par' dir='ltr' id='par_1_4' title="bbox 606 1660 1835 1768">
     <span class='ocr_line' id='line_1_12' title="bbox 606 1660 1835 1768; baseline -0.002 -21"><span class='ocrx_word' id='word_1_84' title='bbox 606 1660 609 1667; x_wconf 36' lang='lat'>¹</span> <span class='ocrx_word' id='word_1_85' title='bbox 651 1678 933 1764; x_wconf 67' lang='lat' dir='ltr'><strong>turonenensis,</strong></span> <span class='ocrx_word' id='word_1_86' title='bbox 955 1683 993 1746; x_wconf 80' lang='lat' dir='ltr'><strong>de</strong></span> <span class='ocrx_word' id='word_1_87' title='bbox 1020 1681 1213 1749; x_wconf 63' lang='lat' dir='ltr'><strong>marck.</strong></span> <span class='ocrx_word' id='word_1_88' title='bbox 1256 1679 1459 1765; x_wconf 74' lang='lat' dir='ltr'><strong>modrimem,</strong></span> <span class='ocrx_word' id='word_1_89' title='bbox 1485 1683 1702 1768; x_wconf 67' lang='lat' dir='ltr'><strong>Mfdzyrzecz.</strong></span> <span class='ocrx_word' id='word_1_90' title='bbox 1833 1703 1835 1709; x_wconf 94' lang='lat'>·</span> 
     </span>
    </p>
   </div>
   <div class='ocr_carea' id='block_1_5' title="bbox 1113 1971 1530 2086">
    <p class='ocr_par' dir='ltr' id='par_1_5' title="bbox 1113 1971 1530 2086">
     <span class='ocr_line' id='line_1_13' title="bbox 1113 1971 1530 2086; baseline 0 -22"><span class='ocrx_word' id='word_1_91' title='bbox 1113 1980 1187 2066; x_wconf 87' lang='lat' dir='ltr'><strong>Nr.</strong></span> <span class='ocrx_word' id='word_1_92' title='bbox 1220 1977 1319 2066; x_wconf 86' lang='grc'><strong>610.</strong></span> <span class='ocrx_word' id='word_1_93' title='bbox 1369 1971 1530 2086; x_wconf 64' lang='lat'>(43912)</span> 
     </span>
    </p>
   </div>
   <div class='ocr_carea' id='block_1_6' title="bbox 578 2144 2091 2282">
    <p class='ocr_par' dir='ltr' id='par_1_6' title="bbox 578 2144 2091 2282">
     <span class='ocr_line' id='line_1_14' title="bbox 578 2144 2091 2282; baseline 0.003 -21"><span class='ocrx_word' id='word_1_94' title='bbox 578 2144 581 2149; x_wconf 32' lang='lat'><em>¹</em></span> <span class='ocrx_word' id='word_1_95' title='bbox 648 2175 841 2262; x_wconf 75' lang='lat' dir='ltr'><strong>boleslaus</strong></span> <span class='ocrx_word' id='word_1_96' title='bbox 868 2177 945 2262; x_wconf 81' lang='lat' dir='ltr'><strong>dur</strong></span> <span class='ocrx_word' id='word_1_97' title='bbox 971 2178 1120 2265; x_wconf 88' lang='lat' dir='ltr'><strong>Polouls</strong></span> <span class='ocrx_word' id='word_1_98' title='bbox 1154 2178 1290 2262; x_wconf 77' lang='grc'><strong>1269</strong></span> <span class='ocrx_word' id='word_1_99' title='bbox 1324 2198 1354 2262; x_wconf 88' lang='lat' dir='ltr'><strong>s.</strong></span> <span class='ocrx_word' id='word_1_100' title='bbox 1382 2179 1416 2261; x_wconf 70' lang='lat' dir='ltr'><strong>t,</strong></span> <span class='ocrx_word' id='word_1_101' title='bbox 1443 2179 1480 2261; x_wconf 88' lang='lat' dir='ltr'><strong>st</strong></span> <span class='ocrx_word' id='word_1_102' title='bbox 1505 2176 1550 2279; x_wconf 82' lang='lat' dir='ltr'><strong>L3</strong></span> <span class='ocrx_word' id='word_1_103' title='bbox 1578 2196 1747 2280; x_wconf 79' lang='lat' dir='ltr'><strong>promittit,</strong></span> <span class='ocrx_word' id='word_1_104' title='bbox 1776 2213 1811 2264; x_wconf 81' lang='lat' dir='ltr'><strong>se</strong></span> <span class='ocrx_word' id='word_1_105' title='bbox 1840 2195 2013 2282; x_wconf 61' lang='lat' dir='ltr'><strong>nummis</strong></span> <span class='ocrx_word' id='word_1_106' title='bbox 2040 2216 2091 2265; x_wconf 81' lang='lat' dir='ltr'><strong>ec-</strong></span> 
     </span>
    </p>
   </div>
   <div class='ocr_carea' id='block_1_7' title="bbox 548 2296 2097 2591">
    <p class='ocr_par' dir='ltr' id='par_1_7' title="bbox 548 2296 2097 2591">
     <span class='ocr_line' id='line_1_15' title="bbox 548 2296 2097 2382; baseline 0.001 -14"><span class='ocrx_word' id='word_1_107' title='bbox 548 2298 651 2368; x_wconf 86' lang='lat' dir='ltr'><strong>clesiis</strong></span> <span class='ocrx_word' id='word_1_108' title='bbox 678 2296 719 2367; x_wconf 85' lang='lat' dir='ltr'><strong>de</strong></span> <span class='ocrx_word' id='word_1_109' title='bbox 739 2297 937 2368; x_wconf 79' lang='lat' dir='ltr'><strong>Wloclaselr</strong></span> <span class='ocrx_word' id='word_1_110' title='bbox 958 2305 992 2367; x_wconf 94' lang='lat' dir='ltr'><strong>et</strong></span> <span class='ocrx_word' id='word_1_111' title='bbox 1012 2299 1195 2369; x_wconf 78' lang='lat' dir='ltr'><strong>Kruszrriou</strong></span> <span class='ocrx_word' id='word_1_112' title='bbox 1212 2319 1233 2368; x_wconf 88' lang='lat' dir='ltr'><strong>a</strong></span> <span class='ocrx_word' id='word_1_113' title='bbox 1253 2298 1414 2367; x_wconf 86' lang='lat' dir='ltr'><strong>Kurimiro</strong></span> <span class='ocrx_word' id='word_1_114' title='bbox 1428 2305 1463 2367; x_wconf 85' lang='lat' dir='ltr'><strong>et</strong></span> <span class='ocrx_word' id='word_1_115' title='bbox 1476 2298 1683 2369; x_wconf 79' lang='lat' dir='ltr'><strong>zemomislao</strong></span> <span class='ocrx_word' id='word_1_116' title='bbox 1697 2298 1829 2369; x_wconf 88' lang='lat' dir='ltr'><strong>ducibus</strong></span> <span class='ocrx_word' id='word_1_117' title='bbox 1843 2299 1994 2369; x_wconf 82' lang='lat' dir='ltr'><strong>Cuisriae</strong></span> <span class='ocrx_word' id='word_1_118' title='bbox 2011 2299 2097 2382; x_wconf 78' lang='lat' dir='ltr'><strong>dats,</strong></span> 
     </span>
     <span class='ocr_line' id='line_1_16' title="bbox 548 2401 1553 2591; baseline 0 -17"><span class='ocrx_word' id='word_1_119' title='bbox 548 2401 848 2574; x_wconf 43' lang='lat' dir='ltr'><strong>omnim.</strong></span> <span class='ocrx_word' id='word_1_120' title='bbox 892 2510 1011 2574; x_wconf 66' lang='lat' dir='ltr'><strong>neno.</strong></span> <span class='ocrx_word' id='word_1_121' title='bbox 1039 2510 1180 2591; x_wconf 61' lang='lat' dir='ltr'><strong>monn,</strong></span> <span class='ocrx_word' id='word_1_122' title='bbox 1203 2508 1267 2575; x_wconf 82' lang='lat' dir='ltr'><strong>ro.</strong></span> <span class='ocrx_word' id='word_1_123' title='bbox 1284 2510 1425 2589; x_wconf 67' lang='lat' dir='ltr'><strong>pressea.</strong></span> <span class='ocrx_word' id='word_1_124' title='bbox 1445 2510 1500 2586; x_wconf 79' lang='lat' dir='ltr'><strong>soe</strong></span> <span class='ocrx_word' id='word_1_125' title='bbox 1522 2510 1553 2575; x_wconf 77' lang='grc'><strong>4.</strong></span> 
     </span>
    </p>
   </div>
   <div class='ocr_carea' id='block_1_8' title="bbox 546 1849 2333 5439">
    <p class='ocr_par' dir='ltr' id='par_1_8' title="bbox 546 1849 2333 5439">
     <span class='ocr_line' id='line_1_17' title="bbox 2304 1849 2315 1920; baseline 0 0"><span class='ocrx_word' id='word_1_126' title='bbox 2304 1849 2315 1920; x_wconf 84' lang='grc'><strong>1</strong></span> 
     </span>
     <span class='ocr_line' id='line_1_18' title="bbox 649 2709 2096 2798; baseline -0.001 -16"><span class='ocrx_word' id='word_1_127' title='bbox 649 2711 804 2783; x_wconf 79' lang='lat' dir='ltr'><strong>Norerlut</strong></span> <span class='ocrx_word' id='word_1_128' title='bbox 821 2712 959 2781; x_wconf 82' lang='lat' dir='ltr'><strong>universi</strong></span> <span class='ocrx_word' id='word_1_129' title='bbox 979 2717 1157 2797; x_wconf 80' lang='lat' dir='ltr'><strong>presentem</strong></span> <span class='ocrx_word' id='word_1_130' title='bbox 1177 2712 1325 2798; x_wconf 79' lang='lat' dir='ltr'><strong>paginam</strong></span> <span class='ocrx_word' id='word_1_131' title='bbox 1346 2713 1528 2798; x_wconf 77' lang='lat' dir='ltr'><strong>inspecturi.</strong></span> <span class='ocrx_word' id='word_1_132' title='bbox 1553 2710 1638 2798; x_wconf 83' lang='lat' dir='ltr'><strong>quod</strong></span> <span class='ocrx_word' id='word_1_133' title='bbox 1659 2731 1717 2781; x_wconf 87' lang='lat' dir='ltr'><strong>nos</strong></span> <span class='ocrx_word' id='word_1_134' title='bbox 1738 2709 1902 2781; x_wconf 78' lang='lat' dir='ltr'><strong>Boleslaus</strong></span> <span class='ocrx_word' id='word_1_135' title='bbox 1917 2711 1976 2780; x_wconf 88' lang='lat' dir='ltr'><strong>Dei</strong></span> <span class='ocrx_word' id='word_1_136' title='bbox 1988 2713 2096 2797; x_wconf 79' lang='lat' dir='ltr'><strong>gracia</strong></span> 
     </span>
     <span class='ocr_line' id='line_1_19' title="bbox 547 2815 2098 2902; baseline -0.002 -18"><span class='ocrx_word' id='word_1_137' title='bbox 547 2815 612 2885; x_wconf 83' lang='lat' dir='ltr'><strong>dux</strong></span> <span class='ocrx_word' id='word_1_138' title='bbox 632 2816 771 2901; x_wconf 83' lang='lat' dir='ltr'><strong>Polonie,</strong></span> <span class='ocrx_word' id='word_1_139' title='bbox 791 2817 832 2885; x_wconf 93' lang='lat' dir='ltr'><strong>ob</strong></span> <span class='ocrx_word' id='word_1_140' title='bbox 852 2835 991 2884; x_wconf 86' lang='lat' dir='ltr'><strong>amorem</strong></span> <span class='ocrx_word' id='word_1_141' title='bbox 1008 2816 1069 2885; x_wconf 87' lang='lat' dir='ltr'><strong>Dei</strong></span> <span class='ocrx_word' id='word_1_142' title='bbox 1087 2821 1122 2884; x_wconf 91' lang='lat' dir='ltr'><strong>et</strong></span> <span class='ocrx_word' id='word_1_143' title='bbox 1142 2816 1351 2885; x_wconf 77' lang='lat' dir='ltr'><strong>moeremium</strong></span> <span class='ocrx_word' id='word_1_144' title='bbox 1370 2815 1462 2884; x_wconf 84' lang='lat' dir='ltr'><strong>beute</strong></span> <span class='ocrx_word' id='word_1_145' title='bbox 1482 2815 1585 2885; x_wconf 84' lang='lat' dir='ltr'><strong>Muris</strong></span> <span class='ocrx_word' id='word_1_146' title='bbox 1604 2816 1735 2902; x_wconf 72' lang='lat' dir='ltr'><strong>virginis</strong></span> <span class='ocrx_word' id='word_1_147' title='bbox 1756 2822 1790 2883; x_wconf 85' lang='lat' dir='ltr'><strong>et</strong></span> <span class='ocrx_word' id='word_1_148' title='bbox 1816 2816 1967 2902; x_wconf 84' lang='lat' dir='ltr'><strong>inspeetis</strong></span> <span class='ocrx_word' id='word_1_149' title='bbox 1988 2817 2098 2884; x_wconf 89' lang='lat' dir='ltr'><strong>multis</strong></span> 
     </span>
     <span class='ocr_line' id='line_1_20' title="bbox 548 2918 2099 3006; baseline -0.001 -17"><span class='ocrx_word' id='word_1_150' title='bbox 548 2920 688 2989; x_wconf 84' lang='lat' dir='ltr'><strong>serviciis</strong></span> <span class='ocrx_word' id='word_1_151' title='bbox 708 2939 772 3006; x_wconf 85' lang='lat' dir='ltr'><strong>que</strong></span> <span class='ocrx_word' id='word_1_152' title='bbox 792 2919 883 2989; x_wconf 93' lang='lat' dir='ltr'><strong>nobis</strong></span> <span class='ocrx_word' id='word_1_153' title='bbox 901 2918 1087 2988; x_wconf 82' lang='lat' dir='ltr'><strong>venerabilis</strong></span> <span class='ocrx_word' id='word_1_154' title='bbox 1116 2924 1208 3004; x_wconf 83' lang='lat' dir='ltr'><strong>pater</strong></span> <span class='ocrx_word' id='word_1_155' title='bbox 1225 2918 1369 2987; x_wconf 88' lang='lat' dir='ltr'><strong>domiuus</strong></span> <span class='ocrx_word' id='word_1_156' title='bbox 1390 2918 1563 2987; x_wconf 85' lang='lat' dir='ltr'><strong>Volimirus</strong></span> <span class='ocrx_word' id='word_1_157' title='bbox 1584 2918 1842 2987; x_wconf 79' lang='lat' dir='ltr'><strong>Vlselislsviensis</strong></span> <span class='ocrx_word' id='word_1_158' title='bbox 1864 2918 2029 3005; x_wconf 84' lang='lat' dir='ltr'><strong>episcopus</strong></span> <span class='ocrx_word' id='word_1_159' title='bbox 2051 2938 2099 2987; x_wconf 89' lang='lat' dir='ltr'><strong>se·</strong></span> 
     </span>
     <span class='ocr_line' id='line_1_21' title="bbox 551 3021 2100 3110; baseline -0.001 -18"><span class='ocrx_word' id='word_1_160' title='bbox 551 3024 623 3110; x_wconf 80' lang='lat' dir='ltr'><strong>pius</strong></span> <span class='ocrx_word' id='word_1_161' title='bbox 641 3024 793 3106; x_wconf 80' lang='lat' dir='ltr'><strong>exhibuit,</strong></span> <span class='ocrx_word' id='word_1_162' title='bbox 816 3041 924 3091; x_wconf 84' lang='lat' dir='ltr'><strong>omues</strong></span> <span class='ocrx_word' id='word_1_163' title='bbox 945 3022 1109 3090; x_wconf 69' lang='lat' dir='ltr'><strong>libertates</strong></span> <span class='ocrx_word' id='word_1_164' title='bbox 1129 3028 1163 3088; x_wconf 91' lang='lat' dir='ltr'><strong>et</strong></span> <span class='ocrx_word' id='word_1_165' title='bbox 1184 3021 1357 3106; x_wconf 78' lang='lat' dir='ltr'><strong>privilegiu,</strong></span> <span class='ocrx_word' id='word_1_166' title='bbox 1379 3040 1442 3106; x_wconf 87' lang='lat' dir='ltr'><strong>que</strong></span> <span class='ocrx_word' id='word_1_167' title='bbox 1464 3021 1700 3089; x_wconf 74' lang='lat' dir='ltr'><strong>illustrissimus</strong></span> <span class='ocrx_word' id='word_1_168' title='bbox 1721 3022 1867 3109; x_wconf 84' lang='lat' dir='ltr'><strong>princeps</strong></span> <span class='ocrx_word' id='word_1_169' title='bbox 1889 3027 2024 3107; x_wconf 83' lang='lat' dir='ltr'><strong>patmus</strong></span> <span class='ocrx_word' id='word_1_170' title='bbox 2044 3042 2100 3090; x_wconf 91' lang='lat' dir='ltr'><strong>no·</strong></span> 
     </span>
     <span class='ocr_line' id='line_1_22' title="bbox 546 3124 2099 3209; baseline -0.001 -13"><span class='ocrx_word' id='word_1_171' title='bbox 546 3131 615 3196; x_wconf 78' lang='lat' dir='ltr'><strong>ster</strong></span> <span class='ocrx_word' id='word_1_172' title='bbox 633 3124 734 3195; x_wconf 78' lang='lat' dir='ltr'><strong>felicis</strong></span> <span class='ocrx_word' id='word_1_173' title='bbox 767 3126 994 3196; x_wconf 79' lang='lat' dir='ltr'><strong>recordacionis</strong></span> <span class='ocrx_word' id='word_1_174' title='bbox 1016 3125 1161 3193; x_wconf 82' lang='lat' dir='ltr'><strong>dominus</strong></span> <span class='ocrx_word' id='word_1_175' title='bbox 1181 3125 1245 3194; x_wconf 84' lang='lat' dir='ltr'><strong>dux</strong></span> <span class='ocrx_word' id='word_1_176' title='bbox 1266 3125 1457 3209; x_wconf 84' lang='lat' dir='ltr'><strong>Kazimirus,</strong></span> <span class='ocrx_word' id='word_1_177' title='bbox 1479 3130 1513 3194; x_wconf 92' lang='lat' dir='ltr'><strong>et</strong></span> <span class='ocrx_word' id='word_1_178' title='bbox 1533 3125 1617 3193; x_wconf 90' lang='lat' dir='ltr'><strong>filins</strong></span> <span class='ocrx_word' id='word_1_179' title='bbox 1640 3144 1716 3194; x_wconf 88' lang='lat' dir='ltr'><strong>suus</strong></span> <span class='ocrx_word' id='word_1_180' title='bbox 1737 3126 1882 3194; x_wconf 88' lang='lat' dir='ltr'><strong>dominus</strong></span> <span class='ocrx_word' id='word_1_181' title='bbox 1904 3128 1968 3195; x_wconf 84' lang='lat' dir='ltr'><strong>dux</strong></span> <span class='ocrx_word' id='word_1_182' title='bbox 1989 3127 2099 3195; x_wconf 88' lang='lat' dir='ltr'><strong>Zemo·</strong></span> 
     </span>
     <span class='ocr_line' id='line_1_23' title="bbox 547 3227 2100 3315; baseline -0.001 -16"><span class='ocrx_word' id='word_1_183' title='bbox 547 3229 678 3299; x_wconf 77' lang='lat' dir='ltr'><strong>miolano</strong></span> <span class='ocrx_word' id='word_1_184' title='bbox 703 3227 804 3299; x_wconf 83' lang='lat' dir='ltr'><strong>freter</strong></span> <span class='ocrx_word' id='word_1_185' title='bbox 829 3237 937 3313; x_wconf 90' lang='lat' dir='ltr'><strong>noster</strong></span> <span class='ocrx_word' id='word_1_186' title='bbox 965 3227 1206 3296; x_wconf 76' lang='lat' dir='ltr'><strong>vladislariensi</strong></span> <span class='ocrx_word' id='word_1_187' title='bbox 1236 3234 1270 3295; x_wconf 96' lang='lat' dir='ltr'><strong>et</strong></span> <span class='ocrx_word' id='word_1_188' title='bbox 1302 3227 1511 3297; x_wconf 78' lang='lat' dir='ltr'><strong>crusviciensi</strong></span> <span class='ocrx_word' id='word_1_189' title='bbox 1540 3229 1671 3297; x_wconf 87' lang='lat' dir='ltr'><strong>ecclesie</strong></span> <span class='ocrx_word' id='word_1_190' title='bbox 1696 3231 1908 3312; x_wconf 89' lang='lat' dir='ltr'><strong>contuleruut,</strong></span> <span class='ocrx_word' id='word_1_191' title='bbox 1940 3237 2036 3315; x_wconf 83' lang='lat' dir='ltr'><strong>prout</strong></span> <span class='ocrx_word' id='word_1_192' title='bbox 2067 3232 2100 3297; x_wconf 94' lang='lat' dir='ltr'><strong>in</strong></span> 
     </span>
     <span class='ocr_line' id='line_1_24' title="bbox 548 3331 2099 3418; baseline 0.001 -17"><span class='ocrx_word' id='word_1_193' title='bbox 548 3332 666 3402; x_wconf 78' lang='lat' dir='ltr'><strong>litteris</strong></span> <span class='ocrx_word' id='word_1_194' title='bbox 684 3351 780 3418; x_wconf 86' lang='lat' dir='ltr'><strong>super</strong></span> <span class='ocrx_word' id='word_1_195' title='bbox 800 3332 863 3400; x_wconf 85' lang='lat' dir='ltr'><strong>hiis</strong></span> <span class='ocrx_word' id='word_1_196' title='bbox 883 3331 1033 3401; x_wconf 83' lang='lat' dir='ltr'><strong>conlectis</strong></span> <span class='ocrx_word' id='word_1_197' title='bbox 1052 3333 1241 3414; x_wconf 79' lang='lat' dir='ltr'><strong>continetur,</strong></span> <span class='ocrx_word' id='word_1_198' title='bbox 1265 3332 1342 3400; x_wconf 87' lang='lat' dir='ltr'><strong>duta</strong></span> <span class='ocrx_word' id='word_1_199' title='bbox 1362 3331 1425 3401; x_wconf 86' lang='lat' dir='ltr'><strong>fide</strong></span> <span class='ocrx_word' id='word_1_200' title='bbox 1446 3332 1646 3417; x_wconf 85' lang='lat' dir='ltr'><strong>promisimus</strong></span> <span class='ocrx_word' id='word_1_201' title='bbox 1678 3333 1902 3402; x_wconf 74' lang='lat' dir='ltr'><strong>inviolabiliter</strong></span> <span class='ocrx_word' id='word_1_202' title='bbox 1923 3333 2099 3417; x_wconf 79' lang='lat' dir='ltr'><strong>observem,</strong></span> 
     </span>
     <span class='ocr_line' id='line_1_25' title="bbox 547 3425 2333 3529; baseline 0 -24"><span class='ocrx_word' id='word_1_203' title='bbox 547 3441 582 3505; x_wconf 91' lang='lat' dir='ltr'><strong>et</strong></span> <span class='ocrx_word' id='word_1_204' title='bbox 599 3436 640 3505; x_wconf 83' lang='lat' dir='ltr'><strong>sb</strong></span> <span class='ocrx_word' id='word_1_205' title='bbox 661 3435 805 3504; x_wconf 90' lang='lat' dir='ltr'><strong>omnibus</strong></span> <span class='ocrx_word' id='word_1_206' title='bbox 827 3435 945 3503; x_wconf 88' lang='lat' dir='ltr'><strong>nostris</strong></span> <span class='ocrx_word' id='word_1_207' title='bbox 975 3433 1205 3502; x_wconf 85' lang='lat' dir='ltr'><strong>successoribus</strong></span> <span class='ocrx_word' id='word_1_208' title='bbox 1229 3435 1262 3501; x_wconf 89' lang='lat' dir='ltr'><strong>in</strong></span> <span class='ocrx_word' id='word_1_209' title='bbox 1291 3441 1479 3520; x_wconf 84' lang='lat' dir='ltr'><strong>perpetuum</strong></span> <span class='ocrx_word' id='word_1_210' title='bbox 1501 3425 1698 3529; x_wconf 80' lang='lat' dir='ltr'><strong>decernimus</strong></span> <span class='ocrx_word' id='word_1_211' title='bbox 1725 3435 1895 3505; x_wconf 71' lang='lat' dir='ltr'><strong>obsessuri</strong></span> <span class='ocrx_word' id='word_1_212' title='bbox 1938 3437 2101 3505; x_wconf 86' lang='lat' dir='ltr'><strong>Prsdictas</strong></span> <span class='ocrx_word' id='word_1_213' title='bbox 2251 3512 2265 3517; x_wconf 8' lang='grc' dir='ltr'><strong>Ν,</strong></span> <span class='ocrx_word' id='word_1_214' title='bbox 2328 3510 2333 3514; x_wconf 67' lang='grc'><strong>,</strong></span> 
     </span>
     <span class='ocr_line' id='line_1_26' title="bbox 547 3537 2102 3636; baseline -0.001 -28"><span class='ocrx_word' id='word_1_215' title='bbox 547 3537 647 3626; x_wconf 72' lang='lat' dir='ltr'><strong>igitur</strong></span> <span class='ocrx_word' id='word_1_216' title='bbox 668 3539 832 3608; x_wconf 86' lang='lat' dir='ltr'><strong>libertates</strong></span> <span class='ocrx_word' id='word_1_217' title='bbox 853 3545 887 3606; x_wconf 91' lang='lat' dir='ltr'><strong>et</strong></span> <span class='ocrx_word' id='word_1_218' title='bbox 907 3537 1070 3624; x_wconf 77' lang='lat' dir='ltr'><strong>privilegia</strong></span> <span class='ocrx_word' id='word_1_219' title='bbox 1088 3537 1289 3636; x_wconf 74' lang='lat' dir='ltr'><strong>ratificamus,</strong></span> <span class='ocrx_word' id='word_1_220' title='bbox 1312 3537 1523 3623; x_wconf 81' lang='lat' dir='ltr'><strong>approbamus</strong></span> <span class='ocrx_word' id='word_1_221' title='bbox 1536 3545 1570 3606; x_wconf 85' lang='lat' dir='ltr'><strong>et</strong></span> <span class='ocrx_word' id='word_1_222' title='bbox 1585 3540 1782 3624; x_wconf 67' lang='lat' dir='ltr'><strong>umentibus</strong></span> <span class='ocrx_word' id='word_1_223' title='bbox 1797 3540 2029 3609; x_wconf 81' lang='lat' dir='ltr'><strong>confirmemus.</strong></span> <span class='ocrx_word' id='word_1_224' title='bbox 2055 3541 2102 3608; x_wconf 88' lang='lat' dir='ltr'><strong>Ut</strong></span> 
     </span>
     <span class='ocr_line' id='line_1_27' title="bbox 548 3641 2101 3730; baseline -0.002 -18"><span class='ocrx_word' id='word_1_225' title='bbox 548 3648 656 3712; x_wconf 83' lang='lat' dir='ltr'><strong>antem</strong></span> <span class='ocrx_word' id='word_1_226' title='bbox 676 3643 735 3713; x_wconf 88' lang='lat' dir='ltr'><strong>beo</strong></span> <span class='ocrx_word' id='word_1_227' title='bbox 754 3651 865 3713; x_wconf 89' lang='lat' dir='ltr'><strong>nostra</strong></span> <span class='ocrx_word' id='word_1_228' title='bbox 885 3643 1080 3712; x_wconf 90' lang='lat' dir='ltr'><strong>nonlirmatio</strong></span> <span class='ocrx_word' id='word_1_229' title='bbox 1101 3649 1289 3727; x_wconf 79' lang='lat' dir='ltr'><strong>perpetuum</strong></span> <span class='ocrx_word' id='word_1_230' title='bbox 1310 3642 1407 3711; x_wconf 90' lang='lat' dir='ltr'><strong>robur</strong></span> <span class='ocrx_word' id='word_1_231' title='bbox 1427 3641 1588 3710; x_wconf 87' lang='lat' dir='ltr'><strong>firmitatis</strong></span> <span class='ocrx_word' id='word_1_232' title='bbox 1609 3642 1761 3726; x_wconf 78' lang='lat' dir='ltr'><strong>obtinent,</strong></span> <span class='ocrx_word' id='word_1_233' title='bbox 1785 3643 1866 3712; x_wconf 85' lang='lat' dir='ltr'><strong>bsnc</strong></span> <span class='ocrx_word' id='word_1_234' title='bbox 1881 3644 2029 3730; x_wconf 80' lang='lat' dir='ltr'><strong>paginam</strong></span> <span class='ocrx_word' id='word_1_235' title='bbox 2044 3662 2101 3710; x_wconf 93' lang='lat' dir='ltr'><strong>no·</strong></span> 
     </span>
     <span class='ocr_line' id='line_1_28' title="bbox 548 3744 2100 3833; baseline -0.001 -17"><span class='ocrx_word' id='word_1_236' title='bbox 548 3746 608 3816; x_wconf 85' lang='lat' dir='ltr'><strong>sur·</strong></span> <span class='ocrx_word' id='word_1_237' title='bbox 628 3747 725 3833; x_wconf 78' lang='lat' dir='ltr'><strong>sigilli</strong></span> <span class='ocrx_word' id='word_1_238' title='bbox 746 3747 918 3816; x_wconf 89' lang='lat' dir='ltr'><strong>munimine</strong></span> <span class='ocrx_word' id='word_1_239' title='bbox 938 3745 1066 3814; x_wconf 86' lang='lat' dir='ltr'><strong>lecimus</strong></span> <span class='ocrx_word' id='word_1_240' title='bbox 1088 3744 1238 3814; x_wconf 79' lang='lat' dir='ltr'><strong>roborari</strong></span> <span class='ocrx_word' id='word_1_241' title='bbox 1282 3747 1375 3814; x_wconf 80' lang='lat' dir='ltr'><strong>Anno</strong></span> <span class='ocrx_word' id='word_1_242' title='bbox 1395 3745 1523 3814; x_wconf 88' lang='lat' dir='ltr'><strong>Domini</strong></span> <span class='ocrx_word' id='word_1_243' title='bbox 1548 3745 1716 3814; x_wconf 78' lang='lat' dir='ltr'><strong>mnlestmo</strong></span> <span class='ocrx_word' id='word_1_244' title='bbox 1737 3746 1951 3815; x_wconf 72' lang='lat' dir='ltr'><strong>ducentesimo</strong></span> <span class='ocrx_word' id='word_1_245' title='bbox 1971 3765 2100 3831; x_wconf 80' lang='lat' dir='ltr'><strong>sexage-</strong></span> 
     </span>
     <span class='ocr_line' id='line_1_29' title="bbox 548 3848 2050 4000; baseline -0.003 -80"><span class='ocrx_word' id='word_1_246' title='bbox 548 3848 629 3920; x_wconf 85' lang='lat' dir='ltr'><strong>simo</strong></span> <span class='ocrx_word' id='word_1_247' title='bbox 651 3869 744 3918; x_wconf 89' lang='lat' dir='ltr'><strong>nono.</strong></span> <span class='ocrx_word' id='word_1_248' title='bbox 780 3910 781 3913; x_wconf 71' lang='grc'>,</span> <span class='ocrx_word' id='word_1_249' title='bbox 1973 3925 1981 3953; x_wconf 43' lang='grc' dir='ltr'><em>Ι</em></span> <span class='ocrx_word' id='word_1_250' title='bbox 2030 3928 2050 4000; x_wconf 41' lang='lat' dir='ltr'>k</span> 
     </span>
     <span class='ocr_line' id='line_1_30' title="bbox 653 4054 1207 4139; baseline -0.005 -12"><span class='ocrx_word' id='word_1_251' title='bbox 653 4054 923 4139; x_wconf 76' lang='lat' dir='ltr'><strong>vludburiensis</strong></span> <span class='ocrx_word' id='word_1_252' title='bbox 946 4058 984 4121; x_wconf 78' lang='lat' dir='ltr'><strong>lle</strong></span> <span class='ocrx_word' id='word_1_253' title='bbox 1011 4057 1207 4124; x_wconf 64' lang='lat' dir='ltr'><strong>monumen.</strong></span> 
     </span>
     <span class='ocr_line' id='line_1_31' title="bbox 2283 4719 2300 5439; baseline 0 0"><span class='ocrx_word' id='word_1_254' title='bbox 2283 4719 2300 5439; x_wconf 60' lang='grc' dir='ltr'><strong><em>ἔ</em></strong></span> 
     </span>
    </p>
   </div>
   <div class='ocr_carea' id='block_1_9' title="bbox 655 4352 2102 4659">
    <p class='ocr_par' dir='ltr' id='par_1_9' title="bbox 655 4352 2102 4659">
     <span class='ocr_line' id='line_1_32' title="bbox 1116 4352 1535 4458; baseline 0 -18"><span class='ocrx_word' id='word_1_255' title='bbox 1116 4355 1190 4442; x_wconf 88' lang='lat' dir='ltr'><strong>Nr.</strong></span> <span class='ocrx_word' id='word_1_256' title='bbox 1224 4354 1323 4442; x_wconf 80' lang='lat'>611.</span> <span class='ocrx_word' id='word_1_257' title='bbox 1375 4352 1535 4458; x_wconf 55' lang='lat'>(443²)</span> 
     </span>
     <span class='ocr_line' id='line_1_33' title="bbox 655 4552 2102 4659; baseline -0.001 -22"><span class='ocrx_word' id='word_1_258' title='bbox 655 4554 813 4638; x_wconf 71' lang='lat' dir='ltr'><strong>Thomas</strong></span> <span class='ocrx_word' id='word_1_259' title='bbox 847 4552 1148 4637; x_wconf 82' lang='lat' dir='ltr'><strong>Wratislsrisus.</strong></span> <span class='ocrx_word' id='word_1_260' title='bbox 1183 4555 1528 4659; x_wconf 80' lang='lat' dir='ltr'><strong>opiscopus1271</strong></span> <span class='ocrx_word' id='word_1_261' title='bbox 1562 4555 1646 4638; x_wconf 86' lang='lat' dir='ltr'><strong>Iun</strong></span> <span class='ocrx_word' id='word_1_262' title='bbox 1681 4559 1768 4653; x_wconf 79' lang='lat'><strong>28,</strong></span> <span class='ocrx_word' id='word_1_263' title='bbox 1798 4557 1840 4638; x_wconf 92' lang='lat' dir='ltr'><strong>in</strong></span> <span class='ocrx_word' id='word_1_264' title='bbox 1872 4553 2102 4655; x_wconf 70' lang='lat' dir='ltr'><strong>wiennam</strong></span> 
     </span>
    </p>
   </div>
   <div class='ocr_carea' id='block_1_10' title="bbox 548 4675 2103 5167">
    <p class='ocr_par' dir='ltr' id='par_1_10' title="bbox 548 4675 2103 5054">
     <span class='ocr_line' id='line_1_34' title="bbox 548 4675 2103 4762; baseline -0.003 -16"><span class='ocrx_word' id='word_1_265' title='bbox 548 4676 659 4746; x_wconf 86' lang='lat' dir='ltr'><strong>scribit</strong></span> <span class='ocrx_word' id='word_1_266' title='bbox 680 4675 795 4745; x_wconf 90' lang='lat' dir='ltr'><strong>luoobo</strong></span> <span class='ocrx_word' id='word_1_267' title='bbox 822 4676 1055 4762; x_wconf 79' lang='lat' dir='ltr'><strong>archiepiscopo</strong></span> <span class='ocrx_word' id='word_1_268' title='bbox 1090 4676 1277 4757; x_wconf 84' lang='lat' dir='ltr'><strong>Grreznensi,</strong></span> <span class='ocrx_word' id='word_1_269' title='bbox 1309 4683 1345 4742; x_wconf 93' lang='lat' dir='ltr'><strong>ut</strong></span> <span class='ocrx_word' id='word_1_270' title='bbox 1374 4677 1526 4760; x_wconf 79' lang='lat' dir='ltr'><strong>quoselum</strong></span> <span class='ocrx_word' id='word_1_271' title='bbox 1556 4677 1683 4757; x_wconf 85' lang='lat' dir='ltr'><strong>milites,</strong></span> <span class='ocrx_word' id='word_1_272' title='bbox 1711 4677 1766 4760; x_wconf 87' lang='lat' dir='ltr'><strong>qui</strong></span> <span class='ocrx_word' id='word_1_273' title='bbox 1785 4696 1850 4744; x_wconf 92' lang='lat' dir='ltr'><strong>unu</strong></span> <span class='ocrx_word' id='word_1_274' title='bbox 1871 4695 1943 4743; x_wconf 89' lang='lat' dir='ltr'><strong>curn</strong></span> <span class='ocrx_word' id='word_1_275' title='bbox 1963 4676 2103 4743; x_wconf 80' lang='lat' dir='ltr'><strong>exercitu</strong></span> 
     </span>
     <span class='ocr_line' id='line_1_35' title="bbox 548 4777 2103 4863; baseline -0.004 -15"><span class='ocrx_word' id='word_1_276' title='bbox 548 4779 684 4848; x_wconf 89' lang='lat' dir='ltr'><strong>Bolesloi</strong></span> <span class='ocrx_word' id='word_1_277' title='bbox 704 4779 794 4846; x_wconf 84' lang='lat' dir='ltr'><strong>ducis</strong></span> <span class='ocrx_word' id='word_1_278' title='bbox 817 4778 988 4846; x_wconf 74' lang='lat' dir='ltr'><strong>Graeceius</strong></span> <span class='ocrx_word' id='word_1_279' title='bbox 1010 4778 1092 4846; x_wconf 81' lang='lat' dir='ltr'><strong>borno</strong></span> <span class='ocrx_word' id='word_1_280' title='bbox 1113 4778 1304 4863; x_wconf 78' lang='lat' dir='ltr'><strong>episcopalis</strong></span> <span class='ocrx_word' id='word_1_281' title='bbox 1325 4778 1364 4845; x_wconf 79' lang='lat' dir='ltr'><strong>ele</strong></span> <span class='ocrx_word' id='word_1_282' title='bbox 1387 4778 1544 4846; x_wconf 84' lang='lat' dir='ltr'><strong>Wroclaw</strong></span> <span class='ocrx_word' id='word_1_283' title='bbox 1566 4785 1600 4846; x_wconf 88' lang='lat' dir='ltr'><strong>et</strong></span> <span class='ocrx_word' id='word_1_284' title='bbox 1620 4778 1659 4844; x_wconf 80' lang='lat' dir='ltr'><strong>ele</strong></span> <span class='ocrx_word' id='word_1_285' title='bbox 1675 4777 1799 4845; x_wconf 83' lang='lat' dir='ltr'><strong>Lubusr</strong></span> <span class='ocrx_word' id='word_1_286' title='bbox 1814 4779 2015 4847; x_wconf 80' lang='lat' dir='ltr'><strong>ecclesiarum</strong></span> <span class='ocrx_word' id='word_1_287' title='bbox 2032 4798 2103 4862; x_wconf 81' lang='lat' dir='ltr'><strong>spo·</strong></span> 
     </span>
     <span class='ocr_line' id='line_1_36' title="bbox 548 4880 2101 4966; baseline -0.001 -16"><span class='ocrx_word' id='word_1_288' title='bbox 548 4881 712 4964; x_wconf 80' lang='lat' dir='ltr'><strong>bortnmt,</strong></span> <span class='ocrx_word' id='word_1_289' title='bbox 735 4888 871 4964; x_wconf 87' lang='lat' dir='ltr'><strong>monent,</strong></span> <span class='ocrx_word' id='word_1_290' title='bbox 894 4889 932 4948; x_wconf 90' lang='lat' dir='ltr'><strong>ut</strong></span> <span class='ocrx_word' id='word_1_291' title='bbox 953 4901 1010 4966; x_wconf 83' lang='lat' dir='ltr'><strong>pro</strong></span> <span class='ocrx_word' id='word_1_292' title='bbox 1031 4881 1155 4949; x_wconf 84' lang='lat' dir='ltr'><strong>durrrnis</strong></span> <span class='ocrx_word' id='word_1_293' title='bbox 1178 4882 1286 4964; x_wconf 85' lang='lat' dir='ltr'><strong>illotis,</strong></span> <span class='ocrx_word' id='word_1_294' title='bbox 1306 4880 1445 4948; x_wconf 75' lang='lat' dir='ltr'><strong>ccelesiis</strong></span> <span class='ocrx_word' id='word_1_295' title='bbox 1464 4881 1633 4965; x_wconf 75' lang='lat' dir='ltr'><strong>prusulictis</strong></span> <span class='ocrx_word' id='word_1_296' title='bbox 1654 4882 1695 4949; x_wconf 79' lang='lat' dir='ltr'><strong>orl</strong></span> <span class='ocrx_word' id='word_1_297' title='bbox 1716 4889 1837 4949; x_wconf 89' lang='lat' dir='ltr'><strong>certum</strong></span> <span class='ocrx_word' id='word_1_298' title='bbox 1859 4881 2029 4948; x_wconf 90' lang='lat' dir='ltr'><strong>terminum</strong></span> <span class='ocrx_word' id='word_1_299' title='bbox 2052 4902 2101 4948; x_wconf 85' lang='lat' dir='ltr'><strong>sn·</strong></span> 
     </span>
     <span class='ocr_line' id='line_1_37' title="bbox 549 4983 717 5054; baseline 0 -2"><span class='ocrx_word' id='word_1_300' title='bbox 549 4983 717 5054; x_wconf 66' lang='lat' dir='ltr'><strong>tbbcmnt</strong></span> 
     </span>
    </p>

    <p class='ocr_par' dir='ltr' id='par_1_11' title="bbox 653 5091 1232 5167">
     <span class='ocr_line' id='line_1_38' title="bbox 653 5091 1232 5167; baseline 0 -13"><span class='ocrx_word' id='word_1_301' title='bbox 653 5093 781 5166; x_wconf 72' lang='lat' dir='ltr'><strong>seneen,</strong></span> <span class='ocrx_word' id='word_1_302' title='bbox 806 5091 1108 5154; x_wconf 70' lang='lat' dir='ltr'><strong>neronem-breona.</strong></span> <span class='ocrx_word' id='word_1_303' title='bbox 1128 5106 1158 5167; x_wconf 68' lang='grc' dir='ltr'><strong>ρ.</strong></span> <span class='ocrx_word' id='word_1_304' title='bbox 1178 5091 1232 5154; x_wconf 80' lang='lat' dir='ltr'><strong>sr.</strong></span> 
     </span>
    </p>
   </div>
   <div class='ocr_carea' id='block_1_11' title="bbox 549 5293 2104 5586">
    <p class='ocr_par' dir='ltr' id='par_1_12' title="bbox 549 5293 2104 5586">
     <span class='ocr_line' id='line_1_39' title="bbox 652 5293 2102 5378; baseline -0.001 -16"><span class='ocrx_word' id='word_1_305' title='bbox 652 5294 834 5362; x_wconf 79' lang='lat' dir='ltr'><strong>Reverendo</strong></span> <span class='ocrx_word' id='word_1_306' title='bbox 859 5294 890 5360; x_wconf 91' lang='lat' dir='ltr'><strong>in</strong></span> <span class='ocrx_word' id='word_1_307' title='bbox 916 5293 1042 5360; x_wconf 79' lang='lat' dir='ltr'><strong>Christo</strong></span> <span class='ocrx_word' id='word_1_308' title='bbox 1070 5296 1152 5378; x_wconf 79' lang='lat' dir='ltr'><strong>pntn&#39;</strong></span> <span class='ocrx_word' id='word_1_309' title='bbox 1181 5315 1219 5362; x_wconf 89' lang='lat' dir='ltr'><strong>nc</strong></span> <span class='ocrx_word' id='word_1_310' title='bbox 1248 5295 1376 5363; x_wconf 79' lang='lat' dir='ltr'><strong>donnino</strong></span> <span class='ocrx_word' id='word_1_311' title='bbox 1405 5293 1430 5363; x_wconf 92' lang='lat' dir='ltr'><strong>l.</strong></span> <span class='ocrx_word' id='word_1_312' title='bbox 1453 5299 1561 5362; x_wconf 85' lang='lat' dir='ltr'><strong>sancte</strong></span> <span class='ocrx_word' id='word_1_313' title='bbox 1583 5294 1778 5363; x_wconf 84' lang='lat' dir='ltr'><strong>Gneanonsis</strong></span> <span class='ocrx_word' id='word_1_314' title='bbox 1798 5295 1928 5364; x_wconf 76' lang='lat' dir='ltr'><strong>ecclesio</strong></span> <span class='ocrx_word' id='word_1_315' title='bbox 1949 5294 2102 5378; x_wconf 80' lang='lat' dir='ltr'><strong>archiepi-</strong></span> 
     </span>
     <span class='ocr_line' id='line_1_40' title="bbox 549 5397 2101 5484; baseline 0 -20"><span class='ocrx_word' id='word_1_316' title='bbox 549 5412 653 5481; x_wconf 85' lang='lat' dir='ltr'><strong>scopo,</strong></span> <span class='ocrx_word' id='word_1_317' title='bbox 681 5398 817 5465; x_wconf 81' lang='lat' dir='ltr'><strong>&#39;l&#39;lronrrur</strong></span> <span class='ocrx_word' id='word_1_318' title='bbox 850 5398 906 5463; x_wconf 86' lang='lat' dir='ltr'><strong>llei</strong></span> <span class='ocrx_word' id='word_1_319' title='bbox 938 5399 1043 5477; x_wconf 61' lang='lat' dir='ltr'><strong>utereris</strong></span> <span class='ocrx_word' id='word_1_320' title='bbox 1072 5397 1339 5465; x_wconf 68' lang='lat' dir='ltr'><strong>wratislaviensis</strong></span> <span class='ocrx_word' id='word_1_321' title='bbox 1362 5398 1529 5483; x_wconf 79' lang='lat' dir='ltr'><strong>episeopus</strong></span> <span class='ocrx_word' id='word_1_322' title='bbox 1551 5406 1696 5482; x_wconf 70' lang='lat' dir='ltr'><strong>renuentum</strong></span> <span class='ocrx_word' id='word_1_323' title='bbox 1718 5400 1901 5484; x_wconf 70' lang='lat' dir='ltr'><strong>obsrrrninm</strong></span> <span class='ocrx_word' id='word_1_324' title='bbox 1925 5401 2101 5468; x_wconf 85' lang='lat' dir='ltr'><strong>cumomni</strong></span> 
     </span>
     <span class='ocr_line' id='line_1_41' title="bbox 549 5501 2104 5586; baseline -0.001 -18"><span class='ocrx_word' id='word_1_325' title='bbox 549 5502 726 5570; x_wconf 75' lang='lat' dir='ltr'><strong>revomens</strong></span> <span class='ocrx_word' id='word_1_326' title='bbox 751 5509 784 5567; x_wconf 85' lang='lat' dir='ltr'><strong>et</strong></span> <span class='ocrx_word' id='word_1_327' title='bbox 815 5502 941 5567; x_wconf 76' lang='lat' dir='ltr'><strong>luertione.</strong></span> <span class='ocrx_word' id='word_1_328' title='bbox 993 5501 1063 5567; x_wconf 89' lang='lat' dir='ltr'><strong>Non</strong></span> <span class='ocrx_word' id='word_1_329' title='bbox 1093 5503 1160 5568; x_wconf 86' lang='lat' dir='ltr'><strong>sine</strong></span> <span class='ocrx_word' id='word_1_330' title='bbox 1182 5502 1289 5568; x_wconf 77' lang='lat' dir='ltr'><strong>elolon·</strong></span> <span class='ocrx_word' id='word_1_331' title='bbox 1312 5502 1431 5583; x_wconf 65' lang='lat' dir='ltr'><strong>inserenti</strong></span> <span class='ocrx_word' id='word_1_332' title='bbox 1455 5509 1559 5568; x_wconf 78' lang='lat' dir='ltr'><strong>vestre</strong></span> <span class='ocrx_word' id='word_1_333' title='bbox 1582 5503 1766 5586; x_wconf 82' lang='lat' dir='ltr'><strong>1rotentitnti</strong></span> <span class='ocrx_word' id='word_1_334' title='bbox 1788 5502 1934 5569; x_wconf 75' lang='lat' dir='ltr'><strong>illusimus</strong></span> <span class='ocrx_word' id='word_1_335' title='bbox 1957 5502 2104 5569; x_wconf 82' lang='lat' dir='ltr'><strong>intimen-</strong></span> 
     </span>
    </p>
   </div>
   <div class='ocr_carea' id='block_1_12' title="bbox 0 0 2444 6180">
    <p class='ocr_par' dir='ltr' id='par_1_13' title="bbox 0 0 2444 6180">
     <span class='ocr_line' id='line_1_42' title="bbox 0 0 2444 6180; baseline 0 0"><span class='ocrx_word' id='word_1_336' title='bbox 0 0 2444 6180; x_wconf 95' lang='lat' dir='ltr'><strong> </strong></span> 
     </span>
    </p>
   </div>
  </div>
 </body>
</html>
