4860 6180
760 217 849 333 ees

633 535 641 548 ,
758 459 902 530 omnium·
920 463 1005 527 terre
1025 463 1133 530 uestra
1153 459 1306 528 baronum
1327 465 1514 529 morantes
1535 460 1736 530 donationem
1762 465 1943 529 nostrorum
1962 455 2228 543 predecessorum,
2248 459 2300 534 lie.

758 562 926 630 feditatem
945 581 1007 646 que
1035 562 1184 631 Chociule
1211 563 1383 648 vulgariter
1407 572 1608 651 nurieupatur
1636 565 1678 635 ad
1699 565 1887 633 instanciam
1908 558 2095 630 venerabilis
2117 559 2241 630 dominc
2261 568 2299 640 G.

758 668 867 733 nostre
892 663 1007 733 dilecto
1036 672 1204 734 matertere
1230 667 1314 735 dicte
1339 669 1372 736 in
1397 668 1529 737 Trebula
1559 668 1719 737 abbatisse
1744 667 1851 735 domui
1879 665 2070 733 contulimus
2093 663 2301 754 Trcbniscnsi,

758 767 870 835 mutas
895 767 997 835 eidem
1025 768 1107 836 inira
1134 771 1284 836 terminos
1312 770 1395 839 dicte
1425 773 1610 841 hereditatis
1638 771 1821 841 cumomni
1850 767 2049 837 iurisdiciona
2074 767 2247 850 plenariam
2268 790 2305 842 ae

758 878 943 956 perpetuam
967 872 1156 940 libertatem.
1201 872 1245 938 Et
1271 879 1309 939 ut
1333 881 1443 942 nostra
1471 877 1600 944 donatio
1628 873 1817 942 inviolabilis
1844 889 2048 956 perseverans
2068 868 2169 937 robur
2193 867 2305 942 lrabeat

758 979 909 1058 perpetue
928 974 1098 1054 inuitatis,
1120 973 1213 1056 sigilli
1236 977 1337 1043 nostri
1358 980 1527 1060 apcnsionc
1547 986 1581 1046 et
1602 979 1780 1045 litterarum
1801 974 2020 1043 instrumentis
2041 973 2144 1056 ipsam
2165 970 2304 1044 studiose

759 1076 936 1142 comminus
957 1075 1108 1141 reborari.
1153 1075 1256 1143 liuius
1284 1079 1331 1144 rei
1358 1085 1456 1148 testes
1481 1087 1570 1149 sunt:
1604 1081 1748 1149 dominus
1775 1077 1977 1163 Boguhrulus
2003 1075 2168 1160 episcopus
2188 1073 2305 1143 Pontia·

758 1177 886 1257 niensis,
908 1176 1054 1243 domium
1075 1176 1217 1243 Petricus
1239 1180 1426 1262 prepositus,
1445 1183 1590 1250 dominus
1610 1183 1768 1250 lohannes
1796 1180 1981 1247 scolasticus
2009 1177 2149 1247 eiusdem
2167 1176 2305 1263 ecclesie,

760 1296 864 1347 comes
884 1277 1086 1363 Bogrrlimlus
1108 1278 1298 1346 castellanus
1328 1280 1559 1364 Poznaniensis,
1589 1281 1784 1351 Hennericus
1804 1282 1996 1365 slhodsrius,
2017 1280 2216 1366 Drogouulus
2234 1279 2307 1349 sub

758 1381 939 1552 {ruffi}
952 1380 1044 1551 ἕξοι
1056 1387 1133 1551 aleta
1164 1389 1239 1450 suut
1262 1383 1295 1449 iu
1321 1384 1448 1453 Poznan
1475 1387 1510 1454 in
1538 1385 1619 1455 iuste
1646 1385 1733 1454 beati
1765 1384 1944 1469 Michaelis,
1975 1402 2059 1454 anno
2087 1382 2308 1491 incarnacione

875 1503 887 1551 ι
941 1534 949 1552 .
1007 1534 1015 1552 .
1045 1534 1054 1551 .
1087 1533 1096 1552 .

861 1687 1022 1774 cimmo,
1044 1711 1063 1755 ι
1083 1695 1248 1758 emera
1269 1696 1445 1763 rossem.
1480 1693 1623 1778 monn,
1649 1695 1823 1762 manaa.

1423 2009 1498 2098 Nr.
1529 2007 1630 2098 330.

862 2203 1055 2287 Boleslaus
1083 2203 1161 2287 dux
1185 2203 1312 2288 Peion
1347 2210 1484 2289 1255
1514 2208 1605 2290 lior.
1631 2213 1692 2303 11,
1721 2205 1764 2288 in
1788 2204 1977 2308 Rugosam
2019 2218 2141 2288 muers
2173 2216 2311 2286 nenne

759 2323 943 2409 Stroubyso,
965 2323 1051 2391 dicto
1072 2324 1112 2392 de
1133 2324 1265 2407 Klecko,
1286 2327 1462 2395 scoltetiam
1483 2328 1517 2394 in
1537 2327 1671 2409 Kleclro,
1690 2332 1725 2395 et
1743 2325 1815 2411 iura
1835 2325 1935 2410 ipsius
1954 2323 2076 2392 defluit

706 2496 712 2505 ,
863 2426 999 2492 Pomasi
1046 2429 1163 2507 umiae
1186 2430 1293 2493 Stante
1314 2432 1405 2496 Arclt
1441 2432 1636 2512 inscription
1657 2434 1856 2496 romeam
1877 2448 1908 2495 a.
1928 2429 2027 2505 1⁵23,
2046 2430 2100 2507 sot
2119 2427 2194 2490 573.

862 2628 901 2697 lu
922 2630 1049 2698 nomine
1069 2629 1197 2698 Domini
1216 2631 1275 2700 Dei
1297 2633 1398 2701 eterni
1417 2653 1520 2702 amam
1564 2634 1718 2717 Quoniam
1735 2633 1845 2719 sepius
1867 2653 1889 2701 s
1909 2631 2061 2699 memoria
2080 2629 2244 2698 homiuum
2262 2647 2311 2695 re·

759 2731 845 2801 eadit
864 2731 949 2818 quod
970 2733 1090 2818 scripto
1114 2738 1172 2800 aut
1197 2734 1279 2801 bono
1306 2735 1487 2804 testimonio
1508 2754 1571 2804 non
1593 2735 1810 2818 confirmatur,
1837 2735 2042 2821 quamobrem
2067 2750 2126 2801 uos
2147 2731 2312 2800 Boleslaus

759 2835 867 2904 didm
890 2835 1091 2904 institutione
1120 2835 1186 2903 dux
1211 2836 1342 2905 Polonie
1369 2845 1479 2906 notum
1505 2857 1575 2907 essa
1602 2840 1747 2907 volumus
1771 2838 1927 2905 universis
1956 2841 2136 2922 presentem
2165 2834 2313 2920 paginam

759 2936 958 3023 imposturis,
980 2937 1065 3024 quod
1085 2937 1126 3005 de
1145 2957 1299 3007 consensu
1319 2939 1472 3008 baronum
1499 2947 1681 3009 poemorum
1711 2941 1873 3009 civitatem
1902 2946 2045 3007 noemam
2073 2957 2135 3023 que
2156 2937 2313 3005 Kleczsiso

759 3040 933 3127 vulgariter
949 3047 1151 3126 nuncupatur
1176 3059 1247 3110 cum
1276 3050 1414 3128 quatuor
1434 3043 1582 3126 sortibus,
1611 3061 1746 3128 querum
1772 3060 1837 3110 una
1857 3049 1989 3110 vocatur
2008 3039 2166 3134 liraieuo,
2189 3040 2229 3109 de
2249 3059 2313 3125 qna

760 3149 847 3212 sorte
866 3148 994 3237 tenetur
1014 3144 1126 3212 melta
1151 3144 1272 3213 solvere
1296 3146 1337 3213 de
1364 3164 1460 3214 censu
1485 3152 1520 3214 et
1547 3165 1605 3232 pro
1632 3144 1755 3214 decima
1770 3162 1911 3214 marcam
1933 3143 2057 3229 argenti
2077 3141 2208 3211 oecissie
2228 3141 2314 3210 beati

760 3244 929 3315 laurencii
948 3245 1078 3314 (inane
1095 3245 1193 3328 dicte,
1215 3247 1254 3315 de
1275 3248 1347 3314 aliis
1368 3255 1474 3317 antem
1493 3247 1606 3332 tribus,
1627 3247 1775 3316 videlicet
1795 3248 1835 3317 da
1856 3246 2065 3332 Kobylnicse,
2084 3244 2125 3313 de
2146 3246 2315 3315 Slrotnicue

760 3348 855 3418 etde
875 3349 1097 3434 instrabnycze
1118 3350 1308 3419 contulimus
1328 3352 1460 3420 ecclesie
1479 3351 1567 3420 beati
1588 3351 1717 3436 Georgii
1737 3357 1877 3438 quatuor
1897 3367 2025 3419 mansos
2046 3349 2163 3417 liberos
2182 3365 2240 3434 pro
2260 3347 2313 3415 de·

761 3451 853 3534 dms,
875 3450 995 3537 absque
1015 3452 1102 3520 omni
1124 3452 1291 3520 emenone
1311 3472 1373 3539 qua
1388 3455 1428 3521 da
1442 3454 1632 3539 supradictis
1646 3455 1865 3538 pertinebatur
1878 3453 2028 3536 sortibus,
2050 3471 2122 3520 curn
2137 3449 2315 3520 omnimoda

760 3552 922 3622 libertate:
945 3553 1057 3621 etheo
1077 3554 1333 3624 omnialecimus
1354 3557 1513 3625 mediante
1534 3565 1643 3626 uostm
1664 3556 1961 3626 sculteto·Henrico
1980 3555 2155 3641 Stroubyso
2176 3553 2262 3622 dicto
2275 3553 2315 3620 de

761 3654 927 3739 lilecaslro,
949 3657 1000 3725 cui
1021 3663 1097 3724 tunc
1118 3659 1270 3743 temperis
1291 3655 1473 3728 sculteciam
1494 3667 1639 3729 noemam
1656 3661 1691 3726 iu
1709 3659 1839 3728 civitate
1851 3660 1940 3729 dicta
1952 3659 2109 3728 Klecsslro
2124 3657 2315 3727 contulimus

686 3808 688 3811 ψ
760 3757 998 3828 subtermeat
1019 3760 1197 3829 conditione
1218 3767 1252 3830 et
1273 3762 1342 3830 iure
1363 3763 1446 3831 Nori
1467 3764 1554 3847 Fosi,
1577 3782 1648 3831 cum
1667 3763 1847 3831 omnimoda
1867 3762 2016 3831 libertate
2035 3761 2098 3829 sibi
2119 3767 2154 3830 et
2174 3760 2241 3828 suis
2261 3777 2317 3844 po-
2405 3826 2407 3830 ,

761 3862 856 3930 eteris
876 3862 910 3929 iu
931 3862 1001 3930 iure
1021 3862 1214 3932 ineumnico
1235 3872 1388 3950 perpetuo
1408 3865 1637 3950 possidendam
1658 3864 1813 3934 Volumus
1827 3864 1937 3948 eciam,
1961 3866 2140 3952 quicunque
2152 3863 2315 3948 hospitum

763 3968 830 4033 tam
849 3963 1041 4033 Polonornm
1060 3984 1116 4033 seu
1137 3966 1401 4035 Theutouicorum
1421 3969 1472 4035 vel
1492 3969 1626 4036 Qum
1645 3974 1819 4051 terrarum,
1847 3969 2026 4053 quicunque
2047 3968 2110 4035 iam
2131 3967 2252 4034 dictam
2273 3965 2317 4033 ci·

761 4067 893 4136 mamm
914 4067 1037 4153 ingredi
1054 4068 1212 4136 soluerint
1239 4076 1273 4136 et
1300 4089 1335 4138 se
1363 4071 1481 4139 nostris
1506 4070 1654 4139 mnenon
1682 4089 1739 4155 per
1766 4076 1910 4138 nostram
1939 4070 2101 4139 Polouiam
2134 4068 2316 4137 constitutis

761 4172 1024 4257 presentarerint,
1053 4191 1074 4240 a
1104 4172 1250 4240 theloneo
1270 4180 1304 4241 et
1324 4176 1366 4242 ab
1387 4175 1472 4242 omui
1494 4175 1661 4244 exaccione
1681 4174 1841 4258 gaudeant
1861 4191 1997 4241 securos.
2042 4171 2221 4240 scultetum
2242 4189 2316 4238 vero

762 4275 921 4344 cuiusuis
942 4274 1063 4342 civibus
1084 4277 1124 4344 de
1144 4276 1301 4344 Kleczslro
1323 4276 1423 4362 dicto,
1450 4278 1629 4363 ubicunqne
1650 4277 1791 4344 locorum
1809 4295 1881 4344 cum
1903 4295 2012 4345 eorum
2033 4273 2245 4343 mercimoniis
2266 4291 2317 4340 re·

762 4377 882 4461 nerim,
908 4397 930 4445 s
958 4378 1104 4446 theloneo
1132 4386 1165 4447 et
1189 4380 1231 4448 ab
1258 4381 1343 4448 omni
1373 4383 1540 4450 exacciom
1569 4381 1702 4448 iadmus
1727 4380 1900 4464 expeditos.
1944 4379 2066 4446 Damus
2086 4377 2186 4445 eciam
2208 4381 2318 4444 nostro

762 4481 899 4549 sculteto
920 4479 1058 4549 Hearico
1080 4483 1166 4551 dicto
1186 4484 1226 4550 de
1255 4482 1412 4552 chczsko
1439 4491 1473 4551 et
1500 4485 1567 4552 suis
1593 4482 1729 4568 posteris
1756 4482 1927 4566 septimum
1952 4500 2096 4549 mausum
2121 4480 2257 4548 liberum
2277 4478 2319 4546 ab

762 4584 848 4652 omui
869 4584 996 4669 penitus
1017 4587 1193 4668 amotione,
1215 4605 1279 4672 qna
1300 4586 1448 4655 libertate
1469 4589 1538 4673 ipse
1558 4605 1629 4654 cum
1652 4585 1719 4653 suis
1742 4586 1880 4669 posteris
1904 4584 2050 4669 gaudeat,
2071 4590 2225 4669 perpetuo
2247 4600 2319 4666 pos·

761 4686 937 4754 ridendum.
980 4686 1030 4754 De
1056 4706 1152 4755 censu
1177 4707 1251 4755 vero
1277 4707 1459 4756 mansomum
1487 4691 1534 4757 sic
1562 4689 1760 4769 statuimus,
1777 4686 1862 4771 quod
1881 4687 1923 4754 de
1943 4686 2085 4772 quolibet
2106 4691 2221 4753 manso
2238 4683 2318 4752 nulii

762 4789 890 4874 penitus
911 4788 967 4856 sed
988 4788 1079 4856 nobis
1100 4789 1225 4857 solvant
1246 4791 1388 4859 sedecm
1406 4798 1512 4860 scotos
1532 4790 1656 4874 argenti
1686 4791 1719 4855 in
1740 4788 1792 4856 die
1812 4789 1944 4857 Martini
1962 4788 2137 4857 beatissimi
2159 4786 2320 4856 confesso·

762 4891 822 4973 ris3
844 4891 921 4959 item
943 4890 1033 4959 nobis
1051 4893 1085 4958 in
1107 4893 1216 4960 eodem
1237 4892 1318 4961 iesto
1340 4893 1426 4962 beuti
1448 4893 1582 4962 Martini
1604 4892 1644 4959 de
1662 4891 1803 4975 qualibet
1831 4892 1924 4959 domo
1947 4891 2037 4960 cadet
2056 4889 2178 4959 medius
2199 4895 2318 4969 scotus,

762 4993 803 5062 de
824 5012 888 5079 quo
909 4994 1063 5062 scultetus
1085 4997 1147 5063 iam
1171 4994 1255 5063 dicte
1279 4997 1417 5064 ciuitatis
1436 5017 1507 5065 curn
1529 4996 1596 5064 suis
1615 4995 1751 5081 posteris
1765 4996 1930 5062 denarium
1946 4997 2079 5064 tercium
2092 4993 2224 5078 recipiet
2235 4993 2321 5063 sicut

763 5095 866 5165 debet
898 5097 980 5164 Item
993 5097 1126 5165 macella
1140 5099 1323 5167 cantilicum
1345 5100 1480 5167 sculteto
1503 5099 1641 5166 ilenrico
1656 5097 1815 5182 sepedicto
1830 5104 1864 5165 et
1877 5100 1944 5164 suis
1959 5099 2094 5184 posteris
2107 5097 2148 5166 de
2162 5095 2319 5165 lileczslro

764 5199 954 5270 wutuiimus
973 5201 1042 5269 iure
1063 5201 1253 5270 hereditario
1275 5203 1475 5289 possidenda,
1499 5222 1561 5289 que
1582 5221 1641 5288 pro
1662 5219 1720 5269 suo
1742 5201 1861 5286 placito
1879 5221 1952 5270 cum
1973 5201 2040 5270 suis
2055 5201 2190 5305 posteris
2205 5199 2320 5267 vendat
