4860 6180
260 421 263 428 ’
354 431 356 434 ’
431 439 522 514 roo·

402 658 404 663 ¹
430 617 578 708 duximus
596 637 786 722 dirigeretur,
808 658 846 705 ac
866 643 899 706 te
917 636 957 705 do
977 635 1147 703 eorundem
1168 633 1302 701 fratrum
1325 638 1504 700 nostrerum
1526 631 1657 700 consilio
1677 636 1711 698 et
1730 629 1902 714 apostolice
1916 629 1982 716 pie·

432 741 577 811 nitudine
596 740 775 825 potestatis,
798 741 897 809 eidem
921 737 1099 807 Gueaueusi
1121 736 1250 804 reclusis
1272 737 1305 803 in
1319 734 1595 821 'menapis-capum
1618 735 1797 820 preficimus
1818 739 1850 801 et
1877 738 1984 818 pasto·

431 863 509 927 rerrr,
531 843 564 911 in
586 861 623 912 eo
644 843 699 927 qui
719 843 775 911 dat
795 844 932 929 gratiam
953 848 986 910 et
1006 840 1142 925 largitur
1171 840 1291 924 premia
1318 839 1519 921 annuentes,
1546 839 1631 923 quod
1660 839 1748 904 clieta
1775 838 1907 905 cacione
1927 856 1985 922 per

432 952 521 1016 tuam
541 944 701 1014 sollertem
719 946 907 1015 industriam
929 951 963 1014 et
984 943 1214 1028 providentiam
1238 943 1506 1026 circumspectam,
1535 940 1753 1025 spiritualibus
1775 945 1808 1008 et
1826 947 1985 1025 tempora·
2029 947 2031 952 “

433 1048 519 1117 libus
539 1047 684 1133 proficiet
705 1049 915 1117 incrementis.
943 1047 1096 1129 Quocirca
1113 1045 1293 1112 discretioni
1317 1051 1371 1112 tue
1393 1063 1450 1128 per
1467 1043 1641 1128 apostoliea
1655 1044 1774 1127 scripta
1787 1043 1984 1124 mandamus,

433 1155 590 1238 qmtenus
609 1151 651 1219 sd
671 1151 802 1219 eandem
823 1151 996 1234 emissum,
1018 1150 1058 1219 de
1077 1149 1250 1234 apostolice
1267 1146 1358 1214 Sulis
1377 1153 1410 1213 et
1430 1152 1539 1215 nostro
1560 1145 1668 1214 iecore
1683 1145 1828 1228 confisus,
1851 1164 1922 1213 cum
1936 1145 1984 1212 di-

433 1254 506 1322 vine
525 1254 630 1339 gratia
652 1252 876 1321 benedictionis
897 1253 1038 1334 accedas,
1061 1259 1094 1320 te
1115 1252 1148 1318 in
1171 1269 1248 1318 cura
1267 1249 1381 1333 ipsius,
1400 1249 1490 1316 cuius
1512 1248 1637 1333 plenam
1660 1249 1693 1314 in
1715 1247 1932 1332 spiritualibus
1953 1252 1987 1314 et

434 1355 660 1443 temporalibus
685 1355 990 1424 administrationem
1018 1356 1076 1423 tibi
1108 1352 1343 1432 committimus,
1377 1351 1474 1418 talem
1499 1350 1593 1418 eorde
1625 1351 1762 1418 sollicito
1795 1350 1986 1432 redditurus,

433 1459 517 1546 quod
538 1476 622 1542 gres
639 1462 692 1525 tae
714 1458 985 1543 circumspectioni
1006 1457 1154 1538 creditus,
1177 1455 1210 1521 in
1232 1461 1265 1522 te
1286 1453 1400 1521 salutis
1421 1453 1602 1520 ministrum
1623 1453 1778 1538 reperisse
1791 1452 1938 1538 madeat,
1953 1457 1987 1519 ct

433 1558 494 1629 tibi
511 1559 640 1628 taudem
660 1560 762 1628 eterni
784 1562 922 1644 pastoris
940 1560 1127 1644 bemgmtas
1149 1558 1319 1641 unicuique
1340 1573 1532 1640 responsura
1556 1574 1614 1640 pro
1642 1555 1776 1637 meritis,
1806 1562 1916 1624 eterne
1937 1573 1987 1623 re·

435 1660 558 1731 tribuat
575 1660 708 1746 gloriam
729 1661 895 1729 cbritads.
940 1662 1059 1730 Datum
1076 1660 1161 1746 apud
1183 1657 1303 1727 Urbem
1324 1665 1464 1728 veteram
1485 1657 1533 1725 111
1554 1657 1714 1727 Kalendas
1734 1659 1884 1744 Augusti,
1910 1677 1987 1743 pon·

435 1761 575 1832 tidcatus
596 1764 699 1832 nostri
719 1783 803 1832 anno
825 1764 931 1832 tertio.

540 1869 582 1933 irc
602 1885 629 1932 c.
650 1886 690 1933 ac.
712 1870 828 1934 &euro
849 1877 878 1935 et
905 1872 1040 1949 Ccpttuio
1066 1868 1251 1930 omnesne
1273 1869 1406 1940 enebris,
1428 1869 1509 1930 clero
1534 1866 1716 1930 mnemia
1731 1869 1861 1929 abbate
1881 1873 1910 1931 et
1923 1868 1988 1929 dio·

435 1974 522 2054 casir,
540 1974 657 2051 populo
676 1975 808 2037 minuis
827 1981 857 2038 at
880 1974 1005 2039 aiacem
1031 1972 1224 2047 ductam,
1246 1971 1619 2052 munacianensis
1641 1971 1766 2034 ecclesa
1797 1970 1988 2045 daem,

1116 2372 1191 2459 nr.
1223 2342 1331 2457 aas(

539 2567 727 2654 limbum
752 2568 817 2674 Pp.
842 2569 898 2652 IV
924 2571 1062 2651 1288
1087 2568 1186 2672 lug.
1212 2571 1289 2666 13,
1314 2567 1416 2672 apud
1432 2564 1569 2650 Urbem
1586 2568 1764 2669 coicum
1780 2584 1911 2652 most
1924 2585 1991 2668 epr-

436 2689 541 2776 scopis
560 2687 766 2776 suffraganeis
787 2689 936 2759 ccclesiae
956 2689 1162 2773 Gnerneusis
1187 2694 1226 2757 ut
1253 2687 1401 2757 Iacobum
1431 2688 1567 2757 eiectum
1583 2685 1812 2756 'Gnesnensem
1835 2685 1878 2757 ad
1905 2686 1990 2756 ordi·

437 2809 509 2862 nem
529 2792 768 2880 presbyteratus
789 2799 1002 2878 pmmovcmt.
1840 2788 1862 2840 Ι

545 2898 683 2980 nero,
704 2898 901 2967 Memnona
920 2898 1024 2962 nura.
1043 2899 1188 2962 Pobune
1211 2897 1333 2971 Lide.

413 3110 415 3115 ’
539 3100 699 3171 diutinus
720 3100 885 3187 episeopus
906 3108 1002 3183 (etc),
1022 3099 1253 3169 samnitibus
1270 3100 1424 3170 ramnus
1438 3099 1593 3169 uniuersis
1607 3099 1991 3186 suffraganeistinesuen·

439 3203 485 3274 sis
505 3204 636 3274 aedesio
656 3203 792 3273 salutem
810 3203 905 3290 (etc).
936 3203 1015 3271 cum
1037 3220 1095 3269 nos
1115 3221 1216 3288 nuper
1236 3203 1386 3273 dilectum
1397 3202 1498 3272 illium
1512 3202 1661 3273 Iacobum
1677 3204 1813 3272 eiectum
1827 3203 1992 3273 Gnezuen·

302 3391 304 3394 y
388 3315 392 3322 '
435 3324 513 3390 seur,
532 3307 567 3374 in
586 3305 770 3376 &mantus
791 3297 902 3375 ordine
923 3306 1139 3388 constitutum,
1160 3306 1201 3374 de
1222 3305 1357 3375 demum
1376 3314 1560 3376 >maurum
1585 3307 1715 3376 consilio
1737 3308 1915 3377 Gnmnensi
1940 3327 1991 3377 ee·

439 3407 535 3478 cissis
554 3407 742 3495 proiecimus
762 3411 796 3477 in
817 3408 1086 3494 arehiepiscopum
1107 3415 1142 3477 et
1162 3414 1333 3494 pastorem,
1357 3410 1499 3480 uolentes
1528 3409 1627 3496 ipsius
1652 3416 1687 3479 et
1714 3410 1844 3480 ecclesie
1869 3409 1992 3496 prefata

437 3527 567 3597 parem
587 3511 747 3581 laboribus
761 3518 795 3582 et
816 3511 970 3598 expensis,
991 3530 1072 3596 quos
1092 3513 1225 3582 eundem
1246 3514 1381 3582 electum
1401 3513 1509 3582 subire
1529 3518 1692 3598 oporteret
1705 3531 1764 3598 pro
1778 3511 1992 3599 superioribus

436 3612 645 3700 suscipiendis
666 3614 829 3683 ordinibus
849 3633 970 3682 mamm
993 3614 1078 3699 apud
1105 3613 1219 3683 Se'dem
1247 3615 1456 3700 apostolicam
1485 3615 1645 3684 indende:
1669 3614 1864 3684 fraternitati
1887 3621 1994 3684 vestm

335 3726 345 3739 '
437 3733 496 3802 per
514 3717 691 3802 apostolica
710 3717 831 3803 smpta
850 3717 1044 3799 mandamus,
1066 3725 1223 3802 quannus
1241 3735 1323 3785 unus
1344 3724 1486 3786 varmum
1506 3737 1601 3804 quem
1621 3717 1726 3785 dietus
1752 3717 1871 3785 eiectus
1897 3734 1993 3801 super

438 3815 499 3886 boc
518 3816 645 3886 duxerit
662 3818 897 3903 rennuendum,
915 3818 1017 3903 ipsum
1040 3820 1082 3888 ari
1103 3819 1332 3904 presbiteratus
1350 3821 1493 3889 ordinem
1515 3819 1646 3887 statutis
1667 3838 1689 3886 a
1708 3818 1778 3887 iure
1799 3817 1992 3904 temporibus

316 3948 321 3958 ·
439 3917 569 3990 studeat
588 3937 783 4007 promovere
827 3920 946 3989 Datum
963 3921 1049 4006 apud
1069 3920 1192 3991 Urbem
1213 3928 1351 3991 veterem
1371 3921 1480 3990 idibus
1501 3921 1647 4008 Augusti,
1669 3939 1753 3990 anno
1776 3922 1882 4024 tertio.

985 4227 988 4234 ’
1110 4221 1186 4307 Nr.
1219 4216 1319 4307 526.

544 4412 731 4499 Hortinos
757 4414 820 4520 Pp.
846 4414 903 4498 IV
929 4417 1070 4498 1283
1095 4417 1193 4521 ing.
1210 4421 1285 4516 13,
1311 4419 1412 4522 apud
1430 4374 1566 4499 Urbem
1590 4419 1770 4519 veterem
1787 4433 1917 4501 maana
1930 4433 1995 4502 sur·

439 4533 598 4622 bagensis
614 4535 809 4605 (inmensis
831 4535 991 4618 ecclcsiae,
1013 4542 1051 4604 ut
1072 4537 1186 4606 Iacobo
1209 4539 1310 4607 eiecto
1331 4539 1511 4607 Gneznensi
1532 4556 1647 4606 munus
1674 4538 1918 4606 consecrationis
1936 4538 1995 4606 im·

441 4637 687 4826 mbae,
712 4745 1030 4809 enumerator.
1053 4748 1196 4812 rassae
1217 4747 1246 4827 1,
1269 4746 1343 4810 roc.

544 4947 702 5016 Martinus
723 4947 888 5032 episcopus
910 4955 1008 5030 (eia),
1030 4948 1260 5017 venerabilibus
1278 4948 1432 5018 iratribus
1453 4948 1659 5032 suffraganeis
1679 4948 1809 5016 ecclesie
1830 4949 1995 5019 Gncanen·

292 5094 302 5115 .
439 5051 484 5119 sis
501 5050 640 5133 ⁴salutem
661 5058 757 5129 (elon.
802 5049 882 5116 Cum
911 5069 1011 5133 uuprer
1037 5049 1188 5118 dilectum
1217 5051 1316 5119 filiurn
1345 5052 1493 5121 iambum
1519 5052 1654 5119 eiectum
1682 5051 1898 5121 Unearrensem
1924 5062 1994 5131 (etc

438 5159 518 5220 riae
542 5160 575 5220 ia
596 5158 756 5234 diplorrrete
776 5157 974 5234 praecederet
995 5163 1120 5233 rapum)
1140 5162 1301 5240 oporteret
1320 5153 1462 5224 iaciendo
1485 5175 1604 5222 rrromm
1631 5156 1715 5239 apud
1735 5155 1848 5222 Solerrr
1868 5163 1995 5241 aposto·

439 5253 532 5322 licam
561 5275 619 5340 pro
647 5255 860 5340 surperioribus
892 5254 1097 5338 suscipiendis
1126 5257 1289 5324 eulinibns
1318 5265 1351 5324 et
1379 5258 1623 5326 consecrationis
1655 5277 1785 5324 munere
1814 5258 1994 5343 obtinendo,

442 5355 635 5426 iratermtuti
657 5366 760 5426 vestre
786 5378 843 5442 per·
871 5358 1045 5441 apostoliea
1072 5361 1191 5444 scriptu
1217 5360 1411 5445 scandamus,
1441 5369 1596 5446 querneus
1624 5380 1705 5427 unus
1736 5369 1874 5428 vestran
1901 5382 1995 5447 quern
