4860 6180
1807 455 1809 460 -
1825 403 1905 479 555

360 604 399 676 a
421 607 601 674 55551555
628 602 972 672 capessamus
1000 602 1166 671 51555555
1194 601 1383 672 cardinalem
1413 603 1460 672 eis
1489 605 1698 673 concessimus
1715 603 1901 674 auditorem

361 707 475 777 Coram
496 726 559 792 quo
580 706 762 791 aliquandiu
780 706 915 791 litigato,
937 725 994 773 uos
1015 705 1156 774 volentes
1176 706 1277 774 eidem
1293 706 1377 791 patri
1393 712 1449 774 tuo
1464 706 1532 774 sino
1546 708 1623 775 iuris
1638 708 1757 777 lesione
1770 706 1901 791 deterre,

365 811 468 897 Ipsum
489 829 585 897 por..
618 809 764 879 abbatem
785 810 824 878 dc
846 808 980 894 Stragov
1000 817 1033 905 et
1055 809 1190 895 colimus
1218 829 1292 878 snos
1314 812 1355 878 ad
1376 810 1532 878 55515155
1550 811 1669 880 absolvi
1688 811 1904 880 mandavimus

362 919 397 982 51
417 912 520 998 citari,
548 920 587 983 ut
615 933 721 983 coram
742 912 832 981 uobis
854 932 910 997 per
931 931 966 980 se
987 912 1035 979 vel
1056 919 1291 997 procuratorem
1312 913 1459 981 idoneum
1480 920 1566 981 certe
1588 916 1723 983 tenuinc
1743 934 1902 1001 compare·

360 1021 420 1100 ret,
442 1035 537 1104 super
562 1017 727 1104 principali
755 1015 896 1084 iacimus
916 1022 950 1082 et
975 1022 1159 1100 recepturus
1189 1017 1272 1100 quud
1293 1017 1419 1085 iusticia
1440 1017 1562 1084 suadet
1605 1016 1667 1086 Sed
1687 1018 1749 1102 ipsi
1769 1017 1903 1086 formum

361 1119 502 1189 mandati
527 1121 691 1207 apostolici
716 1139 780 1186 555
808 1123 978 1200 servantes,
999 1118 1074 1186 licet
1095 1119 1198 1203 ipsum
1220 1120 1310 1188 iuxta
1327 1118 1461 1188 155555
1481 1121 1528 1188 eis
1549 1119 1699 1188 traditam
1721 1120 1904 1190 citavissent

359 1228 446 1292 certo
470 1225 500 1293 ei
529 1225 662 1294 lemine
685 1223 855 1307 assignato,
887 1242 943 1307 per
963 1222 1061 1290 allum
1083 1229 1189 1291 15555
1208 1225 1311 1310 ipsum
1332 1224 1372 1291 de
1388 1223 1484 1308 15515,
1504 1244 1575 1294 cum
1595 1226 1635 1292 de
1656 1226 1726 1292 iure
1745 1244 1810 1293 uon
1831 1245 1904 1312 pos·

360 1334 441 1410 seut,
463 1326 582 1396 absolvi
609 1325 750 1394 lecerunt
778 1331 964 1412 perpetuam
985 1325 1025 1392 ad
1046 1326 1212 1394 55515155.
1256 1324 1336 1393 Cum
1357 1335 1465 1395 autem
1483 1328 1517 1394 iu
1538 1328 1656 1412 prefixo
1678 1329 1813 1397 termino
1833 1328 1904 1396 nul·

358 1429 408 1497 155
429 1449 487 1516 pro
511 1449 558 1514 eo,
586 1420 682 1499 51155
703 1435 776 1515 post
802 1427 969 1496 terminum
988 1435 1163 1512 expectato,
1186 1429 1248 1497 nisi
1268 1429 1435 1497 dumtaxat
1457 1430 1497 1497 ad
1518 1431 1751 1515 impetrandum
1772 1439 1807 1499 51
1828 1451 1903 1500 con·

359 1532 575 1625 tradIoeudum
603 1533 812 1620 comparuerit
840 1539 1034 1616 procurator,
1064 1531 1198 1599 dilectus
1227 1531 1311 1599 filius
1339 1538 1448 1600 noster
1478 1533 1508 1601 5
1538 1533 1626 1602 tituli
1660 1539 1771 1603 sancte
1802 1535 1904 1604 Maris

359 1635 592 1724 Traustyberim
613 1638 769 1723 presbiter
785 1635 963 1719 5551155115,
986 1654 1082 1721 super
1101 1636 1161 1704 hoc
1182 1656 1203 1705 a
1223 1636 1314 1703 nobis
1335 1635 1506 1723 deputatus
1520 1638 1656 1722 auditor,
1671 1638 1774 1722 ipsum
1789 1640 1904 1709 meritc

359 1749 510 1830 reputans
540 1751 768 1825 contumacem,
800 1741 933 1808 eundem
965 1741 998 1806 15
1031 1741 1174 1825 expensis
1206 1739 1371 1824 legitimis,
1405 1759 1485 1824 quas
1517 1741 1621 1809 dictus
1651 1741 1904 1828 archiepiscopus
1934 1819 1957 1828 ‚⁴

360 1868 382 1916 5
409 1853 550 1932 tempore
578 1846 738 1914 5115115515
766 1844 878 1913 emisse
903 1842 1031 1925 lecerat,
1061 1843 1309 1928 condempnavit
1353 1843 1492 1912 Tandem
1519 1863 1594 1912 vero
1620 1844 1749 1930 quidam
1770 1847 1825 1930 qui
1847 1866 1905 1931 pro
1983 1920 1984 1924 ,

361 1949 618 2037 procuratoribus
638 1968 673 2016 se
692 1949 844 2034 gerebant
863 1945 1047 2014 mundanum
1066 1945 1224 2014 sufficiens
1248 1947 1440 2031 exhibentes,
1462 1955 1590 2033 recepto
1608 1948 1650 2016 ab
1670 1948 1904 2035 archiepiscopo

361 2053 541 2140 supradicte
563 2052 678 2136 libello,
700 2058 767 2120 155
787 2071 883 2137 super
903 2048 1118 2117 exactionibus
1136 2056 1170 2117 51
1189 2050 1420 2136 gravaminibus
1442 2050 1621 2136 antedictis,
1643 2071 1739 2137 quam
1760 2052 1906 2136 dampnis

304 2236 306 2240 ,
359 2158 393 2226 15
413 2158 506 2240 vilhs,
528 2154 783 2242 possessionibus,
805 2152 982 2222 homiuibus
999 2171 1037 2219 ao
1057 2152 1151 2220 rebus
1172 2154 1243 2221 aliis
1264 2153 1325 2221 sibi
1345 2160 1380 2221 51
1399 2153 1578 2222 Gneaneusi
1599 2155 1730 2224 ecclesie
1744 2156 1903 2241 lrrogatis,

360 2279 417 2329 nec
443 2278 507 2328 uon
535 2266 569 2328 51
598 2259 743 2344 expensis
772 2257 864 2326 155115
889 2277 911 2325 5
935 2263 1076 2341 tempore
1099 2264 1186 2326 5515
1200 2258 1275 2340 11115,
1297 2275 1392 2342 super
1409 2259 1479 2343 ipso
1500 2276 1606 2327 coram
1626 2259 1735 2327 eode-
1753 2259 1906 2327 cardinali

359 2363 541 2451 eliqumdiu
568 2364 741 2431 adinvicem
768 2363 951 2448 litigarunt,
984 2361 1040 2429 sed
1065 2367 1236 2446 autequam
1260 2380 1369 2429 rumor
1393 2361 1434 2429 dc
1457 2361 1535 2429 dieti
1561 2363 1663 2449 pomis
1684 2364 1733 2430 tui
1754 2363 1844 2430 obitu
1864 2362 1906 2430 ad

359 2471 500 2536 5551555
519 2467 666 2535 55111155
687 2466 889 2552 pervenisset,
912 2464 952 2531 ad
973 2465 1041 2532 litis
1061 2469 1322 2532 contestationem
1342 2482 1406 2530 555
1426 2465 1533 2548 potuit
1552 2466 1718 2550 perveniri.
1761 2465 1810 2534 111
1830 2484 1905 2551 ergo

360 2570 497 2638 5155555
518 2571 618 2655 patris
639 2571 687 2637 tui
708 2587 852 2637 excessus
874 2567 1052 2635 huiusmodi
1074 2575 1140 2635 tam
1162 2567 1364 2635 detestabiles
1385 2587 1481 2652 quam
1495 2587 1637 2636 enormes
1658 2569 1827 2654 displicere
1845 2569 1905 2637 tibi

361 2692 489 2758 operum
500 2673 692 2742 5551515555
703 2675 906 2755 demonstres,
918 2671 1114 2739 nobilitatem
1126 2677 1380 2756 tuamrogamus,
1390 2689 1553 2738 monemus
1564 2678 1599 2739 51
1609 2672 1774 2741 hortamur
1782 2677 1907 2741 attente

359 2795 417 2863 per
435 2777 609 2863 apostoliea
629 2778 747 2862 scripta
768 2776 963 2859 mandantes,
985 2781 1141 2860 quatenus
1162 2775 1202 2842 de
1223 2775 1327 2859 gratIa
1348 2774 1381 2841 15
1401 2774 1538 2859 gratiam
1559 2781 1593 2843 et
1614 2775 1654 2842 de
1674 2776 1793 2843 virtute
1810 2773 1906 2859 profi·

298 2918 301 2935 =
360 2880 444 2948 51555
454 2879 488 2946 lu
504 2879 663 2960 51515155,
680 2879 720 2946 de
733 2879 832 2946 illatis
846 2878 964 2945 eisdem
977 2877 1212 2962 archiepiscopo
1225 2884 1259 2945 51
1273 2876 1403 2945 ecclesie
1415 2877 1560 2960 dampnis
1575 2884 1609 2945 51
1621 2877 1745 2945 iniuriis
1758 2878 1906 2963 lrrogatis

297 3010 307 3052 ;
360 2983 484 3069 plenam
494 2981 738 3051 satisfactionem
750 2980 941 3065 impendens,
952 2979 993 3048 ab
1003 2982 1144 3065 ipsorum
1154 2978 1406 3066 oppressionibus
1417 2986 1451 3047 et
1461 2980 1613 3047 molestiis
1623 2981 1749 3066 penitus
1760 2980 1906 3066 conquie-

360 3104 445 3168 scas3
455 3086 507 3154 ita
520 3085 605 3171 quod
616 3085 716 3154 eidem
730 3084 964 3168 archiepiscopo
977 3084 1066 3151 nulla
1080 3089 1192 3152 cauma
1205 3090 1238 3151 15
1251 3084 1335 3150 iuste
1349 3082 1475 3166 querele
1489 3083 1623 3150 materia
1643 3083 1850 3167 relinquatur,
1873 3090 1908 3153 51

359 3207 417 3258 555
437 3188 634 3258 5555115555
655 3193 744 3255 1555
764 3187 920 3271 possimus
941 3189 1055 3254 meritc
1075 3187 1301 3255 commendare.
1345 3186 1495 3270 Alioquin
1525 3205 1588 3253 nou
1610 3186 1766 3253 immerite
1787 3187 1907 3272 poteris

359 3290 535 3375 formidare,
561 3298 599 3359 nt
622 3293 685 3359 155
715 3291 833 3386 (115155
862 3296 985 3375 patrem
1008 3297 1107 3372 1555,
1127 3293 1183 3375 qui
1204 3291 1245 3358 51)
1264 3289 1442 3358 huiusmodi
1464 3289 1681 3373 oppressiones
1700 3288 1824 3357 sinodo
1845 3288 1908 3358 1511

359 3395 688 3463 excommunicationis
714 3394 874 3475 55515155,
906 3394 1069 3461 exhumari
1089 3395 1129 3462 de
1151 3395 1313 3463 cimeterio
1333 3391 1464 3461 ecclesie
1485 3390 1646 3475 15515555,
1666 3398 1701 3461 51
1721 3392 1907 3476 mutandas,

359 3517 439 3583 quas
459 3497 711 3582 memepsccpus
729 3503 920 3564 memoratus
942 3502 976 3564 51
995 3497 1185 3582 suffraganei
1207 3498 1257 3564 sui
1279 3497 1319 3564 51)
1340 3495 1551 3563 defensionem
1574 3495 1690 3562 iuriam
1704 3493 1907 3562 5551551555

362 3619 491 3669 marum
518 3607 552 3669 51
579 3600 788 3669 ecclesiastice
808 3598 966 3667 libertatis
988 3600 1021 3666 iu
1043 3606 1075 3667 te
1094 3619 1131 3667 55
1154 3606 1272 3668 15555
1294 3605 1381 3666 1555
1403 3598 1465 3664 rite
1486 3594 1634 3665 duxerint
1654 3597 1907 3683 promulgandas,

359 3702 582 3771 invlclabiliter
610 3702 779 3784 observari,
809 3703 889 3770 alius
908 3708 1018 3770 contra
1039 3708 1072 3770 15
1093 3703 1302 3788 spiritualiter
1323 3709 1356 3770 et
1377 3701 1595 3786 temporaliter
1612 3703 1702 3770 iuxta
1721 3702 1907 3771 meritorum

360 3806 549 3892 exigentiam
579 3803 799 3874 nichilominus
832 3806 1018 3891 processuri.
1066 3805 1185 3872 Datum
1217 3805 1367 3905 Laterani
1399 3803 1480 3873 VIII
1510 3804 1670 3874 Kalendas
1699 3804 1793 3891 lunii,
1822 3825 1906 3876 anuo

361 3908 554 3979 duodecimo.

925 4104 999 4191 Nr.
1032 4100 1132 4191 595.
1179 4100 1339 4209 (2202)

432 4306 435 4312 ’
462 4303 696 4388 1151151555
722 4304 802 4387 dux.
826 4303 975 4386 Polonie
1002 4303 1139 4385 1239
1166 4323 1195 4384 s
1222 4303 1256 4385 5.
1283 4303 1320 4384 51
1344 4301 1389 4404 1.;
1421 4324 1595 4388 ammaus
1626 4318 1716 4388 villos
1744 4339 1819 4387 suas
1846 4319 1909 4390 55

359 4425 477 4494 anieno
497 4430 531 4493 et
552 4423 732 4509 Pieruyslxa,
755 4442 826 4492 cum
847 4424 923 4490 villa
943 4423 1080 4490 fillorum
1102 4422 1225 4490 Nicolai
1248 4422 1406 4506 quondam
1430 4422 1579 4506 eustchs,
1600 4422 1688 4491 dieta
1709 4423 1835 4492 Welua

464 4527 604 4610 Pergam.
627 4532 762 4608 555555,
784 4527 950 4607 51155555
971 4531 1098 4592 stouras·
1118 4549 1136 4591 z
1158 4531 1220 4591 aiei
1234 4528 1435 4606 J'cdsoubupcb
1449 4545 1595 4593 5555555.
1617 4530 1659 4591 od
1670 4531 1909 4609 przpsoimeaia

361 4636 464 4699 meet
475 4637 611 4719 paczpcr·
628 4636 796 4713 pozostoly.

469 4738 611 4803 waso.
654 4738 773 4800 Archiv.
800 4737 931 4815 Capituli
950 4737 1109 4815 Metropol.
1133 4736 1188 4800 Nr.
1211 4735 1263 4798 15.

465 4938 502 5006 15
523 4941 648 5008 nomine
669 4940 795 5007 Domini
817 4958 918 5006 umen.
964 4938 1030 5019 Quo
1052 4945 1190 5023 aguntur
1211 4939 1244 5006 in
1266 4944 1416 5023 tempore,
1445 4938 1538 5006 simul
1560 4938 1711 5007 labuntur
1736 4959 1807 5009 oum
1830 4947 1909 5010 tarn·

359 5061 453 5132 pore:
481 5041 550 5110 sola
569 5051 675 5111 55155)
704 5043 830 5127 negotia
855 5044 980 5127 signata
1005 5041 1122 5109 litteris
1146 5042 1256 5109 vivunt
1277 5049 1349 5109 eta
1370 5061 1426 5108 sue
1452 5042 1611 5109 firmitatis
1637 5044 1819 5112 constancia
1845 5063 1909 5114 non

359 5145 580 5231 5555111515).
624 5146 707 5214 llinc
728 5153 777 5213 est
798 5146 892 5227 eninr,
915 5146 998 5229 quod
1020 5165 1078 5228 ego
1102 5145 1296 5213 Wlocliulaus
1318 5146 1375 5213 Dei
1391 5147 1497 5230 gaucia
1510 5145 1574 5212 dux
1588 5144 1726 5230 l‘olouic,
1747 5149 1908 5233 quondam

359 5249 452 5318 ducis
472 5247 590 5315 Odorris
611 5247 706 5329 tilius,
728 5254 837 5315 notum
861 5248 941 5316 15515
963 5248 1117 5315 universis
1136 5246 1256 5315 Christi
1278 5250 1421 5316 livlulibus
1445 5255 1509 5317 tam
1529 5247 1726 5333 praesentibus
1747 5270 1840 5335 quarn
1860 5253 1908 5320 lu·

373 5350 451 5434 uris,
470 5352 553 5437 quod
575 5351 614 5419 de
635 5371 790 5419 55555555
812 5354 918 5421 uxoris
937 5372 1005 5419 555
1027 5351 1199 5435 llaclevigis
1222 5352 1353 5420 illustris
1375 5353 1497 5420 ‹lucsse
1519 5351 1656 5436 I‘oloniu,
1678 5372 1737 5420 555
1752 5355 1908 5424 55511115·

1699 5472 1751 5531 7⁰⁸
