4476 6180
1544 309 1621 384 433

79 537 138 606 per
154 536 228 584 suus
248 518 425 602 superiores
445 516 674 602 compellantur
695 514 821 582 reicere
842 534 934 582 omno
955 515 1101 582 danrnum
1123 513 1207 597 qnod
1230 512 1421 580 nrunasteria
1441 519 1475 580 et
1491 511 1642 579 ecclesie.

81 642 120 690 er
141 620 337 688 tideinssione
358 620 407 687 rel
429 621 618 703 obligetione
640 617 817 686 huiusmodi
836 618 1049 686 incurrissent.
1094 615 1270 683 statuimus
1291 622 1325 682 et
1346 622 1502 683 statuturo
1523 615 1621 682 etiam

80 723 284 804 doelnramns,
305 723 388 807 qnod
410 724 609 790 eeclesiarum
632 729 769 789 ueteris
790 721 829 789 de
850 721 940 788 honis
961 721 1128 788 mobilibus
1153 720 1202 787 rol
1225 719 1345 786 iuribus
1370 740 1427 788 sen
1454 720 1544 787 libris
1564 723 1623 786 aut

80 828 271 897 curamentis
292 827 332 893 ud
354 827 500 894 ecclosias
522 828 606 911 ipsas
626 825 851 911 squalentibus,
873 826 968 892 nichil
990 826 1075 906 dare,
1099 824 1276 905 maculare,
1298 824 1347 891 rel
1367 825 1485 892 ‹lonare
1499 823 1623 908 possint

81 935 113 1000 in
135 931 215 1011 vita;
237 949 295 996 nec
316 929 355 996 de
377 931 453 1014 ipsis
475 950 531 997 seu
553 930 624 997 aliis
646 929 812 996 mobilibus
830 928 881 994 'vel
903 928 1113 994 immobilibus
1134 934 1191 994 ant
1209 945 1244 994 se
1258 927 1464 1008 moventibus,
1485 926 1622 1010 acquisi-

80 1037 122 1104 tis
143 1033 405 1117 mntcmplutione
427 1035 627 1102 eeclesiarum
650 1036 799 1117 ipsarum,
822 1031 943 1116 possint
964 1031 1097 1099 condere
1119 1037 1353 1112 testaurcutum,
1372 1030 1433 1097 nisi
1448 1029 1620 1097 irensibus

80 1137 187 1206 aiore
206 1137 378 1220 permissis:
404 1138 487 1220 qnod
514 1138 541 1204 si
571 1144 682 1204 contra
709 1136 826 1202 iactum
852 1134 958 1214 fuerit,
985 1133 1063 1199 illud
1092 1134 1288 1202 decemimus
1312 1134 1436 1200 uritnnr
1463 1137 1498 1200 et
1517 1132 1622 1200 inane.

80 1239 289 1323 Pracipieutes
319 1239 471 1320 districte,
498 1240 583 1324 qnod
608 1256 801 1305 successores
826 1255 934 1303 eorum
958 1237 1013 1321 qni
1042 1238 1075 1302 iu
1104 1237 1220 1303 talibus
1250 1237 1450 1316 excesserint,
1480 1235 1624 1319 predicta

80 1344 161 1411 bona
181 1361 252 1410 eum
273 1342 463 1409 conmutato
481 1343 716 1410 ‹liomsauorrrm
737 1344 771 1406 et
790 1341 886 1406 ctiam
907 1339 1045 1405 iudicum
1068 1339 1266 1422 secularium,
1294 1341 1322 1407 si
1349 1339 1445 1406 merit
1471 1344 1622 1423 opportu-

79 1464 163 1528 num,
185 1445 226 1513 nd
247 1447 297 1511 ins
318 1450 353 1512 et
373 1446 597 1529 proprietatem
620 1444 760 1528 ipsumm
781 1443 982 1509 ecclesiarum
1003 1441 1173 1509 ehicaeiter
1192 1444 1342 1511 studeant
1367 1461 1524 1522 revocure,
1546 1440 1622 1526 ipsi·

79 1567 140 1634 que
158 1547 272 1631 prelati
291 1566 325 1614 se
344 1545 529 1614 favorabiles
551 1553 584 1614 et
605 1553 767 1631 promptos
788 1545 865 1628 ipsis
887 1544 1062 1612 rectoribus
1090 1545 1259 1613 exhibeant
1287 1548 1320 1613 in
1347 1545 1509 1631 predictis:
1540 1549 1574 1611 et
1594 1544 1622 1611 si

79 1652 133 1737 qni
154 1651 193 1717 de
213 1651 306 1717 dictis
330 1650 502 1717 rectoribus
521 1650 555 1716 in
573 1651 769 1716 revocatione
790 1647 965 1714 huiusmodi
988 1648 1107 1715 fuerint
1127 1650 1329 1733 negligentes,
1351 1648 1490 1734 ipsosad
1511 1648 1544 1714 id
1566 1666 1623 1732 per

79 1756 259 1824 diocesanos
280 1754 437 1838 predictos
461 1754 603 1838 compelli
630 1753 772 1819 volumus
798 1758 833 1818 et
861 1751 1054 1818 nicodemus.
1099 1751 1319 1819 Arrhidiuconi
1344 1771 1478 1836 quoque,
1507 1752 1622 1835 singuli

79 1858 224 1925 videlicet
244 1857 277 1924 in
298 1858 429 1942 singulis
448 1856 751 1924 archidiaconatibus
772 1856 847 1937 suis,
868 1864 933 1923 tam
954 1856 995 1924 de
1013 1857 1163 1951 predictis
1183 1876 1279 1941 quarn
1301 1857 1383 1939 aliis,
1405 1857 1445 1923 ad
1458 1856 1576 1923 bonum
1590 1860 1624 1921 et
1753 1943 1768 1953 Ἴ

79 1961 249 2028 utihmoem
272 1960 471 2028 ecelesiarum
494 1979 620 2028 suomm
643 1958 951 2026 archidiaconatuum
973 1977 1080 2026 emam
1100 1949 1135 2027 et
1155 1959 1397 2027 sollicitudinem
1418 1959 1557 2027 habeant
1570 1945 1622 2024 ¹di·

80 2065 242 2149 ligentem:
265 2068 300 2131 et
320 2065 348 2130 si
369 2063 444 2147 quid
466 2081 561 2147 snper
582 2062 732 2146 predictis
753 2080 791 2128 ac
811 2061 882 2128 aliis
901 2059 1139 2129 difficultatibus
1160 2063 1334 2145 emerserit,
1355 2061 1434 2129 illud
1448 2060 1624 2130 dioooeanis

79 2169 145 2235 suis
161 2167 310 2234 studeant
330 2184 425 2251 quam
448 2166 541 2232 cidus
561 2165 720 2232 nnncime.

184 2326 393 2402 Pereqriuou'o
415 2341 475 2385 non
496 2323 632 2386 maudo
654 2324 819 2385 imorem
836 2324 985 2399 proceru.
1029 2318 1144 2388 Nullus
1166 2321 1298 2388 elericos
1319 2325 1427 2387 nostre
1448 2317 1624 2404 legationis,

80 2425 114 2491 in
134 2424 245 2508 quovis
265 2424 374 2491 urdine
394 2425 595 2504 constitutus,
615 2423 807 2507 peregrinari
827 2428 918 2489 extra
936 2441 1067 2506 regnum
1088 2423 1137 2491 vel
1152 2424 1344 2507 provinciam
1358 2441 1447 2490 suam
1462 2427 1625 2506 presumat

79 2527 197 2613 absque
218 2528 454 2595 diocmanmum
475 2527 691 2610 episcoporum
712 2526 761 2592 vel
783 2525 917 2593 aliorum
939 2544 1066 2593 snorum
1084 2526 1314 2594 ordinariorum
1335 2525 1463 2593 licentia
1481 2523 1623 2610 speciali:

82 2631 166 2716 quod
188 2630 301 2715 siquis
315 2630 506 2698 monadum
528 2628 647 2710 iecerit,
668 2649 689 2695 a
709 2628 858 2696 beneficm
879 2628 1008 2696 ecclesie
1029 2629 1078 2695 rel
1092 2629 1303 2713 ecclesiarum,
1319 2629 1353 2695 in
1367 2646 1431 2713 qua
1444 2628 1493 2696 rel
1508 2627 1542 2694 in
1555 2628 1625 2713 qui·

79 2732 139 2801 bus
160 2732 362 2801 macilentus
384 2732 500 2813 extitit,
522 2750 579 2816 per
600 2731 693 2798 nnius
714 2731 789 2797 anni
810 2733 948 2816 spatium
969 2733 1012 2799 sit
1033 2750 1211 2816 suspensus.

184 2891 255 2953 aon
276 2891 406 2951 mamam
427 2908 486 2951 nou
503 2896 647 2966 ponem,
669 2892 731 2951 nisi
750 2892 892 2952 melota
920 2898 1072 2954 momina
1116 2887 1331 2970 Decernimus,
1356 2892 1395 2954 nt
1420 2906 1512 2955 nemu
1539 2887 1625 2956 ineo·

80 2992 188 3076 gnitus
209 2989 250 3057 ad
270 2989 512 3056 ministrandum
534 2990 567 3056 in
589 2991 686 3057 sacris
709 2989 869 3056 ordinibus
890 2990 1089 3072 admittatur,
1111 2992 1172 3057 nisi
1194 2992 1244 3058 sui
1264 2991 1453 3059 ordinatoris
1479 2991 1529 3058 vel
1554 3009 1626 3059 snc-

81 3094 300 3162 eessoriseins
319 3093 439 3174 literas,
467 3093 552 3159 omni
579 3093 756 3176 suspicione
777 3099 919 3161 carenoes
946 3095 1101 3175 ostendat,
1125 3095 1262 3179 useepti
1287 3092 1407 3160 ordinis
1435 3093 1626 3161 mentionem

80 3196 231 3265 anantes
245 3214 441 3279 expressam:
464 3202 497 3263 et
511 3196 565 3280 qui
580 3202 691 3262 contra
705 3197 960 3263 constitutionem
982 3197 1159 3264 huiusmodi
1182 3198 1287 3264 venire
1302 3197 1558 3281 presumpserint,
1578 3202 1626 3264 ta·

81 3298 128 3366 les
147 3298 188 3366 ad
207 3298 448 3366 celebrationem
469 3299 644 3366 dirinmnm
666 3298 862 3365 admittendo
883 3299 932 3365 rel
955 3300 1129 3382 retinendo,
1152 3306 1225 3385 post
1243 3300 1358 3367 trinam
1380 3299 1626 3368 admonitionem

79 3401 129 3468 vel
150 3420 245 3468 unam
263 3401 516 3486 peremptoriam,
539 3400 753 3468 chunorum
775 3403 975 3484 perceptione
1002 3408 1036 3469 ct
1064 3403 1207 3486 ingressu
1233 3402 1362 3471 ecclesie
1387 3409 1570 3484 arceantnr3
1591 3407 1627 3470 et

78 3504 119 3572 de
140 3504 200 3572 hoc
220 3523 277 3589 per
297 3504 479 3572 diocesams
500 3505 662 3588 episcopos
687 3504 849 3586 inquisitio
875 3503 1022 3587 frequens
1048 3504 1115 3573 fiat

183 3611 434 3687 tremendae
460 3628 480 3671 u
506 3611 643 3684 fidelibus
656 3612 799 3671 eccleciae
814 3611 1016 3687 parochiales.
1047 3608 1249 3693 Pracipimus,
1264 3614 1303 3675 nt
1315 3608 1516 3676 eoeiaeiarmrr
1531 3629 1624 3694 paro-

78 3709 185 3777 chiani
198 3709 329 3794 singulis
343 3709 452 3776 diebus
467 3710 629 3777 dominicis
644 3714 679 3777 et
691 3708 821 3792 festivis,
842 3710 883 3776 ad
898 3711 1004 3778 divina
1022 3711 1134 3793 cilicia,
1154 3712 1334 3796 specialiter
1354 3712 1395 3780 ad
1409 3713 1550 3796 missam,
1570 3733 1626 3781 ra·

82 3812 160 3879 dant
173 3811 214 3879 ad
229 3831 302 3880 snas
320 3812 514 3897 parochiales
528 3812 686 3893 ecclesias,
708 3812 813 3896 ibique
827 3813 934 3879 dimna
947 3813 1050 3882 nitida
1063 3822 1159 3898 prout
1174 3815 1259 3882 Deus
1271 3816 1395 3883 dedant
1407 3816 1540 3884 audiant
1553 3816 1626 3883 dili·

78 3921 203 4000 gentar:
230 3933 288 3982 nec
315 3916 375 3999 ipsi
397 3915 587 3998 parochiani,
607 3915 719 3982 relicta
747 3933 805 3982 sua
833 3917 1006 4000 parochiali
1033 3918 1165 3985 eeclesia
1189 3919 1239 3986 rel
1265 3924 1454 4004 mntempta,
1483 3921 1524 3987 nd
1545 3920 1625 3987 alias

78 4018 237 4099 aeclesias,
250 4018 472 4103 cmnscnmquc
484 4019 549 4085 sint
563 4018 691 4098 ordinis,
707 4018 865 4103 religionis
880 4027 937 4088 aut
950 4027 1064 4104 status,
1079 4023 1144 4088 sive
1157 4021 1336 4089 huiusmodi
1351 4023 1480 4090 ecclesie
1494 4025 1560 4090 sint
1569 4043 1626 4107 pa·

80 4121 234 4189 rocbiales
249 4121 314 4188 sive
336 4140 407 4202 non,
431 4121 470 4187 ad
492 4121 648 4188 audienda
669 4121 774 4187 divina
793 4122 905 4204 allicis,
925 4128 958 4190 et
979 4125 1158 4208 specialiter
1176 4125 1314 4207 musam,
1337 4133 1520 4209 presumant
1537 4145 1627 4194 acoe-

80 4223 164 4304 dere,
182 4224 320 4298 ¹nrarrirne
334 4223 444 4291 diebus
458 4224 621 4292 dominicis
641 4230 673 4291 et
694 4223 828 4306 lesbum
856 4232 913 4294 aut
935 4228 967 4293 in
988 4228 1100 4294 alienis
1122 4229 1279 4312 parochiis
1293 4229 1342 4295 rel
1357 4229 1497 4296 ecclesiis
1511 4230 1554 4296 ad
1567 4229 1625 4296 hu·

83 4324 218 4393 iusmodi
238 4325 340 4393 oflicia
361 4328 593 4410 permittantur,
617 4346 672 4394 seu
694 4328 771 4412 ipsis
792 4349 849 4411 per
869 4330 948 4396 alios
970 4350 1064 4415 qnam
1085 4351 1142 4414 per
1162 4350 1236 4398 suos
1258 4333 1451 4416 paroehialis
1466 4333 1627 4418 presbyte-

82 4447 135 4496 rus
149 4429 368 4495 ministrentur
381 4430 591 4496 ecclesiastica
615 4429 831 4497 Sacranronta:
853 4434 991 4516 exceptis
1006 4435 1137 4515 clericis,
1153 4435 1316 4518 religiosis,
1339 4437 1574 4503 transeumbns
1594 4442 1628 4504 et

81 4532 262 4615 peregrinis,
278 4531 332 4617 qui
346 4532 386 4598 ad
408 4531 585 4598 huiusmodi
600 4533 704 4599 oltieia
726 4534 757 4599 in
779 4535 935 4617 parochiis
957 4537 1023 4602 sive
1037 4537 1176 4604 eeclesiis
1198 4545 1331 4622 possunt
1345 4539 1442 4622 recipi
1456 4540 1578 4621 alienis,
1594 4545 1628 4606 et

79 4635 140 4700 nisi
161 4635 251 4716 forte,
274 4654 370 4702 mum
390 4635 564 4701 deuotionis
585 4637 723 4717 urnioris,
746 4637 842 4729 aliqui
864 4638 948 4704 eirca
969 4638 1028 4704 hoc
1040 4658 1061 4704 a
1074 4638 1154 4706 Sole
1166 4641 1341 4724 apostolica
1354 4643 1420 4709 sint
1433 4643 1547 4708 runniti
1562 4644 1627 4726 pri·

82 4737 194 4820 rilegio
208 4743 265 4804 aut
279 4738 473 4821 indulgentia
484 4739 620 4822 spreciali.
644 4737 829 4806 Par-ochinni
841 4760 914 4806 vero
926 4746 1036 4807 contra
1047 4743 1301 4812 constitutionem
1314 4745 1491 4812 huiusmodi
1501 4746 1627 4812 uenien-

80 4846 137 4921 tes,
159 4860 180 4908 a
199 4842 396 4925 perceptione
418 4842 700 4922 sacramentorum,
723 4842 769 4908 illi
789 4852 895 4910 nutem
910 4845 964 4926 qni
980 4851 1090 4911 eoutnr
1104 4848 1360 4915 constitutionem
1376 4848 1555 4914 huiusmodi
1571 4868 1626 4933 pa·

80 4943 243 5011 archiatros
257 4945 375 5010 alienos
395 4947 569 5029 rerer-pericu
583 4946 622 5012 nd
637 4947 744 5013 divino
759 4946 806 5012 uel
821 4948 867 5013 eis
881 4948 1171 5015 adrrrinistrnrerint
1184 4952 1397 5018 occimiauiea
1411 4952 1625 5033 Sacramenta,

80 5045 120 5111 ab
135 5048 316 5112 exoratione
335 5067 461 5113 surorum
481 5050 624 5113 orulirnnn
649 5051 791 5113 uororint
813 5071 846 5115 so
861 5070 1043 5132 serap-risum
1066 5052 1166 5135 etqui
1182 5054 1504 5136 qaroelrirurisnlienis
1521 5056 1628 5121 taliter

80 5151 238 5233 snsperrsis
251 5150 463 5217 occlminstiur
477 5152 656 5217 rninistrnre
672 5155 917 5236 qnesnrnpsorint
928 5157 1140 5236 Smrurnenta,
1155 5157 1485 5223 excomnrnninatiouis
1500 5162 1625 5224 senten-

85 5251 160 5319 tinru
182 5253 250 5336 ipso
273 5253 355 5321 iacto
377 5275 410 5320 se
433 5256 576 5321 norcrint
591 5255 768 5336 incurrisse,
791 5276 901 5340 siqua,
924 5277 1062 5344 congrua
1075 5258 1291 5327 obsectione
1312 5259 1453 5327 exhibita
1474 5260 1520 5327 illi
1536 5281 1627 5347 poro·

1436 5381 1473 5436 bb
