4860 6180
438 501 513 577 496
629 533 633 540 ·

432 708 535 771 smum
557 699 693 786 sigillum
715 702 756 769 ad
778 707 918 770 nostram
940 701 1029 770 eitati
1055 700 1244 784 presentiam
1274 699 1423 768 debeant
1443 718 1635 784 comparere,
1662 715 1759 782 penas
1789 696 1823 764 in
1850 716 1888 766 eo
1911 715 1988 766 cusu
2065 724 2069 731 ·

433 805 524 875 nobis
544 811 579 873 et
599 823 657 872 suo
677 803 804 873 domino
826 824 882 890 per
903 803 1040 871 medium
1062 802 1205 869 soluturi.
1250 803 1287 869 ln
1310 802 1404 870 buirus
1425 803 1471 870 rei
1493 802 1710 871 testimonium
1731 806 1910 885 presentem
1931 820 1986 885 pa·

297 918 301 926 ‘
432 908 539 994 mnam
558 912 666 975 umbo
687 907 790 992 sigillo
815 908 962 974 duximus
989 904 1242 973 ooutirmandam.
1288 905 1343 973 liii
1372 912 1448 973 sunt
1475 911 1588 972 testes:
1621 923 1725 972 eomes
1752 903 1915 973 Pretslaus
1936 921 1987 970 ea·

433 1011 585 1080 atellanus
605 1011 811 1094 Gneznensis,
833 1031 936 1079 eomes
959 1009 1110 1077 Nieoluus
1131 1008 1224 1076 iudex
1245 1008 1480 1089 Poznuniensis
1503 1027 1607 1075 eomes
1628 1008 1775 1076 biroxoee
1797 1005 1987 1074 castellanus

434 1113 475 1183 de
494 1114 656 1201 Ridgosna
701 1115 820 1184 Datum
841 1115 875 1181 in
896 1116 1044 1198 Itogozna
1064 1132 1148 1182 anno
1168 1110 1274 1196 gracie
1296 1111 1422 1178 Domini
1444 1108 1749 1194 mccnxxxmn,
1772 1109 1818 1178 Vl
1840 1108 1917 1177 idus
1938 1108 1987 1175 Iu·

435 1218 551 1301 nundi,
572 1217 748 1287 indictione
769 1217 842 1299 XII,
861 1237 918 1302 per
938 1236 1051 1285 manns
1069 1215 1210 1285 Thilonis
1231 1214 1347 1281 notarii
1368 1214 1477 1282 nentri
1541 1289 1542 1294 ,

436 1421 768 1611 waramum
794 1432 814 1488 t.
833 1426 862 1502 j.
892 1427 930 1490 de
955 1427 1084 1490 Powldz.
1127 1419 1351 1504 Polaninoriei
1384 1424 1553 1488 Pouaooo.
1606 1418 1769 1504 Bidgosce,
1803 1420 1987 1502 Budarem.

720 1546 769 1593 uo.
1901 1566 1903 1572 s

1120 1823 1196 1910 Nn.
1228 1819 1330 1910 533.

391 2007 397 2019 ’
468 1995 471 2001 ’
540 2017 1169 2124 lIsrtlnnst.IV12841an
1196 2023 1274 2122 18,
1308 2019 1408 2124 apud
1434 2018 1989 2123 unumunurmmunoere-

436 2145 473 2210 te
492 2139 670 2210 Gneznensi
697 2139 851 2223 eoneedit,
873 2146 910 2208 nt
941 2142 1064 2209 duobus
1084 2141 1161 2208 riris
1180 2139 1303 2208 idoneis
1323 2139 1461 2209 olfieium
1475 2140 1700 2210 tabellionatus
1718 2139 1859 2209 eonIerre
1877 2140 1989 2226 possit

544 2247 681 2321 mirer,
702 2247 897 2311 Monumeutu
918 2248 1022 2312 butor.
1046 2248 1189 2310 Potonioe
1212 2246 1240 2326 1,
1262 2245 1336 2308 tos.

540 2447 698 2517 ldmtinm
719 2447 884 2534 episeopus
905 2448 1000 2534 (ete),
1022 2447 1138 2516 uileem
1160 2445 1226 2514 lilio
1246 2446 1272 2514 1.
1295 2448 1396 2516 eleeto
1423 2446 1603 2516 Gnemensi
1624 2447 1759 2516 euntem
1785 2455 1883 2527 (eto).
1927 2449 1990 2518 De·

436 2551 573 2620 sotionis
592 2557 647 2619 tue
666 2552 783 2620 merita
803 2556 1088 2636 promereremur
1109 2551 1141 2616 in
1166 2549 1228 2617 hiis
1249 2568 1311 2635 que
1332 2551 1427 2635 digne
1447 2549 1517 2617 fieri
1538 2555 1682 2635 possunt,
1711 2569 1769 2618 nos
1791 2550 1850 2619 tibi
1871 2551 1991 2620 modas

436 2655 604 2740 motione
647 2654 723 2722 Tuis
744 2654 853 2739 itaque
873 2654 994 2723 devotis
1016 2652 1297 2739 supplientionibus
1317 2652 1471 2735 inebriati,
1492 2652 1682 2721 onneedendi
1711 2652 1773 2721 hue
1799 2652 1868 2721 viee
1890 2653 1991 2721 tobel·

437 2755 577 2825 donatus
598 2755 734 2825 odicium
757 2756 878 2824 duobus
901 2757 986 2839 viris,
1012 2775 1092 2842 quos
1122 2755 1266 2840 diligenti
1296 2755 1439 2824 examine
1467 2755 1620 2841 premisso
1641 2755 1683 2821 ed
1711 2755 1772 2823 hoe
1792 2757 1991 2824 convenienti

436 2858 622 2927 litteratura
641 2865 676 2927 et
696 2859 849 2927 fidelitate
870 2864 928 2926 aut
946 2859 1026 2926 alias
1047 2857 1185 2943 ydoneos
1206 2877 1275 2927 esse
1300 2859 1465 2944 repereris,
1493 2859 1717 2928 tabellionatus
1740 2859 1877 2928 offitium
1899 2860 1992 2928 iuxta

436 2958 572 3029 ιοτωιιιι
593 2979 688 3046 quam
709 2961 743 3028 in
765 2961 883 3029 talibus
904 2967 1013 3029 tenere
1034 2960 1131 3030 Sedes
1151 2962 1327 3046 uposmllen
1351 2962 1523 3044 oonsuerit,
1545 2968 1672 3046 reeepto
1691 2961 1732 3028 ab
1753 2961 1799 3029 eis
1813 2962 1991 3031 iuramento

437 3068 476 3131 ut
496 3061 577 3130 illud
597 3063 771 3149 prudenter
787 3069 821 3133 et
841 3063 978 3131 fideliter
997 3070 1204 3148 exequantur,
1225 3064 1358 3133 liberam
1380 3064 1440 3133 tibi
1460 3066 1652 3133 auctoritate
1673 3065 1867 3150 presentium
1882 3084 1991 3135 eonee·

291 3150 297 3162 ’
439 3165 543 3236 dimus
563 3164 758 3237 immtatem
802 3167 920 3236 Datum
942 3167 1028 3254 apud
1049 3167 1169 3238 Urbem
1183 3173 1321 3238 veterem
1335 3167 1396 3262 XV
1409 3167 1570 3272 Kalendas
1583 3167 1759 3252 Februarii,
1781 3186 1865 3237 anno
1883 3169 1989 3238 tertio.

1109 3569 1183 3655 Nn.
1216 3565 1317 3657 534

545 3764 733 3851 ineundus
751 3764 909 3848 Premizl
943 3766 1021 3847 dux
1042 3763 1192 3848 Polonie
1214 3769 1347 3848 1284
1363 3764 1466 3848 Febr.
1484 3771 1554 3864 17,
1579 3766 1622 3848 in
1639 3765 1766 3869 Kalis3
1783 3783 1992 3853 herminum

440 3886 635 3973 Manili
656 3885 823 3953 Kobeielne
844 3884 962 3952 Goslno
980 3884 1098 3952 deeano
1119 3884 1297 3955 Gneenensi
1319 3885 1451 3954 eoniert

545 3995 685 4071 earm
707 3993 822 4070 oryor‘u
874 3990 913 4049 W
923 3991 1050 4068 minum,
1072 3992 1249 4070 matonam
1271 3991 1385 4070 buon
1402 4009 1508 4070 onemo
1527 3994 1591 4056 aiei
1603 3992 1756 4068 jedwnbo.
1772 3995 1878 4058 ziebre
1894 4009 1993 4071 przez

442 4096 512 4158 dnn
531 4096 654 4179 »dreia
672 4109 864 4172 poprzeezae
881 4096 1111 4170 przeuleozoae.

551 4197 691 4260 mann
736 4196 856 4259 noto.
891 4195 1022 4273 Capituli
1052 4196 1211 4273 Metropol.
1241 4197 1296 4261 Νι.
1328 4197 1382 4261 39.
1413 4229 1457 4244 -
1483 4194 1666 4277 Ruezmisli,
1712 4199 1781 4261 Cori.
1814 4198 1993 4277 dirimis.

444 4301 553 4364 Maior.
572 4301 677 4364 Polou
695 4299 749 4362 66.

544 4504 583 4572 In
603 4504 730 4572 nomine
748 4501 875 4569 Domini
896 4519 998 4567 umen.
1028 4499 1108 4569 Cum
1129 4503 1216 4570 dieat
1236 4502 1428 4587 plrilosofus:
1451 4502 1535 4588 quod
1557 4521 1621 4570 non
1636 4501 1683 4584 iit,
1706 4502 1900 4586 tandemfit:
1922 4503 1993 4571 ideo

441 4608 652 4676 necessarium
671 4614 730 4690 est,
754 4612 792 4672 ut
814 4625 852 4672 eu
873 4623 934 4688 que
952 4602 993 4672 ub
1015 4604 1192 4674 hominibus
1213 4606 1295 4674 liunt
1316 4606 1366 4674 vel
1388 4606 1456 4674 fieri
1478 4605 1624 4688 debeant,
1653 4626 1693 4674 ne
1721 4606 1761 4673 ab
1790 4624 1899 4674 eorum
1929 4625 1994 4674 me·

440 4711 543 4778 meru
563 4711 710 4779 decidant
730 4729 787 4775 seu
807 4707 964 4789 labantur,
988 4709 1145 4792 scripture
1166 4710 1347 4777 testimonio
1365 4709 1406 4776 nd
1427 4716 1614 4794 perpetuam
1637 4709 1683 4776 rei
1702 4728 1727 4775 ιι
1741 4710 1885 4778 ameriam
1901 4709 1994 4777 robo-

442 4818 561 4880 rentur.
607 4812 690 4879 Hinc
711 4816 762 4878 est
782 4809 865 4892 quoii
889 4827 945 4875 nos
966 4810 1123 4877 secundus
1141 4810 1274 4878 Premizl
1296 4811 1355 4878 Dei
1378 4812 1485 4894 gracia
1505 4810 1569 4878 dux
1592 4811 1731 4893 Polemio,
1756 4811 1905 4896 *uspeotis
1917 4811 1994 4879 lide·

440 4914 524 4982 libus
558 4914 696 4981 serviciis
730 4913 847 4978 ‹lonriui
882 4911 991 4978 GosIui
1021 4912 1130 4979 decani
1164 4914 1358 4982 Gueruensis
1391 4915 1538 4995 melesio,
1572 4913 1769 4981 hereditatem
1813 4919 1995 4982 nostrorum

440 5014 680 5100 lagnnariomm,
702 5015 847 5081 vilelicet
868 5013 997 5096 Sysornis
1018 5021 1051 5081 et
1074 5016 1209 5082 tiliomm
1230 5016 1307 5098 eius,
1329 5016 1369 5082 ud
1385 5036 1443 5083 nos
1458 5016 1526 5082 iure
1540 5015 1671 5082 dominii
1687 5016 1787 5100 [untia
1800 5023 1907 5100 uatem,
1921 5036 1995 5086 cunr

424 5120 585 5208 *omnibus
607 5119 673 5186 suis
694 5118 886 5185 utilitatibus
907 5125 940 5183 et
960 5118 1160 5201 pertiuentiis
1181 5118 1242 5185 sibi
1263 5126 1297 5186 et
1315 5120 1381 5186 suis
1402 5117 1635 5186 sucessoribus
1649 5120 1839 5186 mntlllimt'fl
1855 5120 1925 5188 iure
1938 5120 1995 5188 he-

440 5222 591 5289 reditario
610 5223 642 5290 in
665 5228 852 5307 romuleum
872 5221 1101 5304 russirlemlom,
1123 5221 1226 5289 ‹liruns
1245 5222 1420 5305 laboriosior
1438 5230 1472 5290 et
1493 5240 1602 5288 eorum
1634 5228 1778 5305 menam
1804 5221 1913 5289 ea'em
1939 5223 1994 5291 he·

441 5324 578 5392 reilleio
604 5331 755 5410 meruitne
789 5324 957 5406 privantes,
991 5323 1193 5390 ‹lorrooirmem
1220 5343 1275 5390 seu
1305 5325 1508 5390 collationem
1534 5323 1673 5391 eiusdem
1706 5326 1779 5391 villo
1809 5344 1865 5392 seu
1893 5327 1995 5410 ,urtis

441 5427 551 5513 ipsius,
572 5430 665 5497 ulirui
687 5428 733 5495 rel
757 5426 914 5512 aliquibus
936 5446 993 5510 per
1014 5447 1070 5493 nris
1091 5434 1167 5494 unte
1188 5427 1302 5496 luctum
1325 5428 1450 5510 pertitus
1473 5433 1665 5509 reuocantes,
1688 5427 1730 5494 ub
1751 5426 1895 5495 orionibus
1916 5428 1994 5496 iuri·
