4860 6180
437 429 514 504 504

435 634 596 703 macione
616 632 722 702 diviua
740 640 912 703 memorate
933 632 1126 702 Gneenernis
1148 637 1277 705 ecclesie
1297 637 1522 722 arciriepiscopi
1536 656 1674 706 annuere
1687 640 1859 722 cupientes,
1883 638 1984 724 ipsam
2111 693 2115 699 .

435 740 639 822 donacionem
661 744 943 828 inpemuoabssioer
964 739 1192 820 eorrfirrnanns,
1214 741 1332 808 ‹lictarn
1354 741 1460 808 villam
1482 740 1606 807 Moclrlo
1633 760 1705 807 cnm
1732 741 1816 822 Orci,
1846 740 1985 809 Crusevo
2041 750 2044 756 '

435 849 470 912 et
490 846 634 913 omnibus
655 850 857 934 utilitatibus,
879 854 942 925 iam
964 849 1048 917 dicte
1069 845 1198 915 ecclesie
1219 851 1253 910 ct
1274 843 1445 909 venerabili
1467 843 1551 926 putri
1574 843 1700 908 domino
1722 843 1837 911 Iacobo
1859 863 1897 911 ae
1918 845 1985 909 suis

434 951 665 1017 successoribus
684 953 752 1020 iure
772 954 961 1024 hereditario
983 955 1178 1037 ammaonte
1199 948 1232 1013 iu
1254 950 1440 1029 mantuan
1462 945 1691 1027 possidendam,
1714 946 1845 1012 liberam
1858 947 1986 1030 penitus
2059 951 2066 963 '

435 1048 477 1117 eb
497 1053 583 1119 omni
601 1055 764 1121 exactione
784 1063 818 1123 et
839 1058 998 1125 solucione
1019 1062 1053 1123 et
1074 1059 1183 1120 nostro
1204 1049 1342 1116 dominio
1365 1047 1526 1115 iacientes.
1571 1048 1615 1114 Et
1640 1049 1717 1131 qnia
1737 1049 1855 1116 dictum
1877 1049 1985 1115 villam

436 1150 597 1238 Stephano
619 1162 728 1222 nostro
751 1157 855 1238 militi,
879 1159 944 1225 lilio
965 1156 1139 1236 Plralimiri,
1161 1153 1264 1219 minus
1287 1151 1364 1216 certi
1387 1150 1427 1216 de
1449 1152 1551 1233 prime
1573 1150 1743 1217 collacione
1772 1151 1841 1218 iure
1862 1150 1985 1218 heredi·

435 1254 517 1322 taric
538 1255 732 1338 dederamus,
761 1258 863 1341 ipsam
888 1261 1101 1337 donacionem,
1133 1260 1243 1322 eontra
1272 1252 1374 1318 Deum
1396 1258 1429 1318 et
1458 1251 1615 1318 iusticiam
1640 1251 1766 1334 iactam,
1799 1271 1870 1320 eum
1899 1253 1986 1319 omrri

435 1355 504 1424 inre
525 1355 609 1441 quod
630 1355 690 1422 sibi
711 1364 746 1424 et
766 1359 832 1425 suis
853 1360 1085 1428 suecessoribus
1116 1360 1291 1438 competere
1320 1359 1448 1437 poterat
1474 1372 1665 1435 revocamus,
1695 1354 1795 1421 eidem
1822 1373 1893 1422 cum
1919 1354 1986 1420 suis

434 1457 674 1540 suecessoribus,
697 1460 798 1544 ipsam
818 1462 1024 1530 hereditatem
1045 1478 1085 1527 ne
1104 1463 1260 1541 repetant,
1290 1462 1477 1539 perpetuum
1506 1456 1669 1523 silencium
1699 1456 1894 1540 inponentes.
1939 1455 1987 1524 Ut

314 1617 317 1625 .
434 1564 541 1627 autem
563 1567 672 1627 nostra
692 1563 892 1631 racionabilis
910 1564 1072 1631 restitucio
1094 1566 1246 1644 perpetuo
1267 1556 1459 1624 inviolabilis
1480 1564 1669 1640 perseveret,
1697 1565 1875 1641 presentem
1897 1559 1986 1642 pugi·

436 1680 512 1730 nem
531 1662 565 1728 in
586 1665 689 1731 mains
711 1665 808 1732 robur
825 1667 984 1735 firmitatis
1005 1664 1126 1748 sigillis,
1148 1660 1351 1728 illustrissimi
1373 1659 1520 1726 videlicet
1548 1660 1698 1743 principis
1727 1660 1846 1728 domini
1867 1660 1987 1727 Premi-

434 1762 534 1831 zlonis
556 1763 615 1832 Dei
635 1767 742 1850 gracie
763 1767 851 1835 ducis
872 1768 1001 1835 Polonie
1018 1766 1119 1833 filiolli
1142 1764 1242 1829 nostri
1262 1762 1421 1828 karissimi
1443 1767 1477 1828 ct
1498 1769 1607 1829 nostro
1631 1763 1778 1829 duximus
1798 1763 1984 1830 continuan-

435 1865 508 1934 dam
541 1868 739 1951 presentibus
770 1870 832 1936 hiis
861 1870 1011 1938 testibus:
1045 1868 1160 1934 comite
1188 1865 1287 1933 Paulo
1322 1864 1463 1947 palatino
1496 1863 1536 1931 de
1566 1862 1672 1946 Svece,
1706 1866 1821 1933 comite
1852 1864 1985 1932 Nicolao

435 1969 607 2037 castellano
629 1970 670 2038 de
690 1970 810 2053 Scicen,
833 1973 946 2039 comite
966 1969 1126 2037 Stanislao
1145 1968 1315 2036 mstelleno
1333 1967 1374 2034 de
1395 1966 1501 2034 Svece
1545 1967 1686 2051 Etonia
1715 1968 1776 2035 hoc
1801 1973 1906 2034 acaum
1936 1973 1986 2034 est

435 2069 470 2137 in
491 2070 596 2140 Nekel
617 2073 652 2139 iu
672 2073 828 2158 colloquio
848 2074 904 2140 ubi
921 2072 1014 2139 multi
1037 2077 1255 2151 convenerant,
1282 2070 1316 2135 in
1338 2070 1553 2137 testimonium
1583 2070 1677 2137 huius
1698 2069 1775 2138 iacti
1797 2076 1831 2138 et
1851 2070 1986 2137 barones

435 2171 565 2242 Polonie
585 2174 731 2242 duximus
757 2175 969 2261 apponendos,
999 2175 1129 2242 comites
1156 2172 1300 2239 videlicet
1328 2171 1507 2240 Pretslaum
1531 2173 1737 2241 castellanum
1759 2174 1985 2254 Gneznensem,

436 2277 582 2344 comitem
604 2276 800 2346 Sbilutonem
823 2279 1028 2347 castellanum
1050 2278 1089 2344 de
1111 2275 1224 2356 Nulrel,
1247 2275 1393 2342 comitem
1414 2274 1525 2341 Vitnm
1547 2275 1728 2358 pincernam
1758 2275 1985 2342 Gneznenscm.

436 2370 557 2446 Datum
577 2380 611 2445 in
632 2379 737 2447 chel
758 2397 842 2447 enno
860 2380 964 2464 grecie
984 2379 1113 2448 Domini
1127 2375 1405 2452 meelxxxmr,
1425 2376 1601 2444 indictione
1615 2393 1676 2454 xu,
1689 2377 1766 2444 Idus
1780 2376 1985 2460 Septembris.

538 2582 673 2667 danie,
698 2589 828 2652 Mocblo.
857 2583 942 2666 Orel,
971 2587 1047 2651 Orlc.
1078 2582 1389 2663 (immelioratam
1414 2585 1523 2663 Palati,
1545 2584 1595 2646 laub
1616 2587 1663 2647 tei
1678 2584 1848 2646 diemiecla‘.
1877 2579 1985 2664 Svece,

434 2667 571 2754 saeco.
614 2685 734 2770 succa
758 2691 918 2768 susam,
940 2709 958 2752 ι
979 2689 1144 2753 namecca
1167 2687 1299 2751 zetum
1336 2683 1459 2767 ‘aaron
1482 2687 1593 2752 vareo.

1101 2982 1177 3066 Nr.
1210 2981 1309 3067 545.

478 3188 488 3208 ·
538 3175 724 3262 icombus
750 3179 910 3263 Premizl
937 3181 1013 3262 dux
1038 3177 1186 3261 Polonie
1214 3181 1346 3258 1284
1373 3173 1445 3258 Oct
1472 3179 1516 3271 6,
1548 3176 1591 3258 in
1616 3174 1746 3278 Kolta
1779 3193 1903 3261 morere
1933 3213 1985 3261 ce

434 3297 506 3365 miti
532 3296 689 3382 Boguslao
719 3299 891 3367 castellano
913 3300 952 3366 de
972 3298 1080 3383 Ujscie
1106 3305 1140 3365 et
1169 3297 1400 3365 subcamerario
1425 3295 1631 3362 Pomaniensi
1660 3295 1869 3364 hereditatem
1892 3296 1986 3364 Pola·

434 3419 535 3484 nouo,
557 3400 701 3484 plurimis
722 3402 895 3486 privilegiis
912 3403 1076 3469 munitam.
1594 3481 1596 3484 Α
1796 3453 1797 3456 ,

538 3503 679 3584 Pernam.
701 3510 815 3585 erupta
860 3509 909 3570 No
929 3509 1054 3587 mudum
1068 3525 1199 3570 smum
1219 3510 1282 3570 aiei
1296 3506 1450 3582 jecmaan.
1466 3523 1611 3569 czeruen.
1621 3509 1851 3584 przymieszouo
1860 3503 1986 3589 picczfc'

349 3643 351 3649 2
434 3608 660 3688 empsim
680 3610 810 3693 deicola·
831 3617 976 3686 (pieczpe
993 3618 1090 3680 xxll.
1377 3597 1392 3624 ⁰

540 3711 708 3775 Bibliotelcu
729 3713 803 3776 XX.
829 3713 1066 3791 macometica
1111 3713 1291 3790 diplomata.

537 3911 575 3979 In
597 3913 722 3980 nomine
743 3913 871 3981 Domini
890 3933 990 3981 amen.
1021 3913 1105 3979 Dum
1127 3915 1205 3981 vivit
1226 3915 1334 3982 littera
1352 3915 1431 3981 vivit
1449 3920 1483 3981 et
1503 3914 1586 3981 actio
1608 3914 1775 3981 commissa
1793 3914 1909 3996 littere,
1930 3933 1984 3983 cu·

432 4014 483 4090 ins
504 4016 639 4082 assercio
658 4018 761 4082 nutrit
783 4017 965 4082 memoriam
986 4023 1020 4082 et
1041 4016 1189 4082 roborata
1208 4017 1340 4100 suscipit
1361 4017 1599 4083 incrementum.
1626 4016 1728 4099 Igitur
1750 4034 1806 4081 nos
1828 4016 1983 4083 secundus

434 4115 569 4182 Prcmizl
591 4116 650 4184 Dei
672 4119 779 4200 gracie
799 4119 864 4183 dux
885 4118 1014 4205 Rolonie
1032 4125 1142 4184 notum
1165 4118 1295 4185 iacimus
1316 4119 1470 4185 universis
1500 4125 1564 4185 tam
1593 4117 1792 4201 presentibus
1818 4137 1912 4201 qnam
1935 4119 1983 4185 iu-

434 4215 514 4282 tans
535 4225 712 4299 presentem
735 4220 879 4302 paginam
898 4219 1096 4302 inspecturis,
1120 4220 1203 4303 quod
1227 4221 1385 4286 intuentes
1407 4220 1498 4287 lidelc
1524 4220 1688 4286 servicium
1719 4226 1752 4286 et
1778 4222 1857 4287 utile
1877 4221 1984 4288 dilecti

321 4309 324 4316 '
432 4335 471 4384 ee
491 4320 635 4401 specialis
653 4320 754 4385 nostri
776 4320 902 4385 baronis
926 4321 1050 4386 comitis
1071 4321 1228 4404 Boguslay
1250 4322 1413 4388 castellam
1428 4322 1468 4387 dc
1482 4321 1565 4387 Uscc
1580 4328 1613 4386 et
1627 4321 1850 4388 subcamerarii
1866 4323 1984 4391 Pozna·

433 4419 561 4502 niensis,
584 4421 643 4486 sibi
666 4441 783 4504 sueque
805 4424 985 4504 posteritati
1006 4430 1145 4490 nostrum
1168 4425 1310 4491 (ludimus
1332 4425 1539 4491 hereditatem
1562 4442 1623 4506 que
1641 4425 1833 4492 Polaninovo
1849 4426 1983 4509 vulgari·

433 4527 483 4588 ter
501 4530 710 4606 nuncupatur,
734 4542 803 4590 cum
827 4525 971 4589 omnibus
993 4525 1184 4591 utilitatibus
1206 4533 1239 4593 et
1260 4529 1464 4610 proventibus
1485 4546 1547 4610 que
1573 4546 1655 4594 rrunc
1681 4528 1724 4593 ibi
1752 4535 1827 4593 sum
1853 4536 1887 4594 et
1912 4548 1984 4611 pro·

433 4641 522 4689 ceusu
539 4626 688 4707 temporis
704 4632 854 4708 potuerint
870 4627 983 4690 exciriri
1001 4626 1068 4690 iure
1083 4628 1272 4693 hereditario
1295 4630 1325 4693 in
1342 4637 1527 4712 perpetuum
1543 4630 1772 4711 possidendam,
1788 4630 1984 4696 absolventes

432 4724 561 4791 eandem
585 4726 791 4791 hereditatem
814 4727 853 4792 ab
875 4729 958 4792 orririi
980 4728 1138 4795 solucione
1161 4730 1309 4796 Poloniua
1337 4750 1399 4812 que
1420 4740 1528 4796 nostro
1548 4732 1723 4797 ‹linoscitur
1750 4731 1887 4798 ulornirrio
1913 4752 1983 4816 per·

433 4826 543 4907 tinere,
567 4827 710 4893 videlicet
732 4849 752 4894 a
774 4848 878 4907 uranu,
900 4848 921 4894 a
942 4848 1049 4911 poma,
1072 4850 1092 4896 a
1114 4831 1240 4914 prcvod,
1264 4853 1283 4896 a
1304 4839 1419 4911 strom,
1443 4852 1462 4897 a
1484 4833 1668 4915 podvorove,
1684 4834 1725 4899 ab
1740 4835 1840 4916 ripole,
1858 4835 1980 4917 above,

431 4946 576 5009 uvares,
599 4950 619 4996 a
641 4931 736 4995 castri
759 4931 922 5010 citneiuue,
945 4938 978 4997 et
998 4931 1038 4997 alr
1060 4934 1132 4999 aliis
1154 4935 1297 4999 ‹irriuibus
1319 4934 1531 4999 solucionibus
1553 4935 1789 5017 quibuscunque
1805 4937 1982 5003 nominibus

432 5037 626 5096 censeantur.
675 5033 805 5097 Furtum
830 5040 863 5097 et
886 5034 1086 5100 lronriridiuru
1109 5044 1323 5118 perpetratilln
1347 5037 1430 5102 inter
1450 5037 1590 5103 homines
1613 5039 1730 5103 incolas
1749 5041 1837 5124 (sie),
1862 5042 1928 5124 ipse
1949 5048 1983 5106 ct

311 5172 314 5179 -
432 5149 491 5198 sua
512 5134 681 5215 posteritas
704 5143 856 5217 perpetuo
875 5136 1050 5218 percipiunt
1071 5157 1109 5202 ex
1133 5138 1269 5218 integrm
1292 5138 1436 5203 irrrnribus
1458 5139 1556 5205 eciam
1572 5140 1686 5207 ibidem
1702 5148 1835 5208 utantur·
1848 5142 1981 5209 iuribus:

432 5230 525 5316 reno,
544 5234 648 5300 ‹ivri-llo
671 5243 957 5319 etsemetipsum
980 5239 1177 5305 mittendam.
1223 5240 1368 5306 liuiuaut
1395 5242 1493 5306 ceirun
1522 5243 1553 5305 in
1575 5243 1684 5309 eeulern
1707 5243 1883 5311 lrermlitate
1906 5244 1982 5312 libe·

432 5352 502 5402 rum
523 5335 690 5403 arbitrium
713 5337 835 5404 loeaendi
859 5338 907 5403 ius
928 5339 1164 5425 'l'lnurtonicurn,
1186 5342 1324 5409 eiusdem
1348 5343 1426 5408 iuris
1444 5344 1628 5411 'l'lrcubruici
1651 5344 1772 5412 [ructus
1789 5347 1984 5431 irttceruliter

2142 5007 2292 5330 ις

2129 5400 2164 5760 l
