4860 6180
1099 806 1174 893 Nr.
1188 885 1193 904 ,
1206 804 1308 893 495.

537 1037 724 1125 &eunius
749 1039 907 1124 Promisi
933 1041 1010 1123 dux
1031 1039 1182 1123 Polonio
1209 1039 1352 1122 1280
1378 1060 1407 1121 s
1434 1039 1484 1138 d,
1500 1037 1544 1120 in
1562 1036 1723 1140 duonum
1737 1055 1903 1126 onemo
1916 1076 1982 1125 om-

432 1181 490 1232 nes
515 1162 709 1243 donationes,
737 1160 844 1229 ulomui
874 1161 1051 1246 Hospitalis
1077 1180 1103 1228 s.
1134 1160 1300 1246 Sepulchri
1334 1159 1528 1227 Gnezncnsis
1548 1178 1570 1227 a
1589 1164 1690 1244 putre,
1723 1165 1836 1244 patruo
1855 1166 1889 1228 et
1910 1162 1983 1230 avia

432 1266 509 1350 suis,
528 1277 670 1334 necnon
691 1265 870 1332 aFulronc
893 1265 1126 1350 archiepiscopo
1154 1263 1334 1332 Gnczucnsi
1362 1262 1503 1348 largitas,
1528 1267 1563 1330 et
1588 1262 1779 1331 beralitatcs
1802 1263 1982 1348 praedictae

432 1369 546 1440 domus
565 1368 675 1436 multis
693 1367 864 1452 privilegiis
884 1369 994 1436 munit
1989 1362 1995 1377 '

543 1473 724 1537 Wcrezuroa
777 1475 903 1537 Archiv.
938 1471 1061 1538 dionae
1091 1474 1145 1538 Ile.
1180 1474 1223 1537 M.
1256 1473 1311 1553 66,
1338 1475 1392 1551 sot
1419 1473 1489 1539 2812.
1523 1505 1568 1520 -
1602 1473 1765 1537 Nakielslci.
1804 1475 1981 1555 llrccbooio,

429 1597 506 1662 pop.
519 1578 595 1644 205.
615 1611 660 1626 —
686 1577 827 1642 omem.
871 1580 999 1644 Archoo.
1026 1580 1201 1643 conitorii
1222 1578 1381 1667 Metropot
1403 1581 1482 1641 Aeto
1503 1578 1545 1641 od
1562 1595 1676 1640 marum
1696 1577 1792 1640 1577.

536 1818 576 1887 1n
595 1818 722 1886 nomine
742 1816 870 1885 Domini
891 1822 992 1886 omen.
1036 1818 1176 1886 Humani
1197 1817 1323 1903 generis
1337 1817 1478 1885 actiones
1499 1815 1651 1885 memoria
1671 1821 1825 1904 perpetua
1842 1817 1983 1903 indigen·
2134 1805 2136 1808 Α

432 1927 482 1992 ten
502 1921 686 2008 plerumque
703 1919 745 1988 ab
766 1919 927 1987 hominum
947 1921 1067 1988 noticia
1086 1919 1281 2001 dilabuntur,
1303 1937 1367 2003 que
1387 1919 1615 2004 scripturamm
1643 1919 1694 1988 vel
1724 1922 1853 1988 testium
1880 1922 1983 1989 muni·

432 2026 517 2095 mine
537 2043 602 2093 non
620 2028 822 2091 renovantur.
865 2023 967 2108 Igitur
987 2041 1045 2091 nos
1067 2023 1222 2090 secundus
1243 2021 1380 2089 Premisl
1405 2021 1465 2089 Dei
1493 2023 1601 2108 gracia
1625 2023 1690 2091 dux
1716 2024 1845 2093 Polonie
1871 2030 1982 2093 notum

432 2129 564 2199 {adorus
585 2125 783 2212 presentibus
804 2132 838 2194 et
855 2126 970 2194 futuris
999 2144 1129 2211 presens
1157 2125 1312 2210 scriptum
1341 2126 1548 2209 intuentibus,
1578 2127 1654 2211 quia
1678 2127 1719 2194 ob
1740 2127 1891 2196 honorem
1912 2128 1983 2210 Dei,

432 2233 467 2302 in
488 2230 671 2300 modam
692 2235 726 2298 et
746 2229 917 2298 remedium
937 2231 1112 2298 animarum
1134 2236 1326 2311 nostrarum,
1349 2230 1555 2299 illustrissimi
1579 2231 1731 2316 principis
1759 2232 1860 2315 patris
1881 2234 1983 2299 nostri

433 2334 588 2405 carissimi
607 2332 726 2401 domiui
747 2333 948 2400 Premmonis
969 2333 1028 2401 Dei
1050 2334 1159 2419 gracia
1175 2333 1265 2400 ducis
1286 2332 1427 2415 Polonie,
1449 2339 1483 2401 ct
1497 2333 1630 2418 preclari
1643 2334 1793 2418 principis
1806 2337 1913 2419 patrui
1926 2354 1983 2403 no-
2047 2338 2050 2342 '

433 2437 494 2507 stri
513 2436 622 2504 dilecti
639 2436 758 2503 domiui
778 2435 915 2504 Boleslai
936 2435 1035 2504 felicis
1056 2437 1206 2504 memorie
1227 2435 1318 2502 ducis
1340 2434 1595 2519 eiusdem-terre,
1617 2441 1651 2503 et
1664 2435 1778 2504 dilecte
1791 2437 1862 2506 arie
1875 2443 1984 2506 nostre

434 2541 561 2610 domine
593 2539 716 2607 ducisse
747 2538 915 2624 Adewigis,
947 2539 1196 2624 venerabilisque
1221 2538 1324 2623 patris
1348 2539 1451 2606 nostri
1475 2538 1593 2606 domiui
1618 2538 1765 2607 Falconis
1794 2540 1854 2608 Dei
1877 2541 1985 2625 gracia

432 2643 659 2729 muopacopi
680 2642 873 2711 Gneznensis
894 2643 1033 2725 ecclesie,
1055 2642 1244 2712 donaciones
1262 2641 1371 2709 domui
1393 2640 1569 2726 Hospitalis
1589 2642 1692 2709 suncti
1711 2641 1853 2727 sepulcri
1870 2643 1984 2711 Hiero-

364 2834 365 2838 *
432 2746 612 2833 solymitani
634 2746 667 2813 in
689 2745 819 2814 Gneuna
840 2746 988 2813 exstenti
1005 2765 1064 2830 per
1081 2747 1243 2814 universas
1262 2745 1404 2813 eiusdem
1426 2745 1618 2814 hereditates
1639 2745 1870 2815 rationabiliter
1882 2746 1984 2816 ratos

432 2869 491 2937 per
507 2849 643 2932 eosdem,
665 2849 705 2918 de
725 2855 837 2916 nostra
856 2867 920 2917 non
940 2849 1017 2918 licta
1038 2850 1201 2918 voluntate
1223 2856 1258 2916 et
1277 2848 1399 2917 salubri
1418 2848 1529 2917 habito
1550 2853 1730 2917 nosuurum
1743 2848 1897 2918 baronum
1910 2868 1984 2918 oon·
2051 2906 2054 2911 .
2186 2890 2191 2899 ·

432 2952 504 3022 silio
524 2970 595 3021 cum
617 2953 703 3020 omni
724 2952 890 3037 diligencia
910 2958 945 3020 et
964 2951 1081 3020 affectu
1102 2953 1288 3019 innovamus
1311 2951 1622 3037 nostrispririlegiis
1642 2952 1872 3034 confirmantes,
1901 2953 1985 3021 sicut
2020 2962 2027 2972 ·

431 3057 466 3124 in
487 3055 680 3142 prefatorum
701 3055 955 3140 predecessorum
975 3060 1155 3123 nostromm
1176 3053 1350 3139 privilegiis
1379 3053 1470 3121 iuxta
1489 3054 1623 3122 iormam
1650 3056 1782 3124 materie
1808 3056 1984 3124 invenimus

432 3158 596 3228 contineri.
639 3158 847 3227 Absolventes
867 3176 976 3225 omnes
997 3156 1200 3240 hereditates,
1233 3175 1313 3241 quos
1340 3176 1425 3225 nunc
1450 3157 1561 3225 domus
1590 3158 1772 3242 supradicta
1791 3160 1932 3244 possidet
1950 3165 1985 3228 et

431 3280 582 3348 processu
602 3262 753 3346 temporis
774 3262 894 3345 poterit
913 3280 971 3345 per
990 3262 1117 3329 modum
1135 3261 1273 3344 aliquem
1295 3259 1467 3344 possidere,
1488 3258 1530 3327 ab
1550 3259 1695 3328 omnibus
1716 3261 1930 3329 exactionibus
1950 3267 1984 3330 et

432 3364 644 3434 solucionibus
675 3383 737 3448 que
765 3363 808 3431 ad
839 3371 983 3431 nostrum
1012 3363 1221 3431 dinosorntur
1251 3362 1427 3430 dominium
1455 3361 1624 3448 pertinere,
1657 3363 1851 3433 videliceta
1876 3383 1983 3448 namn,

432 3468 608 3554 upodvod,
630 3488 652 3557 a
672 3468 799 3553 prerod
820 3488 842 3536 a
860 3473 976 3550 strena,
997 3486 1018 3535 a
1038 3466 1225 3552 podrorove,
1247 3466 1443 3534 summoue
1460 3466 1568 3549 castri,
1589 3485 1611 3534 a
1632 3464 1720 3548 bove,
1742 3486 1763 3534 a
1783 3486 1888 3550 sacca,
1903 3487 1925 3536 a
1938 3468 1983 3534 ri·

433 3571 526 3655 cinis,
547 3569 589 3640 ab
608 3570 807 3639 mumanae
829 3570 963 3637 carceris
985 3568 1077 3654 (sic);
1099 3569 1147 3637 ita
1175 3569 1261 3653 quod
1289 3567 1331 3636 ab
1356 3567 1408 3636 his
1436 3568 1581 3636 omnihus
1607 3574 1642 3637 et
1665 3568 1738 3636 aliis
1763 3569 1983 3654 solucionibus,

431 3693 495 3762 que
521 3692 605 3742 nnnc
629 3673 793 3740 innostro
822 3677 898 3739 suut
922 3670 1061 3739 dominio
1091 3677 1125 3739 et
1150 3670 1342 3756 procedente
1372 3677 1514 3756 tempore
1543 3672 1659 3739 exoriri
1687 3679 1830 3757 possunt,
1857 3674 1984 3758 penitus

434 3778 501 3848 sint
519 3777 632 3847 solute.
676 3774 830 3843 Volumus
859 3775 969 3856 eciam,
991 3780 1029 3841 ut
1049 3774 1191 3842 homines
1212 3774 1321 3841 domui
1339 3773 1447 3842 debito
1472 3774 1604 3842 servicio
1631 3773 1763 3860 alligati,
1788 3775 1831 3843 ad
1857 3776 1981 3845 solven-

433 3880 509 3949 dum
529 3878 680 3966 poradlne
706 3897 769 3946 non
796 3882 969 3945 arctentur.
1014 3875 1062 3945 Ut
1085 3883 1193 3945 autem
1216 3877 1474 3961 predecessonrm
1502 3882 1681 3945 nostrorum
1708 3879 1840 3948 donacio
1860 3886 1983 3949 nostra

311 3984 315 3992 '
432 4001 496 4069 qno
523 3980 720 4051 confirmacio
746 3986 899 4066 perpetuo
934 3979 1123 4048 inviolabilis
1156 3987 1348 4064 perseveret,
1383 3986 1561 4066 presentem
1586 3982 1734 4066 paginam
1760 3982 1861 4050 nostri
1888 3981 1984 4068 sigilli

431 4084 605 4155 munimine
626 4083 846 4153 confirmamus
865 4081 1061 4168 presentibus
1091 4081 1153 4149 hiis
1181 4082 1334 4151 testibus:
1365 4084 1482 4151 comite
1501 4082 1704 4153 Arkenboldo
1732 4084 1872 4169 palatino
1898 4084 1983 4152 Gne·

432 4188 550 4272 marni,
573 4188 687 4256 comite
707 4186 850 4254 Pretslao
871 4185 1042 4253 matellano
1063 4183 1252 4267 Gnesnensh
1274 4185 1433 4271 Βοςυεὶω
1454 4185 1626 4254 castellano
1648 4187 1688 4255 de
1710 4186 1846 4271 Uschye,
1869 4187 1984 4255 comite

432 4290 547 4362 Iacobo
568 4290 739 4359 matellano
760 4290 801 4356 de
821 4289 995 4373 Rogoszna,
1017 4287 1132 4355 oomite
1154 4285 1286 4355 Nioolao
1309 4294 1460 4357 venatore
1477 4288 1667 4372 dusmensi,
1686 4290 1800 4358 comita
1814 4290 1984 4358 Mroxooue

433 4393 606 4464 castellano
625 4392 667 4459 de
686 4392 861 4477 Bidgostia
890 4391 1009 4458 Datum
1030 4389 1064 4457 in
1083 4389 1216 4458 Gnczna
1228 4409 1313 4458 anuo
1334 4393 1442 4477 gracie
1463 4392 1588 4462 Domini
1602 4391 1833 4461 M.CC.LXXX
1846 4411 1904 4478 per
1916 4412 1984 4460 ma·

433 4515 495 4566 nus
514 4495 654 4564 Thilonis
676 4495 838 4579 scriptoris
860 4494 969 4562 nostri.
1446 4535 1448 4538 .

540 4735 676 4822 Uschpe,
704 4739 813 4815 thick.
857 4735 1032 4821 Rogoszua,
1054 4737 1206 4818 Itopoino.
1249 4734 1427 4822 Bidgostiu,
1450 4741 1630 4820 Qworzca
