4860 6180
617 455 625 467 ι
744 342 820 423 eet

742 548 818 616 rina
834 545 939 616 cilicia
959 543 1125 614 celebrare.
1168 540 1244 611 Paci
1264 557 1390 626 quoquc
1409 542 1445 608 et
1466 535 1691 624 tranquillitati
1711 539 1817 605 vestre
1838 539 1973 621 paterna
1995 532 2030 604 in
2051 543 2212 623 posterum
2227 558 2285 628 ⁸01,

743 649 908 718 licitudine
937 648 1100 735 providere
1132 647 1273 714 volentes
1298 643 1489 710 auctoritate
1514 641 1689 726 apostoliea
1719 638 1931 724 prohibemus,
1959 646 1998 707 nt
2024 640 2109 710 lnlra
2134 647 2295 734 murum.

743 751 886 820 locorum
906 769 962 818 seu
979 749 1182 835 grangiarum
1202 753 1377 815 vestrarum
1399 745 1505 812 nullus
1524 746 1668 830 rapinam
1696 761 1755 810 seu
1782 741 1903 811 lunam
1928 742 2044 826 ncne,
2072 745 2176 829 ignem
2198 775 2287 845 appe

745 872 830 936 nere,
848 854 1032 938 sanguinem
1053 851 1194 932 fundere,
1215 849 1372 916 hominem
1394 854 1512 916 mmere
1532 865 1643 931 capere
1663 845 1714 911 rel
1735 845 1925 927 interlicere,
1954 864 2011 914 seu
2038 847 2218 923 violentiam
2238 880 2287 932 su.

747 956 994 1024 conuenere.
1038 955 1186 1021 Preterea
1211 969 1320 1018 omnes
1348 950 1513 1018 libertates
1539 956 1574 1016 et
1601 948 1817 1016 immunitates
1840 966 1862 1014 a
1885 947 2158 1033 predecessoribus
2179 966 2289 1034 nostrie

747 1057 899 1126 &nnus
920 1054 1120 1140 pontificibus
1138 1054 1249 1122 Orrllni
1271 1059 1377 1122 vostro
1399 1069 1571 1133 concessas,
1593 1068 1713 1118 necnon
1731 1049 1896 1117 libertates
1923 1056 1958 1117 et
1978 1053 2191 1135 exemptiones
2207 1078 2289 1134 secu.

747 1161 862 1230 larium
879 1159 1079 1228 exactionum
1106 1176 1128 1224 a
1148 1158 1273 1242 regibus
1293 1164 1328 1224 et
1348 1155 1508 1240 princibus
1537 1154 1587 1220 vel
1615 1153 1687 1220 aliis
1708 1151 1853 1220 fidelibus
1882 1151 2114 1221 rationabiliter
2139 1157 2227 1227 vobis
2246 1166 2291 1234 iq.

747 1262 866 1345 initos,
891 1261 1083 1329 auctoritate
1100 1261 1275 1345 apostoliea
1295 1259 1515 1328 confirmamus
1544 1264 1578 1325 et
1600 1256 1757 1340 presentis
1778 1255 1890 1339 scripti
1909 1254 2074 1340 privilegio
2093 1263 2290 1338 comunimus,

748 1365 953 1434 Decemimus
987 1381 1071 1447 ergo,
1104 1368 1142 1429 ut
1167 1363 1246 1429 nulli
1273 1363 1399 1429 omnino
1426 1360 1588 1427 bominum
1614 1358 1709 1426 liceat
1736 1355 1893 1441 prelatum
1922 1357 2148 1426 monasterium
2181 1367 2292 1440 mmor„

733 1467 945 1555 perturbare,
964 1472 1022 1533 aut
1041 1466 1109 1534 eius
1131 1467 1343 1549 possessiones
1363 1463 1488 1531 auterre
1505 1463 1555 1529 vel
1574 1461 1697 1529 abietes
1711 1460 1858 1542 retinere,
1873 1459 2023 1542 minuere,
2037 1477 2094 1527 seu
2109 1462 2294 1546 quibuslibet

748 1566 965 1655 tentionibus
987 1566 1137 1650 latigare3
1166 1567 1222 1634 sed
1247 1569 1353 1635 omnin
1374 1567 1496 1650 integra
1518 1568 1752 1645 conserventur,
1780 1581 1890 1629 conum
1910 1580 1970 1647 pro
1991 1579 2126 1646 quorum
2147 1566 2293 1650 guberm.
2347 1565 2348 1568 ’

750 1670 836 1740 tione
857 1689 896 1738 ac
922 1671 1155 1738 sustentatione
1176 1688 1324 1738 concessa
1341 1675 1417 1735 sunt
1437 1668 1546 1734 usibus
1567 1665 1754 1733 omnimodis
1772 1663 1948 1749 protutura,
1969 1664 2058 1731 salva
2071 1664 2162 1733 Sedis
2176 1680 2294 1752 aposte-

749 1773 810 1842 lioc
830 1773 1031 1842 metonae.
1075 1771 1110 1839 Si
1138 1789 1203 1856 qua
1229 1772 1327 1855 igitur
1355 1772 1389 1836 in
1414 1769 1557 1837 futurum
1586 1767 1799 1836 ecolesinstiea
1823 1767 2012 1834 secularisve
2043 1786 2188 1852 persona,
2221 1771 2295 1844 liene

750 1882 860 1946 nosne
885 1874 1120 1943 constitutionis
1141 1874 1288 1957 paginam
1309 1874 1420 1954 sciens,
1443 1879 1555 1940 contra
1576 1889 1645 1939 eam
1666 1875 1785 1938 temere
1806 1870 1913 1937 venire
1931 1873 2145 1955 temptaverit,
2167 1877 2296 1947 munio

752 1977 887 2046 tenone
907 1976 1108 2058 commonita,
1129 1976 1192 2042 nisi
1210 1982 1333 2043 reatum
1354 1994 1447 2042 suum
1468 1992 1606 2058 congrua
1624 1971 1840 2040 satisfactione
1853 1973 2034 2053 correxerit
2057 1976 2225 2057 potestatis
2245 1978 2297 2046 bo

751 2081 900 2165 norisque
920 2079 971 2146 sui
992 2077 1283 2162 mengniaco,
1304 2095 1451 2160 reamque
1471 2076 1505 2141 in
1526 2075 1632 2142 dimna
1645 2074 1761 2141 iudicio
1775 2073 1911 2140 existere
1932 2073 2022 2141 sede
2042 2081 2226 2159 perpetrata
2241 2080 2299 2146 ini·

753 2183 876 2269 quitate
896 2187 1075 2266 eognoscat
1097 2187 1131 2248 et
1147 2199 1169 2247 a
1188 2180 1399 2247 sacmtissimo
1421 2177 1561 2262 Corpore
1582 2195 1620 2246 ac
1641 2176 1801 2261 Sanguine
1822 2175 1882 2242 Dei
1903 2181 1938 2243 et
1955 2175 2083 2244 Domini
2097 2178 2299 2264 redemptoris

753 2284 854 2353 nostri
875 2283 948 2350 Iesu
971 2282 1091 2350 cunti
1112 2282 1216 2350 aliena
1236 2283 1304 2364 fiet,
1332 2289 1430 2366 atque
1447 2282 1481 2348 in
1508 2287 1649 2350 extremo
1667 2281 1811 2347 examine
1833 2279 1978 2347 districte
1998 2280 2161 2348 subiaceat
2180 2282 2299 2352 ultioni

754 2385 886 2475 cuntis
905 2392 1013 2453 autem
1034 2384 1136 2452 eidem
1157 2385 1226 2453 loco
1246 2403 1306 2451 sun
1325 2385 1396 2451 iura
1416 2384 1625 2466 sementibus,
1646 2384 1691 2451 sit
1711 2402 1775 2468 pax
1793 2382 1919 2449 Domini
1941 2384 2044 2450 nostri
2064 2383 2159 2451 ihesu
2175 2384 2300 2470 Christi,

754 2494 912 2574 qnatenus
932 2494 967 2554 et
986 2487 1039 2555 hic
1060 2486 1196 2554 fructum
1218 2487 1298 2555 bone
1319 2487 1453 2554 actionis
1474 2486 1660 2571 percipiant,
1682 2491 1717 2552 et
1737 2485 1824 2570 opud
1837 2485 2017 2553 districtum
2030 2485 2169 2554 Iudicem
2183 2490 2302 2571 premia

755 2595 864 2658 eterne
884 2589 971 2675 pacis
992 2590 1164 2657 inveniant
1197 2591 1307 2656 Amen
1329 2591 1441 2656 Amen.
1471 2590 1583 2656 Amen
1711 2637 1716 2648 .

858 2691 928 2778 nge
948 2690 1152 2760 Innocentius
1170 2690 1325 2759 catholice
1342 2691 1472 2759 ecclesie
1492 2689 1677 2774 Episcopus
1974 2701 1979 2712 ·

858 2793 970 2880 †1·'go
991 2793 1105 2862 Petrus
1131 2794 1261 2862 ecclcme
1284 2793 1387 2860 sancti
1411 2791 1555 2859 Marcelli
1582 2790 1748 2877 presbyter
1775 2790 1955 2860 cardlnnlis.
1998 2791 2115 2877 †Ego
2137 2791 2236 2861 irater
2256 2792 2303 2862 Io

700 2928 703 2934 .
756 2896 877 2965 bmnss
898 2896 986 2964 tituli
1007 2897 1109 2965 sancti
1129 2895 1349 2964 Laurentiiin
1370 2893 1470 2962 Lucin
1491 2894 1699 2978 presbcarrl
1731 2893 1962 2979 †Egoirater
1982 2894 2076 2980 lingo
2097 2896 2305 2964 titulisanete

757 2997 874 3068 Sabine
891 2999 995 3083 presb.
1017 2998 1136 3066 camin
1168 2997 1190 3080 †
1211 2997 1282 3093 ligo·
1301 2998 1364 3066 Oto
1385 2997 1568 3066 Portaensis
1589 2998 1720 3066 ecclesie
1737 2999 1840 3065 sancti
1861 2999 1968 3065 Rulini
1989 3000 2165 3085 episeopus.
2198 2997 2219 3081 †
2241 2997 2305 3083 Ego

756 3099 872 3170 Petrus
891 3101 1080 3169 libanensis
1101 3100 1275 3185 episcopus.
1306 3099 1417 3184 'sugo
1435 3099 1592 3168 Iohannes
1613 3100 1716 3168 sancti
1737 3099 1862 3168 Nicolal
1888 3101 1923 3168 in
1940 3119 2066 3169 ocrem
2083 3101 2219 3169 Tullian.
2242 3100 2306 3168 dia·

758 3221 828 3273 oon.
850 3201 936 3272 corb

862 3304 982 3374 Dabam
1002 3302 1148 3388 Lugduni
1166 3320 1225 3388 per
1244 3321 1374 3371 manum
1390 3302 1536 3388 magistri
1553 3302 1672 3371 Marini
1692 3309 1803 3372 macte
1821 3304 1963 3374 Romane
1976 3304 2108 3374 ecclesie
2122 3305 2309 3374 sicecsncel·

759 3406 833 3477 terit
853 3406 885 3476 X
903 3406 1274 3488 Kalendasilovembris,
1288 3405 1801 3489 Indictione.V1,annodominice
1820 3406 2053 3476 Incamacionle
2066 3407 2308 3490 Mecnnvu,

759 3508 962 3596 pontificatis
983 3528 1057 3577 nero
1078 3509 1197 3576 domini
1219 3508 1394 3593 Innocentii
1414 3507 1501 3592 Pape
1520 3507 1586 3575 1111
1609 3527 1692 3590 anno
1713 3511 1837 3594 quinto.

863 3679 1044 3762 hunnus,
1061 3684 1213 3761 remor
1249 3678 1651 3760 recommemorata
1678 3685 1744 3746 nau
1765 3685 1914 3761 sennes
1940 3686 2079 3759 Ραιιιεω,
2105 3685 2173 3750 azer
2192 3687 2309 3748 mera

762 3781 891 3866 Lublel,
920 3803 996 3848 zone
1021 3785 1146 3859 labne,
1176 3783 1244 3848 izit
1264 3784 1423 3848 ltebenoa
1451 3782 1633 3866 Lubinizoo‚
1651 3783 1781 3866 pleuto·
1798 3790 1869 3850 villo
1892 3789 2032 3867 Martini,
2054 3788 2123 3851 deii
2145 3787 2311 3863 Mmdorfi

762 3886 912 3968 nmmos,
934 3885 1003 3951 deit
1021 3907 1042 3951 z
1061 3888 1227 3951 niemieclro
1253 3889 1464 3965 Rinnersdorf.
1497 3885 1623 3969 Sacros,
1647 3891 1816 3953 anrzeno.
1838 3886 1990 3973 syranno,
2009 3895 2122 3970 motae
2141 3909 2218 3954 zora.
2240 3891 2313 3952 Sio-

762 4006 869 4056 aeuo.
906 3986 1056 4070 Sabaeos,
1081 3989 1247 4053 Zcborom.
1282 3986 1452 4070 conleath,
1474 3991 1652 4055 Konoratic.
1681 3988 1865 4072 eleemos,
1887 3991 2016 4073 noepdgt
2035 3997 2131 4058 orcdo
2151 3996 2314 4070 aetolico

763 4095 872 4156 mea
894 4093 996 4174 naor,
1018 4091 1086 4155 oze
1105 4093 1218 4155 muta
1255 4088 1422 4173 ommes,
1449 4091 1626 4179 cezanum
1704 4097 1708 4105 ·
1750 4106 1755 4116 ·

1436 4319 1510 4405 Nr.
1541 4315 1642 4408 266.

870 4478 1112 4567 hnooentias
1143 4479 1207 4585 Pp.
1232 4479 1453 4563 ll11247
1483 4482 1574 4567 lor.
1607 4488 1650 4581 7,
1683 4483 1874 4587 Lugduni
1902 4502 2045 4586 inunget
2065 4504 2214 4572 seuero
2232 4502 2317 4570 one

768 4601 886 4684 mensi,
905 4607 943 4668 ut
957 4601 998 4670 erl
1013 4602 1239 4686 providendum
1260 4601 1354 4669 alicui
1376 4601 1408 4667 in
1429 4603 1632 4686 pensionibus
1650 4611 1708 4671 eut
1728 4603 1898 4686 beneficiis
1920 4624 1978 4690 per
1990 4606 2116 4673 litteras
2129 4605 2317 4692 apostolicas

616 4713 623 4726 ·
769 4701 888 4789 absque
908 4703 1038 4788 speciali
1058 4722 1085 4770 s.
1106 4702 1197 4771 Sedis
1216 4702 1365 4770 mndata
1386 4705 1530 4788 compelli
1549 4723 1612 4771 non
1631 4707 1742 4790 possit.

871 4809 1011 4886 Percote
1032 4813 1158 4890 crypta,
1176 4812 1274 4887 pisino
1287 4815 1411 4871 morte
1431 4811 1480 4871 No
1493 4811 1613 4874 uincet
1628 4813 1830 4892 Jtduubapcb
1850 4809 1970 4892 tottpcb
1979 4817 2209 4894 przpuierzono
2223 4814 2318 4876 tuta:

765 4899 971 5009 ,humens
992 4908 1050 4994 Pp.
1072 4908 1146 4978 1111.

877 5017 1017 5080 onemo.
1039 5017 1156 5081 Archia
1184 5017 1316 5095 Capitolii
1338 5018 1497 5097 Metropol.
1522 5017 1549 5093 1,
1571 5016 1602 5081 3.

872 5148 1074 5218 Innocentius
1095 5151 1259 5236 episcopus
1284 5168 1392 5218 servus
1420 5170 1582 5220 seruomm
1612 5151 1689 5234 Dei,
1716 5150 1887 5220 venerabili
1917 5150 2010 5219 iratri
2031 5151 2267 5236 achiepiscope
2288 5157 2321 5216 et

770 5249 895 5322 ouen
915 5250 990 5321 tiliis
1011 5251 1152 5339 capituli
1170 5252 1385 5322 Gnezilnensis
1407 5255 1542 5324 salutem
1563 5260 1598 5322 et
1617 5254 1823 5340 apostolicam
1840 5253 2100 5325 benedictionem
2132 5252 2322 5325 Deuotionis
