4860 6180
1814 281 1888 354 411

342 480 425 569 piuo,
443 481 576 560 nospes
597 476 726 562 Ualero,
741 482 867 544 bolom.
890 475 1086 562 Vyrebreku,
1117 480 1274 561 Wprzeto.
1297 477 1400 561 Osovo,
1428 482 1537 544 orooro.
1559 478 1776 562 Soodroebow,
1799 483 1892 545 Sozo-

341 585 503 651 borbono
527 580 672 687 (lychos,
700 584 839 647 dicbom.
862 580 982 663 Gorlm,
1011 579 1112 646 utrm
1132 581 1292 648 babtista
1316 581 1516 665 Rodemisko,
1537 587 1730 650 Rodomtclro.
1754 582 1889 666 vareso,

347 685 495 754 Wontete.
517 682 617 769 Brenn,
641 687 739 751 Sreor.
765 683 923 767 Fremant,
945 688 1093 772 Pncmft.
1646 739 1648 742 Α

1011 1066 1085 1155 Nr.
1116 1061 1218 1155 470.

443 1296 605 1384 Promisi
630 1299 709 1381 dux
729 1299 880 1384 Polonio
908 1303 1041 1382 1277
1068 1319 1098 1382 s.
1125 1298 1170 1399 d„
1196 1297 1239 1382 lu
1264 1297 1430 1403 Poenam
1461 1317 1584 1387 mosera
1612 1316 1805 1387 monsedo
1829 1316 1891 1386 Po

341 1418 438 1506 rudyt
456 1419 566 1488 villam
587 1437 678 1488 suam
698 1420 866 1502 Grodzisk,
886 1437 1019 1501 eamque
1036 1418 1078 1485 ab
1096 1417 1242 1486 omnibus
1263 1419 1471 1489 solutionibus
1491 1421 1611 1490 eximit

439 1523 581 1604 Poros
600 1528 719 1605 orpobr.
762 1525 891 1588 orberti
912 1527 954 1587 od
970 1527 1209 1603 przyoieszeoto
1217 1521 1331 1602 jedudj
1347 1528 1489 1610 pieezfoi
2012 1565 2013 1568 =

441 1625 578 1692 mmm.
600 1627 768 1692 sonorem
787 1625 955 1708 ommim.
978 1628 1117 1718 ossum
1138 1628 1175 1703 a,
1197 1627 1249 1693 to.
1272 1659 1316 1674 -
1337 1625 1518 1709 emmane
1545 1630 1615 1696 ooo.
1637 1631 1757 1709 upum.
1774 1629 1886 1694 naso.

341 1733 444 1799 Potor.
463 1728 515 1795 st.

441 1971 480 2040 ln
506 1971 633 2040 nomine
661 1968 789 2039 Domini
815 1988 917 2038 umen.
961 1969 1043 2050 Quia
1070 1967 1130 2035 soli
1158 1967 1318 2037 divinitati
1343 1971 1491 2039 eonvenit
1518 1970 1552 2037 in
1581 1969 1670 2038 nullo
1694 1968 1827 2039 debuere
1856 1975 1891 2039 et

338 2071 478 2144 omnium
497 2072 680 2142 memoriam
698 2071 824 2155 babere,
852 2072 923 2141 ideo
952 2072 1143 2140 condicionis
1170 2072 1309 2140 humana
1328 2072 1483 2158 bugilitss
1509 2072 1570 2141 sibi
1591 2072 1763 2141 remedium
1784 2073 1890 2158 quesi-

338 2181 401 2261 vlt,
423 2179 457 2246 lu
478 2195 541 2263 qno
562 2178 652 2262 vigor
672 2174 791 2244 subdes
811 2175 966 2243 naturalis
988 2173 1108 2258 opilieis
1128 2175 1292 2243 voluntate
1317 2175 1442 2244 defecit
1485 2175 1536 2243 Ne
1553 2175 1651 2259 igitur
1669 2174 1754 2259 quod
1774 2180 1890 2262 egetur

338 2283 372 2349 in
393 2286 534 2364 tempore
554 2298 626 2348 eum
647 2278 827 2349 erolucione
849 2277 999 2362 temporis
1025 2295 1046 2343 a
1075 2277 1227 2344 memoria
1247 2284 1423 2359 evanoseat,
1445 2279 1571 2362 apicum
1593 2277 1817 2346 karnkteribm
1836 2296 1889 2346 as·

338 2384 420 2452 solet
440 2382 588 2450 eternuri.
617 2381 825 2467 Quapropter,
847 2379 1059 2464 predictorum
1080 2376 1164 2447 freta
1184 2378 1256 2463 (sic)
1275 2380 1470 2449 amonicione
1482 2381 1671 2448 salutarium
1685 2380 1887 2463 monitorum,

337 2490 449 2553 notum
465 2483 599 2553 facimus
619 2484 773 2551 univemis
795 2482 995 2567 presentibus
1019 2487 1054 2548 et
1081 2479 1198 2548 futuris
1223 2479 1265 2546 ad
1290 2498 1425 2564 quorum
1444 2483 1638 2550 audientiam
1660 2501 1790 2567 presens
1810 2483 1889 2550 seri·

337 2593 429 2674 ptum
450 2587 618 2670 deferebam
644 2587 730 2672 qnod
756 2605 814 2654 nos
837 2585 972 2653 Premizl
995 2582 1056 2652 Dei
1082 2584 1190 2668 gracia
1213 2583 1278 2648 dux
1307 2582 1437 2651 Polonie
1461 2583 1631 2653 salubriter
1652 2585 1828 2668 cogitantes
1849 2584 1890 2653 de

338 2691 442 2760 mlute
453 2691 559 2759 anime
571 2695 691 2771 nostre
714 2695 747 2756 et
760 2692 925 2774 sperantes
939 2687 979 2755 de
992 2686 1207 2754 misericordia
1226 2686 1301 2770 (sio)
1320 2703 1378 2753 nos
1400 2687 1434 2753 in
1455 2687 1531 2755 celis
1550 2694 1670 2756 metere
1688 2687 1773 2773 quod
1795 2689 1888 2756 semi·

337 2811 484 2862 naremns
505 2793 539 2861 ia
561 2791 666 2873 terris,
689 2790 729 2858 ob
750 2790 918 2876 specialem
939 2789 1147 2857 reverentiam
1171 2787 1389 2857 cisterciensis
1410 2789 1538 2858 Ordinis
1552 2797 1586 2858 et
1599 2791 1750 2875 preclaris
1764 2791 1887 2859 meritis

338 2897 457 2964 domini
478 2894 580 2964 Ulriei
601 2893 726 2962 obbatis
753 2892 793 2960 de
822 2892 1026 2961 Gosoiobouo
1055 2898 1090 2960 et
1118 2893 1257 2960 omnium
1285 2891 1420 2960 butum
1444 2893 1561 2961 ibidem
1582 2894 1651 2963 Deo
1671 2894 1889 2976 serviendum,

336 2998 445 3066 villum
469 3001 612 3065 nostram
640 3014 702 3080 que
730 2995 879 3064 Grozisoe
907 2994 1082 3080 vulgariter
1108 3001 1309 3078 nnnmpotur
1336 2994 1421 3064 dieto
1449 2997 1587 3064 elaustro
1616 2996 1658 3065 de
1685 2996 1890 3065 Goselebooo
1966 3056 1968 3060 .

336 3103 408 3168 iuro
427 3099 617 3168 hereditario
636 3099 670 3165 in
691 3105 878 3183 perpetuum
900 3098 1090 3165 contulimus
1107 3096 1340 3182 possidendam,
1360 3098 1559 3167 absolventes
1580 3100 1711 3168 eandem
1724 3099 1834 3168 sillem
1849 3099 1890 3168 sb

337 3200 483 3271 omnibus
503 3200 719 3270 exactionibus
739 3208 773 3267 et
793 3199 1005 3267 solutionibus
1027 3218 1089 3284 que
1107 3205 1218 3266 nostro
1238 3199 1376 3267 dominio
1397 3200 1605 3269 dinoscuntur
1634 3202 1801 3286 pertinere.
1838 3200 1891 3269 lta

336 3305 492 3386 mdoumt,
513 3310 552 3371 ut
572 3304 679 3372 nullus
699 3303 734 3370 in
753 3322 801 3384 es,
822 3303 949 3370 nomine
973 3306 1083 3369 nostro
1103 3301 1154 3369 vel
1175 3301 1274 3370 eciam
1295 3301 1429 3370 alicuius
1447 3303 1576 3372 nomine
1596 3302 1699 3371 nostri
1725 3303 1890 3372 sustellani

336 3425 394 3476 sen
411 3405 538 3474 nomine
558 3405 690 3475 alterius
711 3405 895 3488 cuiusquam
921 3404 1098 3488 potestatis,
1121 3402 1316 3472 iudiciariam
1341 3405 1402 3472 sibi
1420 3412 1552 3491 usurpet
1573 3407 1807 3489 auctoritatem,
1831 3405 1888 3474 sed

336 3509 371 3577 iu
392 3508 506 3577 borum
527 3507 714 3576 stallorum
733 3507 848 3573 iurium
869 3506 1073 3590 perceptione
1092 3505 1169 3573 dicti
1199 3507 1330 3575 claustri
1356 3506 1431 3592 (sie)
1449 3507 1490 3576 de
1508 3507 1714 3576 Goseiobowo
1736 3514 1896 3593 perpetuo
1960 3532 1986 3537 “·
2098 3536 2101 3540 ·

336 3612 431 3696 plene
448 3605 586 3696 madeat
603 3608 800 3695 possessione
821 3608 990 3677 libertatis.
1034 3607 1083 3676 Ut
1102 3613 1210 3676 autem
1232 3609 1481 3677 confirmacionis
1506 3611 1556 3677 rel
1577 3611 1761 3679 donacionis
1781 3618 1890 3679 nostre

337 3715 427 3799 vigor
446 3718 513 3781 tum
530 3711 730 3797 presentibus
751 3726 847 3795 quam
867 3710 984 3778 futuris
1005 3711 1193 3794 innoteseat,
1213 3717 1391 3796 presentem
1412 3715 1560 3798 paginam
1582 3714 1683 3782 nostri
1696 3715 1889 3799 appensione

337 3815 434 3901 sigilli
461 3816 589 3901 dignam
617 3814 763 3881 dummus
792 3815 1013 3882 roborandum.
1057 3815 1176 3883 Datum
1208 3815 1242 3881 in
1270 3815 1397 3883 Poznan
1425 3834 1509 3884 auno
1535 3815 1664 3883 Domini
1689 3815 1890 3884 M.00.LXX

336 3918 471 4004 septimo
490 3918 691 4003 presentibus
711 3917 772 3984 hiis
794 3918 943 3985 testibus:
967 3918 1081 3986 comite
1102 3917 1234 3986 Nicolao
1259 3917 1361 3986 indies
1385 3917 1603 4000 Poauaniensi,
1625 3917 1740 3986 eomite
1760 3916 1886 3985 Gnevo·

335 4021 419 4087 miro
439 4019 612 4088 matellano
633 4019 674 4088 do
699 4017 844 4102 stomin,
874 4020 989 4088 comite
1014 4019 1173 4106 Boguslao
1200 4019 1431 4088 subeamemrio
1460 4019 1668 4089 Pomaniensi
1696 4025 1731 4088 et
1757 4018 1889 4087 Thilone

338 4122 494 4209 scriptore
514 4122 610 4191 ouria
931 4119 934 4123 ’

442 4377 810 4463 eodemmodern
829 4384 984 4462 Parodpi.
1020 4377 1178 4460 Grozisce,
1207 4380 1363 4444 Grodzisk.
1396 4375 1542 4462 Sbansin,
1566 4377 1711 4466 Zbostyb
