4860 6180
1717 369 1880 486 Tooo

339 574 455 642 comite
475 573 629 643 Nicboluo
643 574 746 643 iudice
760 580 845 642 terro
858 573 1090 657 Poznuniousis‚
1112 573 1225 642 comite
1239 572 1397 640 Potrlrono
1411 573 1570 657 pincerna,
1592 573 1718 641 domino
1732 570 1884 641 Gotiullro

341 683 470 749 contero
490 677 709 762 Pozuunicusi‚
731 678 845 746 comite
867 675 1010 745 Cbcnrkn
1030 677 1203 746 custelluno
1220 675 1261 744 dc
1281 676 1401 745 Ruzim.

443 883 654 969 Wronosnsis
680 890 718 952 de
753 887 887 950 Wroulci.
937 883 1105 965 Pothrovo,
1135 886 1295 951 Piotrorvo.
1347 875 1449 952 Lusus
1476 884 1613 968 Rechon,
1636 889 1757 963 jezioro
1782 904 1817 964 p.
1847 905 1883 949 rr.

341 991 490 1069 sucepti
534 986 654 1070 Ruzim
677 992 813 1070 Busirim,
834 987 961 1068 ntepops'
980 986 1061 1068 prid
1079 1006 1122 1050 no
1142 991 1254 1068 wpspic
1271 1008 1317 1054 rz.
1339 989 1455 1071 Wurlo,
1471 1009 1488 1053 o
1503 992 1571 1075 ηιὶὶρ
1581 991 1721 1068 pmpiej
1735 1006 1772 1054 m.
1794 988 1885 1054 Obor-

340 1094 416 1174 nilri,
436 1112 456 1158 z
476 1088 599 1173 ktdrepo
619 1096 746 1172 moso
765 1094 960 1173 prodzirzcze
982 1095 993 1156 i
1014 1109 1142 1171 uorppp,
1164 1094 1176 1154 i
1196 1093 1335 1178 ptpbolcie
1353 1096 1510 1175 przelcopp
1523 1094 1695 1174 pozorlolp.

1007 1388 1081 1474 Nr.
1117 1384 1218 1474 494.

443 1586 631 1674 Ssoundus
658 1587 817 1673 Promizl
844 1587 921 1669 dux
947 1584 1098 1669 Polonis
1125 1587 1264 1670 1280
1290 1585 1399 1670 liert
1424 1587 1565 1685 81,.in
1591 1587 1755 1690 Poenum
1779 1603 1890 1672 venus

340 1709 464 1780 usitati
484 1709 692 1778 Pozoenicnsi
712 1708 869 1777 uuffiutcs
890 1706 1042 1792 quasdem
1064 1706 1179 1774 ibidem
1202 1708 1418 1776 consistentes.

447 1818 589 1895 Perpom.
608 1819 726 1897 oppio.
769 1796 1216 1890 permansissemus
1239 1831 1383 1879 amon.
1401 1817 1628 1894 paperem
1645 1809 1771 1898 pieczpd
1792 1815 1888 1877 Pne-

343 1922 491 2002 npsluno
510 1919 633 2004 losifciu,
655 1927 800 2009 (plectet
816 1923 899 1988 xvi

443 2018 580 2086 Psalmi.
622 2022 750 2085 Arabim
774 2021 925 2098 irupisse.
960 2019 1099 2098 liiplomo
1119 2018 1175 2084 ΝΥ.
1196 2019 1228 2082 3.

443 2225 483 2294 ln
502 2224 628 2293 nomine
648 2223 775 2292 Domini
796 2241 898 2292 emen.
942 2222 1083 2290 Humani
1103 2223 1227 2308 generis
1244 2225 1388 2292 socioues
1408 2225 1561 2294 memorie
1581 2229 1734 2310 perpetuo
1748 2213 1891 2308 indigen·

341 2335 391 2399 toe
411 2329 596 2416 plerumque
617 2327 658 2396 sb
677 2326 839 2394 bominum
859 2325 979 2394 noticia
999 2325 1194 2408 dibbmtm,
1217 2344 1279 2411 qus
1297 2327 1525 2412 scripturorum
1556 2346 1614 2396 seu
1639 2327 1768 2395 testium
1789 2328 1892 2395 muni·

340 2432 426 2501 mino
446 2451 510 2500 uon
529 2436 730 2500 renoventur.
774 2429 877 2514 Igitur
896 2449 954 2498 uos
975 2431 1130 2499 secundus
1151 2429 1286 2497 Premid
1307 2430 1367 2498 Dei
1395 2433 1504 2516 grecis
1528 2433 1593 2499 dux
1624 2431 1754 2500 Polonie
1782 2438 1891 2500 notum

339 2536 473 2607 mimus
494 2535 647 2603 ninivensis
669 2541 736 2602 mm
755 2533 955 2619 presentibus
977 2552 1072 2620 quum
1093 2533 1210 2601 futuris
1231 2541 1410 2619 presentem
1423 2536 1572 2620 peginam
1586 2535 1784 2618 inspecturis,
1806 2535 1891 2619 quod

341 2660 384 2710 ex
402 2639 536 2708 soluturi
557 2637 725 2723 prudentie
745 2642 925 2704 nostrorum
947 2637 1130 2720 specialium
1151 2636 1325 2705 oonsulimn
1339 2637 1414 2724 (sic)
1429 2639 1568 2705 civitatis
1582 2637 1812 2720 Posnuniensis‚
1834 2639 1892 2706 do·

340 2743 420 2812 mini
439 2740 586 2810 videlicet
606 2739 736 2809 ilenrici
765 2740 843 2807 dicti
869 2739 909 2808 de
935 2739 1055 2822 Thuch,
1083 2739 1239 2822 Giroonis‚
1269 2739 1387 2824 sifridi,
1415 2740 1589 2809 Hermunni
1615 2747 1650 2809 st
1676 2739 1808 2823 Gerlibi‚
1838 2741 1893 2809 de·

346 2845 466 2914 fectum
497 2849 606 2912 nostro
637 2843 775 2911 civitutis
806 2843 1027 2912 Posnunieusis
1053 2862 1137 2912 nunc
1170 2850 1204 2911 st
1232 2863 1381 2929 processu
1409 2846 1561 2929 temporis
1586 2843 1713 2913 Christo
1737 2844 1895 2913 mediante

341 2967 416 3017 cum
436 2947 522 3016 omni
542 2945 658 3014 ellectu
678 2953 713 3015 et
732 2946 899 3032 diligencie
919 2947 1061 3032 cupimus
1081 2944 1261 3014 reformare.
1307 2946 1387 3016 Cum
1408 2949 1506 3033 igitur
1526 2949 1606 3015 iuris
1633 2954 1668 3016 et
1694 2947 1894 3016 eonsuetudi-

341 3052 393 3120 nis
413 3051 458 3119 sit
477 3069 535 3136 per
554 3048 662 3118 orbem
683 3050 873 3133 universum,
895 3050 981 3135 quod
1001 3069 1189 3136 unaqueque
1211 3051 1321 3119 civitas
1343 3070 1401 3136 pro
1421 3053 1487 3120 suis
1513 3050 1687 3119 defectibus
1713 3051 1892 3137 specbdito·

343 3160 408 3223 tun
426 3152 543 3222 bsbeut
563 3152 597 3220 in
618 3154 714 3221 certis
732 3152 885 3220 reditibus
903 3153 1075 3238 deputetis,
1097 3170 1156 3220 uos
1177 3152 1331 3221 bubentes
1352 3160 1511 3222 maturum
1533 3154 1699 3222 consilium
1713 3160 1894 3223 nostrorum
1998 3133 2003 3144 ¹

344 3257 509 3339 berosum,
531 3275 639 3324 omnes
660 3255 816 3323 utilitates
837 3255 1064 3342 subsequentes
1085 3257 1153 3324 iure
1174 3255 1364 3324 hereditario
1385 3259 1420 3325 in
1441 3264 1629 3344 perpetuum
1647 3257 1835 3326 obtinendus
1849 3261 1894 3326 ci·

342 3361 436 3429 rituti
457 3365 564 3428 nostro
584 3359 788 3428 Posnsnieusi
815 3357 1010 3427 vendidimus
1038 3376 1097 3443 pro
1127 3358 1265 3443 quodum
1293 3377 1416 3427 summe
1440 3359 1581 3445 pecunie,
1608 3379 1672 3430 ¹³⁰¹!
1698 3367 1823 3429 mltum
1841 3380 1892 3430 m·
1943 3442 1947 3453 ,
1991 3441 2017 3453 .,

344 3464 433 3533 cions
453 3463 542 3546 lucri,
565 3461 621 3531 sed
642 3470 681 3530 ut
700 3462 786 3530 dicte
807 3463 918 3530 civitm
939 3462 979 3530 de
1000 3462 1052 3528 die
1072 3463 1106 3528 in
1127 3462 1211 3530 diem
1232 3480 1355 3546 semper
1376 3462 1410 3529 in
1430 3461 1542 3530 melius
1567 3464 1601 3530 in
1628 3463 1695 3531 suis
1720 3461 1895 3532 defectibus

344 3565 537 3636 nuntietur.
580 3564 649 3634 Hec
669 3572 745 3633 sunt
765 3566 1023 3650 utilitatesque,
1043 3564 1249 3650 quidquidin
1269 3565 1409 3633 eiusdem
1438 3564 1577 3632 civitatis
1602 3565 1725 3633 umbitu
1753 3585 1839 3634 nunc
1861 3572 1896 3634 et
1987 3630 1994 3644 ,

344 3671 379 3738 in
398 3675 560 3755 posterum
576 3666 785 3736 edificari'vel
807 3668 979 3752 excogitari
1001 3667 1129 3752 poterit,
1151 3667 1312 3751 mpeuicu
1336 3668 1448 3735 civitas
1473 3675 1625 3752 perpetuo
1654 3668 1815 3754 possideat
1835 3688 1891 3754 pu·

344 3771 432 3842 cilice
451 3777 486 3840 et
506 3771 621 3856 quiete.
665 3769 703 3837 In
725 3770 860 3854 theatro,
879 3770 964 3855 quod
984 3770 1018 3837 in
1039 3770 1233 3838 Tbeutonico
1259 3788 1398 3838 eumerus
1427 3777 1637 3855 nuncupetur,
1658 3779 1693 3841 et
1718 3771 1888 3856 opothecus

344 3875 526 3943 institorum
546 3880 581 3942 et
600 3879 744 3941 sutorum
764 3880 800 3942 et
820 3873 1000 3959 pellificum,
1021 3879 1056 3941 et
1076 3873 1208 3940 mucells
1229 3871 1410 3940 ouruiticumn
1435 3879 1470 3940 et
1496 3873 1662 3957 pistorum,
1691 3876 1809 3943 etvini
1830 3875 1893 3944 oel-

344 3978 434 4046 lnriu
478 3976 612 4063 Insuper
632 3977 753 4045 curium
774 3976 958 4045 carnificum
978 3978 1012 4044 in
1034 3996 1097 4062 quo
1117 3977 1268 4045 unimuliu
1281 3976 1475 4059 occiduntur,
1493 3996 1618 4046 omnem
1631 3978 1803 4047 utilitatem
1819 3998 1895 4064 opo-

346 4080 518 4164 tbecurum
540 4079 700 4166 hospitum
727 4079 767 4147 ud
792 4081 907 4148 onnule
934 4078 1037 4148 iorum
1064 4082 1098 4148 in
1120 4080 1248 4149 Poznen
1273 4080 1474 4154 vomendum,
1503 4082 1575 4165 ipsu
1602 4082 1714 4151 civitus
1741 4089 1894 4168 perpetuo

345 4184 451 4252 vuleot
471 4183 623 4266 obtinere,
645 4188 752 4267 preter
772 4183 851 4250 duos
874 4201 1014 4251 eumerus
1032 4189 1254 4251 mercatorum
1283 4182 1332 4252 Ut
1344 4189 1452 4250 sutem
1472 4190 1584 4251 nostru
1603 4203 1668 4253 non
1681 4191 1807 4253 mutum
1821 4205 1896 4253 ven·

346 4286 425 4355 ditio
445 4287 502 4356 sed
520 4285 648 4354 domuc
671 4292 822 4370 perpetuo
844 4285 1067 4354 inviolabiliter
1087 4293 1275 4372 perseveret,
1298 4291 1477 4370 presentem
1497 4287 1645 4370 pepinum
1666 4288 1895 4372 inpermutubi·

345 4389 419 4457 liter
439 4390 541 4457 nostri
561 4387 657 4473 sigilli
679 4389 850 4455 munimine
870 4388 1099 4457 confirmemus.
1144 4389 1214 4456 Duc
1235 4407 1357 4457 comere
1378 4395 1589 4458 moroutomm
1617 4392 1761 4474 superius
1795 4393 1894 4459 uomi-

346 4497 432 4574 note,
452 4491 589 4560 sculteto
602 4492 783 4576 portiucunt
795 4491 943 4559 dumus.
974 4492 1029 4558 liii
1043 4498 1119 4559 sunt
1133 4498 1247 4559 testes:
1271 4511 1375 4559 comos
1388 4492 1539 4560 Nicoluus
1554 4493 1647 4560 iudex
1663 4493 1896 4580 Poznunisnsis

347 4613 451 4663 eomes
472 4592 567 4661 Vlost
588 4593 777 4660 custellsnus
798 4594 839 4660 dc
860 4593 1017 4677 Obritsco,
1045 4595 1190 4662 dominus
1212 4593 1312 4662 lunko
1335 4603 1520 4680 procurutor
1537 4596 1769 4666 Poznsnicnsis.
1788 4653 1793 4662 .
1815 4601 1897 4668 neu

346 4703 423 4765 sunt
443 4715 526 4765 unno
546 4697 652 4782 precio
671 4694 797 4763 Domini
820 4696 1057 4781 buccbxxx,
1079 4707 1114 4766 ot
1135 4699 1212 4766 dote
1234 4700 1267 4767 in
1287 4698 1414 4768 Poenun
1433 4701 1467 4767 in
1488 4700 1729 4787 dominicoque
1750 4709 1898 4772 mutetur

346 4799 462 4869 lictore
482 4818 540 4885 per
559 4818 671 4867 munus
692 4798 841 4884 Thylonis
863 4802 980 4870 uoturii
1002 4802 1089 4870 curio
1111 4807 1229 4870 nostru.

450 5005 607 5090 Obrilsco,
634 5009 797 5089 Obrzpcro.
