4860 6180
1224 734 1299 821 Νι.
1331 732 1432 826 467.

656 926 836 1015 Praemid
863 931 941 1016 dur
966 911 1114 1016 Paionia
1141 933 1615 1033 1277ilai17-22,
1640 933 1683 1016 in
1699 931 1849 1038 Itubpnq
1870 949 2028 1036 emutat
2050 949 2107 1018 ue

553 1050 705 1121 reditetes
726 1054 911 1122 monasterii
933 1054 974 1121 de
992 1053 1110 1136 Lubin,
1129 1051 1231 1122 dictes
1258 1052 1496 1142 Suiqciecboeu
1516 1060 1550 1124 et
1571 1053 1732 1138 Radtoveo,
1759 1054 1828 1122 iere
1848 1053 2042 1123 Tbeutonico
2060 1051 2107 1122 lo·

553 1172 636 1240 cere,
655 1173 771 1241 eosque
791 1156 995 1241 amplissimis
1014 1157 1185 1242 privilegiis
1206 1159 1319 1227 munit

656 1263 799 1340 Perpau.
821 1265 937 1341 epeia
973 1263 1075 1325 Smer
1095 1282 1115 1326 z
1136 1267 1200 1328 uici
1213 1266 1363 1341 J'eduebu
1385 1282 1531 1329 meson.
1553 1267 1566 1328 i
1585 1264 1665 1341 blut,
1687 1265 1821 1348 picczeci
1842 1264 1892 1326 aie
1911 1280 2003 1326 mass
2049 1263 2105 1327 Pi·

555 1381 619 1429 Μ
639 1360 839 1444 zpiemszdj
852 1367 977 1446 potomy
998 1367 1087 1430 XIV
1102 1368 1207 1442 wicht,
1229 1371 1393 1446 micanti
1413 1376 1539 1432 aalma

664 1467 849 1533 Worszunu
886 1468 1053 1534 Bibliuclso
1071 1469 1279 1535 Krusbislciclt
1315 1473 1493 1553 liiplovuatu

657 1652 696 1723 in
715 1652 843 1723 nomine
862 1653 991 1723 Domini
1011 1675 1113 1725 amen.
1157 1655 1311 1740 Quonim
1340 1657 1517 1745 principum
1545 1654 1698 1725 serenitas
1725 1656 1823 1725 stetis
1843 1674 1900 1724 sue
1920 1654 2107 1742 lapidem

553 1777 612 1830 ses
630 1758 829 1844 domuum,
848 1777 890 1827 no
911 1759 945 1826 in
963 1760 1151 1828 oblivionem
1169 1779 1227 1846 per
1248 1767 1425 1849 tempomm
1446 1761 1596 1831 decursus
1618 1759 1796 1844 laedant,
1817 1778 1896 1828 sane
1909 1759 2108 1845 providentie

554 1863 734 1935 litterarum
754 1881 794 1932 ec
814 1863 945 1932 testium
967 1863 1107 1932 sanxivit
1126 1865 1299 1933 munimine
1318 1865 1524 1950 perhennem,
1543 1863 1676 1950 proinde
1688 1882 1747 1932 nos
1760 1863 1912 1932 Prsernizl
1926 1863 1987 1932 Dei
1999 1863 2108 1948 grecia

553 1967 620 2039 dns
649 1966 781 2037 Polonio
808 1967 850 2036 ad
881 1967 1031 2035 noticiam
1063 1969 1280 2037 universorum
1309 1975 1375 2036 um
1407 1968 1604 2056 presencium
1637 1985 1734 2052 quam
1765 1966 1945 2034 mmmmm
1978 1983 2107 2053 precem

553 2070 691 2159 cripbum
711 2069 846 2140 feliciter
862 2070 1006 2138 volemus
1027 2070 1188 2155 devenire,
1216 2072 1301 2157 quod
1329 2091 1400 2141 cem
1429 2070 1655 2140 monasteriem
1680 2069 1862 2151 Lubinense
1887 2069 2108 2155 praelatusque
2181 2103 2183 2105 >

553 2174 639 2245 viros
666 2172 744 2244 inibi
772 2174 918 2260 rebgloso
946 2174 1203 2258 conversationis,
1234 2174 1396 2243 dominum
1425 2173 1575 2243 videlicet
1606 2173 1753 2244 Iacobum
1782 2173 1930 2242 abbatem
1963 2179 2108 2242 nostorum

553 2275 678 2348 idaim
710 2277 916 2365 capellanum,
943 2275 1121 2364 nauesque
1153 2278 1253 2364 ipsius
1281 2277 1349 2346 Deo
1376 2276 1437 2347 sub
1462 2277 1581 2347 Ordine
1607 2278 1710 2347 sancti
1737 2277 1902 2347 Benedicti
1933 2277 2108 2346 militantes

554 2381 683 2469 macinii
700 2382 810 2468 gracie
829 2399 1066 2467 prosequemur,
1088 2381 1328 2467 quorumpiam
1350 2382 1550 2450 domnionem
1571 2399 1667 2469 quam
1691 2400 1769 2467 erga
1788 2381 1892 2450 Deum
1912 2385 1947 2450 et
1966 2386 2108 2449 nostrum

554 2485 771 2555 axcmmuan
793 2483 910 2553 bebere
930 2483 1138 2553 dinoscemm
1158 2485 1316 2554 attencios
1336 2484 1580 2568 considerantes,
1607 2485 1748 2570 ipsorum
1768 2484 1863 2552 iustis
1883 2483 2109 2570 postulacioni·

554 2587 615 2657 bns
635 2594 670 2657 et
687 2587 833 2674 precibus
857 2587 1002 2656 incdnsti
1029 2585 1211 2674 benignius,
1240 2588 1282 2656 ob
1310 2606 1449 2657 amorem
1476 2584 1538 2656 Dei
1560 2608 1581 2657 a
1602 2605 1666 2675 quo
1694 2587 1803 2656 omnia
1835 2592 1869 2656 et
1898 2588 2109 2656 revaeocien

554 2691 649 2762 baete
668 2691 770 2760 Maria
790 2709 916 2776 semper
935 2690 1066 2775 virgime
1094 2696 1202 2758 nostre
1230 2691 1451 2775 advocatricis,
1480 2690 1521 2761 ob
1543 2691 1715 2759 mmedium
1741 2691 1841 2760 eciem
1869 2691 1975 2759 ammo
1999 2696 2109 2759 nostre

555 2800 798 2880 nostrorumque
819 2795 958 2863 ommam
976 2794 1232 2879 predecessorum
1253 2800 1287 2863 et
1308 2813 1521 2864 succesorem
1542 2793 1584 2864 ob
1604 2795 1751 2878 salutm,
1777 2794 1962 2863 Svceeebou
1984 2793 2108 2863 beredi-

553 2898 689 2968 ditetem
708 2903 742 2967 at
761 2897 901 2966 Radlevo
923 2896 1038 2983 prelati
1063 2898 1185 2967 cenobii
1214 2896 1336 2966 meritis
1364 2896 1577 2983 predictorum
1601 2897 1676 2984 (sic)
1696 2899 1766 2967 iure
1787 2898 1981 2966 Thentouico
2002 2898 2109 2966 locare

555 3001 755 3090 permisimus
775 3007 810 3070 et
827 3001 921 3084 civili,
941 3001 1053 3072 dentes
1073 3000 1216 3086 predicto
1237 3002 1426 3069 monasterio
1447 3007 1481 3069 et
1500 3001 1644 3087 personis
1668 3001 1784 3070 ibidem
1806 3002 1874 3070 Deo
1895 3000 2109 3070 militantibus

506 3157 511 3164 -
555 3123 679 3176 omum
700 3104 917 3174 inridicionem
938 3109 1023 3172 vt..
1045 3107 1083 3183 (4
1103 3109 1147 3170 lit.
1171 3108 1271 3184 delet.)
1293 3122 1332 3172 ec
1353 3110 1504 3190 perpetua
1524 3105 1559 3172 in
1579 3105 1689 3173 mem
1710 3111 1744 3174 et
1765 3105 1885 3175 cincus
1907 3105 1957 3173 ius
1971 3108 2007 3173 et
2027 3102 2111 3172 iudi·

555 3209 638 3279 dnm
656 3207 748 3279 civile
767 3207 873 3293 quoad
894 3225 1006 3276 causas
1026 3207 1198 3274 mondum
1216 3206 1301 3291 leges
1323 3207 1429 3274 civiles
1450 3207 1623 3276 universos.
1661 3207 1839 3278 statuimus
1859 3207 1961 3276 eciem
1981 3208 2017 3276 in
2034 3206 2110 3276 civi·
2179 3238 2182 3247 ·
2277 3232 2284 3251 ·

554 3314 624 3381 tate
643 3311 708 3380 iam
728 3311 814 3380 dicte
834 3310 938 3378 iorum
960 3314 994 3378 et
1013 3309 1182 3392 nundinas,
1204 3315 1239 3377 et
1258 3307 1382 3378 forense
1407 3308 1492 3394 qnod
1518 3310 1692 3397 vulgariter
1717 3316 1856 3395 tangore
1876 3310 1993 3379 dicitur
2015 3309 2111 3378 dietis

482 3493 485 3499 Ι
549 3414 670 3485 ibidun
691 3415 790 3484 libere
811 3420 963 3501 perpetuo
985 3411 1183 3498 perimenda.
1214 3411 1252 3479 In
1274 3431 1339 3496 qua
1355 3413 1483 3482 civitate
1503 3414 1617 3483 nuilus
1632 3415 1757 3484 numne
1776 3422 1886 3484 nostre
1908 3415 1958 3484 vel
1971 3409 2107 3483 edesius

555 3519 657 3588 omui
684 3518 850 3589 asellam
879 3535 936 3585 seo
967 3516 1099 3584 alterius
1128 3516 1340 3600 cuiuscunque
1367 3519 1536 3601 potcstatis
1564 3517 1760 3586 iudiciariam
1793 3518 1854 3587 sibi
1886 3517 2112 3587 mceriaen

385 3573 389 3579 ¹
512 3658 514 3662 ·
556 3627 697 3710 usurpet
740 3620 933 3689 Tbeloneum
963 3618 1119 3703 siquidem
1146 3617 1231 3702 quod
1256 3617 1372 3686 ibidem
1397 3618 1438 3686 ab
1465 3620 1598 3706 antiqno
1621 3619 1739 3690 babere
1764 3621 1934 3704 ιιοιοὶιιιιιι,
1955 3619 2112 3689 inibemos

556 3724 700 3795 omnibus
728 3723 792 3792 sub·
812 3723 945 3791 obtentu
965 3721 1071 3807 gracie
1092 3726 1200 3788 nosue
1225 3728 1468 3808 nostrorumque
1495 3742 1721 3809 successorum,
1750 3724 1790 3794 de
1811 3724 1927 3810 quibus
1945 3724 2030 3811 bona
2048 3721 2111 3792 tide

556 3825 750 3911 condidimus,
772 3845 812 3895 ue
832 3827 905 3911 quis
925 3843 960 3894 se
974 3823 1015 3892 de
1034 3823 1143 3892 wdem
1167 3829 1286 3893 emere
1306 3826 1500 3914 intromittet
1513 3827 1564 3896 vel
1586 3827 1669 3897 idern
1690 3846 1747 3913 pro
1769 3846 1805 3896 se
1824 3846 1980 3914 usurpem
2000 3845 2111 3912 presu-

556 3934 633 3999 mat
675 3929 767 3998 Etsi
794 3947 871 3997 cesu
898 3933 956 3995 aut
982 3926 1170 3995 necessitate
1196 3927 1423 3997 interveniente
1453 3929 1613 4016 hospitum
1644 3932 1798 4000 bunsitus
1819 3931 1861 4000 ad
1883 3932 1982 3999 alium
2003 3948 2112 4016 quem-

557 4051 690 4118 cumque
711 4032 814 4100 locum
834 4031 966 4099 alterius
985 4028 1221 4112 transmeatur,
1245 4031 1425 4100 theloneum
1446 4033 1562 4102 ibidem
1582 4034 1682 4105 abbas
1702 4036 1780 4104 dicti
1803 4036 1936 4104 claustri
1958 4034 2114 4121 percipiat

562 4153 602 4204 ex
620 4135 754 4221 integro.
783 4135 941 4217 Preterea,
961 4152 1032 4202 cum
1054 4133 1187 4200 termnis
1207 4136 1335 4218 premiis
1350 4138 1578 4222 conquirantur
1591 4145 1710 4222 eterna,
1733 4146 1771 4207 ut
1785 4140 1908 4225 premia
1921 4138 2115 4223 sempiterne

490 4321 494 4328 Ι
557 4239 677 4326 ρίοιιίο
696 4239 758 4308 Dei
776 4257 1013 4324 consequamur,
1038 4235 1194 4322 prefatam
1224 4238 1383 4307 civitatem
1413 4239 1597 4309 Svcoachou
1628 4248 1661 4309 et
1685 4242 1825 4310 Iiadlcvo
1846 4249 1880 4310 et
1903 4241 2023 4310 incolas
2044 4239 2114 4308 eius

557 4341 740 4413 monsterii
760 4343 973 4427 predictorum
1000 4340 1072 4424 (sic)
1096 4339 1137 4406 ab
1163 4340 1308 4407 omnibus
1338 4361 1466 4426 prorsus
1494 4344 1686 4412 absolvimus
1716 4355 1869 4429 perpetuo
1899 4343 2112 4412 solucionibos

556 4446 695 4516 omnium
717 4446 927 4527 exaccionum,
962 4440 1226 4527 praelusionibus,
1253 4444 1404 4527 angariis,
1436 4446 1630 4530 preceperiis
1659 4453 1693 4515 et
1713 4447 1937 4516 vexacienibus
1958 4446 2114 4514 universis

558 4548 636 4619 iuris
656 4549 854 4629 Poloniculis,
877 4567 897 4613 e
919 4552 1046 4614 moneto
1066 4544 1189 4611 scilicet
1209 4546 1293 4629 quod
1314 4546 1431 4613 dicitur
1448 4548 1551 4631 ebrus,
1567 4568 1588 4616 o
1602 4569 1658 4636 sep
1673 4557 1707 4618 ct
1722 4571 1834 4618 namur
1849 4552 1972 4619 scilieet
1985 4568 2006 4617 a
2019 4567 2114 4617 vacca

557 4658 592 4722 et
611 4653 699 4735 bove,
711 4673 733 4720 a
746 4671 893 4738 poserem,
908 4656 1049 4731 nestum,
1072 4648 1258 4732 podvorevo,
1281 4649 1445 4734 polymne,
1468 4653 1645 4737 aprsevod,
1660 4673 1682 4722 a
1695 4655 1834 4736 stroaha,
1850 4672 1941 4721 ssron
1957 4658 1992 4719 ct
2005 4651 2114 4736 pobor,

557 4761 592 4825 et
609 4775 631 4826 a
650 4756 763 4824 ceteris
784 4754 930 4823 omnibus
951 4770 1148 4839 quocumque
1175 4752 1300 4819 nomine
1331 4759 1527 4820 consuuntur.
1572 4755 1772 4825 absolvimus
1799 4757 1898 4824 comm
1921 4756 2115 4841 proscriptos

558 4859 641 4928 cives
661 4858 702 4927 ub
719 4858 863 4926 omnibus
882 4875 1010 4940 prorsus
1031 4853 1191 4920 laboribus
1221 4862 1255 4921 et
1279 4875 1299 4924 a
1324 4854 1516 4938 quibuslibet
1547 4857 1671 4926 iudiciis
1697 4860 1953 4941 castellanorum,
1975 4859 2115 4926 iudicum

557 4967 592 5032 ot
611 4963 726 5032 ciuium
748 4963 972 5039 universorum,
996 4959 1035 5024 ael
1058 4976 1192 5040 quorem
1215 4960 1408 5042 presenciam
1430 4958 1469 5024 ‹le
1491 4965 1596 5026 cetero
1618 4981 1681 5028 nen
1710 4963 1849 5030 eitcotur
1878 4971 1911 5030 ct
1943 4963 2033 5030 citati
2052 4980 2116 5030 non
2244 4994 2245 4998 ι
2290 4962 2296 5053 2

559 5070 761 5152 compereant
781 5064 957 5131 omnimode
979 5061 1189 5146 putitibcurus.
1220 5061 1265 5128 Et
1285 5068 1322 5128 ot
1344 5062 1403 5128 hcc
1424 5067 1535 5128 nostra
1556 5063 1687 5131 donacio
1705 5068 1850 5150 graciosa
1871 5065 1969 5133 robur
1990 5066 2024 5133 iu
2045 5084 2117 5151 per·

488 5185 493 5193 ·
560 5174 690 5255 petunm
711 5168 854 5236 obtineat
872 5167 1041 5248 burritatis,
1061 5165 1214 5249 promissa
1236 5167 1343 5233 omnnia
1364 5165 1561 5249 presentibus
1583 5166 1715 5251 prefatis
1729 5168 1880 5236 iratribus
1898 5169 2118 5254 sollempniter

561 5270 790 5354 confirmemus,
813 5279 846 5339 et
867 5271 908 5338 ad
926 5270 1117 5337 evirlenciam
1141 5269 1234 5336 liuius
1257 5271 1428 5354 pleniorem
1450 5289 1579 5354 pressum
1600 5272 1795 5355 privilegium
1818 5272 1926 5340 abbati
1951 5279 1984 5339 et
2009 5291 2117 5340 mous-

572 5374 668 5442 sterio
693 5375 854 5442 nominato
878 5373 947 5440 dari
981 5373 1138 5456 iussimus,
1172 5375 1273 5440 nostri
1307 5375 1402 5458 sigilli
1436 5374 1639 5459 impressione
1674 5383 1708 5442 ct
1736 5377 1929 5462 appensione
1960 5376 2118 5444 munitum
