4860 6180
98 3256 131 4331 “-aeF-ss-z'zvvurvo

98 4384 130 4946 ΨῩΨῩΒῩ

98 5187 131 5251 3.-

1100 683 1174 771 Νι.
1206 674 1322 789 3934

535 873 756 961 Boloalanns
783 880 860 963 dur
886 879 1035 964 Polonic
1061 885 1188 986 1261
1214 880 1387 979 Dac10,
1413 880 1456 963 iu
1479 877 1665 982 senone
1694 895 1860 966 mumma
1880 898 1973 968 olu-
2057 972 2061 978 ,

435 996 536 1065 hones
563 996 794 1067 haereditatum
820 1008 853 1069 et
881 1001 1078 1083 libertatum,
1107 1003 1298 1069 monasterio
1324 1001 1365 1069 de
1392 1001 1463 1087 qu
1489 1022 1510 1069 a
1535 998 1703 1068 Meschoue
1728 999 1808 1068 duce
1827 1001 1975 1071 Polouiae

432 1101 462 1168 ι’
486 1099 569 1166 1145
591 1103 754 1171 occasione
775 1103 1000 1173 fundationis
991 1106 1090 1190 ipsius
1111 1105 1222 1187 lactas,
1251 1106 1359 1190 cisque
1379 1124 1437 1189 pro
1459 1123 1517 1172 suo
1537 1107 1629 1189 parta
1649 1121 1747 1172 novas
1769 1103 1887 1171 adiicit

532 1204 668 1271 Pozmr'c
704 1205 827 1286 Koaipl
851 1211 956 1273 Stante
976 1213 1095 1275 Archiv.
1124 1211 1200 1296 qu,
1224 1209 1283 1272 bib.
1301 1212 1403 1287 privil.
1433 1211 1470 1290 B,
1493 1211 1547 1274 Νι.
1577 1210 1608 1275 4.
1643 1210 1736 1287 (.crrsr
1766 1210 1897 1288 diploma
1917 1211 1972 1275 Νι.

432 1309 483 1384 10,
506 1310 708 1392 tltgrzczerr.
733 1313 894 1378 Muczkcrr.
922 1315 1022 1379 adas
1042 1317 1161 1393 ἀψῖσι.
1184 1311 1380 1393 Potoniuc1,
1403 1313 1459 1377 Νι.
1480 1312 1527 1390 1)

534 1492 573 1562 In
592 1469 718 1564 nomine
738 1501 846 1564 sancte
867 1503 900 1566 et
920 1499 1078 1567 individue
1098 1497 1262 1565 Trinitatis
1283 1516 1384 1564 amen.
1422 1497 1576 1578 Quoniam
1601 1497 1722 1567 iactum
1742 1516 1835 1567 omne
1852 1499 1974 1569 moder·

431 1615 543 1665 uorum
564 1597 673 1666 baberi
695 1599 776 1666 solet
795 1599 925 1668 dubium
953 1603 1037 1687 quod
1070 1621 1133 1668 non
1153 1602 1332 1668 litterarum
1353 1599 1496 1683 apicibus
1515 1600 1691 1684 roboratur,
1713 1601 1784 1670 idco
1805 1619 1863 1669 ros
1883 1602 1974 1672 Dole-

432 1700 539 1768 alavus
559 1698 624 1767 dux
645 1700 706 1768 Dei
725 1702 833 1786 gracia
851 1702 980 1771 Polonie
1000 1704 1217 1772 mandavimus
1237 1700 1388 1769 iratribus
1400 1701 1513 1769 domus
1526 1702 1701 1772 Laudensis
1715 1702 1842 1771 Ordinis
1857 1702 1975 1774 cister·

433 1805 593 1886 eleusium,
624 1810 662 1870 ut
692 1804 782 1872 nohis
814 1824 908 1890 super
938 1805 1123 1875 fundacione
1154 1805 1292 1875 eiusdem
1323 1804 1434 1874 domus
1459 1803 1518 1872 suo
1547 1807 1712 1891 privilegia
1743 1806 1972 1877 exhiberentur

433 1904 551 1987 Quibus
579 1925 651 1975 oum
676 1926 740 1991 qua
767 1907 932 1992 diligencia
957 1908 1049 1976 decet
1076 1910 1273 1990 examinatis,
1300 1915 1386 1976 certe
1416 1909 1536 1975 cercim
1561 1909 1769 1993 comperimus
1793 1909 1828 1976 iu
1848 1909 1973 1994 eisdem

432 2010 516 2094 quod
536 2028 672 2096 pmavus
692 2015 801 2078 nostm
821 2008 959 2092 hlescho,
980 2030 1112 2096 magnus
1132 2011 1192 2080 Dei
1212 2010 1320 2095 gracia
1332 2010 1397 2077 dux
1409 2009 1549 2093 Polonie,
1571 2011 1725 2094 premissa
1738 2011 1831 2079 domo
1843 2010 1976 2081 fundata

433 2130 516 2180 anuo
536 2111 665 2180 Domini
685 2109 877 2193 MDXLN,
897 2130 954 2196 pro
972 2114 1204 2182 sustentacione
1224 2110 1358 2179 hamum
1375 2110 1495 2179 ibidem
1514 2111 1583 2180 Deo
1603 2110 1837 2196 famolancium,
1857 2115 1898 2181 ad
1919 2115 1975 2182 bo·

432 2232 540 2284 norem
560 2212 687 2283 Domini
708 2214 809 2282 nostri
830 2213 902 2282 lesu
925 2212 1044 2283 christi
1062 2222 1095 2284 et
1115 2216 1250 2301 glomme
1268 2213 1430 2299 genitricis
1456 2215 1596 2283 eiusdem
1614 2235 1737 2301 semper
1757 2216 1886 2301 virginis
1907 2216 1975 2285 Mc·

432 2318 488 2400 ria,
510 2319 652 2403 mogasit
668 2317 808 2402 predicte
828 2318 934 2385 domui
952 2319 1011 2386 has
1036 2319 1227 2387 hereditates
1255 2337 1327 2386 cum
1355 2316 1533 2386 hominibus
1560 2319 1653 2386 simul
1681 2323 1716 2386 et
1741 2337 1813 2386 curu
1832 2318 1976 2387 omuibus

432 2419 622 2488 utilitatibus
644 2425 712 2488 tam
731 2420 927 2504 presentibus
945 2439 1039 2506 quam
1060 2420 1188 2490 lutaris:
1217 2421 1362 2489 videlicet
1388 2420 1505 2490 Kosool
1532 2419 1588 2489 ubi
1609 2422 1764 2490 concessit
1783 2439 1853 2490 essa
1872 2420 1974 2490 lorum

433 2523 517 2592 omui
543 2522 691 2592 llbertate
716 2522 858 2607 plenum,
883 2522 1002 2607 Dolan,
1030 2522 1175 2606 Moscho,
1206 2522 1318 2606 cloha,
1347 2522 1518 2592 Θοιιιιιι.
1562 2524 1699 2593 latarum
1727 2542 1802 2592 sero
1829 2523 1976 2593 villarum

432 2625 574 2695 homines
603 2631 751 2694 oeueuhrr
776 2625 891 2710 singoli
916 2625 1037 2694 solvero
1061 2628 1095 2694 in
1120 2625 1201 2694 festo
1225 2627 1325 2695 sancti
1350 2626 1514 2696 Michaelis
1542 2627 1605 2709 hx,
1627 2626 1807 2712 manipulos
1833 2625 1976 2711 siliginis,

433 2727 571 2798 mochum
591 2746 699 2811 avene,
722 2746 898 2796 mensuram
920 2728 1029 2810 tritici,
1051 2733 1118 2796 tres
1139 2747 1236 2797 urnas
1256 2729 1372 2813 brasci,
1397 2730 1538 2813 quinque
1559 2731 1686 2815 capecia
1707 2747 1829 2798 munuc
1849 2735 1976 2812 mamre,

433 2832 496 2900 tria
516 2831 659 2916 plaustra
675 2830 740 2898 leni
758 2831 950 2917 totidemque
968 2831 1134 2916 lignorum,
1152 2832 1231 2900 duos
1252 2839 1381 2900 mancos
1401 2831 1442 2899 de
1464 2833 1555 2916 pino;
1578 2852 1635 2917 per
1652 2837 1719 2900 tres
1732 2832 1898 2900 continuos
1910 2826 1977 2900 dies

433 2953 504 3004 urm
525 2940 596 3004 tota
615 2933 736 3003 familia
756 2940 877 3020 segetes
905 2953 1054 3020 purgare,
1081 2955 1139 3021 per
1163 2953 1260 3002 unum
1285 2935 1369 3003 diem
1398 2935 1513 3020 singuli
1535 2935 1701 3017 triturare,
1724 2939 1791 3002 tres
1814 2933 1901 3001 litos
1920 2932 1980 3000 lini
2031 3017 2033 3021 ἢ

433 3037 517 3106 dare
560 3035 704 3106 Contulit
721 3043 755 3105 et
775 3036 833 3105 bns
846 3036 1036 3105 subnotatas
1054 3038 1244 3122 hereditates
1271 3057 1342 3106 cum
1365 3037 1545 3105 hominibus
1565 3044 1599 3104 at
1619 3036 1765 3105 omuibus
1785 3034 1982 3127 utilitatibus·

432 3147 498 3210 tam
516 3140 717 3228 presentibus
737 3159 832 3226 quam
849 3139 977 3210 lutums:
1006 3141 1169 3211 Szethowo
1189 3159 1261 3209 cum
1281 3141 1373 3224 noch,
1401 3142 1537 3226 Rzgoreo
1558 3158 1630 3208 cum
1651 3139 1840 3207 sanctuariis
1860 3143 1980 3206 ot'sta·

433 3242 573 3328 bulariis,
595 3243 782 3312 Grabienice
803 3263 874 3312 cum
892 3245 1082 3327 camerariis
1097 3243 1231 3312 Slavslro
1245 3261 1317 3311 cnm
1330 3243 1551 3327 piscatoribus,
1566 3242 1767 3321 Wiramoreo,
1781 3240 1978 3323 Knaslrovro,

434 3345 569 3430 chonen,
591 3344 792 3427 Staralanlra
813 3346 1023 3415 Swiniarowo.
1066 3345 1218 3430 Homines
1238 3363 1313 3414 vero
1334 3346 1548 3430 predictarum
1574 3345 1721 3412 villarum
1742 3349 1891 3411 tenentur
1910 3347 1978 3410 rete

434 3449 560 3518 trahere
580 3449 665 3516 iuter
686 3447 801 3516 Scrada
823 3455 857 3516 et
875 3448 1062 3529 Wlndislav3
1081 3468 1139 3534 per
1160 3454 1260 3516 totam
1282 3446 1455 3530 Poloniam,
1475 3466 1547 3516 cnm
1567 3446 1739 3515 necesdtsu
1759 3443 1893 3513 hamum
1907 3462 1979 3512 exo·

432 3552 529 3638 gerit,
557 3556 623 3619 tam
652 3557 813 3636 equesues
839 3569 934 3636 quum
954 3550 1125 3635 pedestrm
1141 3550 1298 3618 ,mandata
1323 3568 1433 3617 eorum
1465 3550 1610 3634 din'gsre
1652 3548 1791 3616 ludulsit
1815 3547 1915 3615 eciam
1942 3549 1981 3613 ut

433 3655 605 3740 piscatores
627 3659 661 3721 et
678 3660 843 3722 venatores
867 3652 1080 3738 predictorum
1105 3652 1254 3734 fratrum,
1284 3653 1457 3736 piscatores
1483 3657 1518 3720 et
1534 3657 1700 3720 senatores
1722 3667 1795 3717 suos
1815 3668 1854 3717 ac
1875 3655 1980 3733 poste·

432 3775 539 3825 rernm
560 3774 689 3824 suorum
711 3756 826 3841 ubique
845 3755 993 3839 piscando
1013 3774 1051 3823 ac
1071 3755 1212 3822 venando
1234 3754 1332 3822 libere
1352 3760 1536 3839 sequantur.
1561 3754 1659 3822 Dedit
1678 3753 1777 3820 eciam
1799 3751 1841 3820 ad
1861 3751 1981 3819 lumina

432 3857 622 3944 acquirenda
643 3856 774 3943 prelatis
794 3856 945 3924 iratribus
967 3858 1031 3925 tria
1050 3856 1121 3925 fora
1142 3876 1213 3925 cum
1232 3857 1381 3939 tabernis,
1403 3857 1549 3926 videlicet
1570 3856 1660 3939 Glev,
1681 3856 1770 3925 Thur
1782 3860 1817 3924 et
1830 3854 1978 3923 Sobotlsa

432 3960 544 4029 Voluit
563 3961 663 4030 οιίιιι
684 3959 879 4028 tabernarios
904 3959 1116 4043 predictarum
1144 3960 1290 4027 villarum
1309 3977 1472 4044 ,nusquam
1498 3961 1605 4043 citan,
1636 3960 1698 4027 nisi
1727 3977 1832 4026 coram
1857 3957 1980 4026 abbate

433 4062 515 4145 Quis
541 4081 617 4131 vero
644 4061 761 4129 donum
787 4062 856 4129 Deo
882 4061 1033 4130 collatum
1059 4062 1179 4147 legibus
1212 4062 1388 4146 principum
1419 4060 1583 4131 subiacere
1612 4079 1676 4128 non
1710 4061 1818 4143 debet,
1846 4061 1983 4129 absolvit

433 4184 541 4235 omues
561 4165 703 4232 homiues
724 4165 757 4231 iu
779 4165 939 4248 premissis
960 4164 1043 4232 villis
1065 4171 1295 4233 commorantes
1316 4183 1337 4231 a
1357 4182 1475 4249 porros
1497 4164 1539 4232 ab
1557 4167 1641 4232 omni
1664 4163 1801 4248 prewod,
1822 4182 1844 4230 a
1865 4170 1980 4245 sunna,

433 4267 547 4350 adan,
569 4285 676 4348 namu,
696 4266 900 4351 podworowe,
922 4272 1070 4351 umore,
1097 4273 1235 4348 mestoc,
1264 4270 1482 4334 acastromm
1509 4267 1631 4335 edificio
1653 4256 1710 4332 seu
1735 4266 1881 4349 poncium
1904 4282 1981 4348 quo·

433 4369 591 4463 rumhbct,
612 4369 831 4454 arecepeiona
851 4369 901 4436 vel
923 4369 1066 4437 custodia
1094 4376 1151 4437 ant
1178 4370 1334 4437 conductu
1359 4370 1621 4453 castorariorum,
1640 4390 1661 4436 o
1678 4368 1824 4436 custodia
1844 4373 1878 4434 et
1898 4367 1983 4434 solu·

433 4473 523 4543 elena
543 4473 721 4542 crodiorum
738 4472 822 4557 quod
844 4472 934 4542 solsol
955 4473 1080 4556 dicitur,
1106 4492 1126 4540 a
1155 4473 1270 4540 vicinia
1290 4471 1374 4557 quod
1396 4474 1488 4557 opole
1516 4472 1690 4558 vulgariter
1710 4476 1919 4555 nuncupabat,
1939 4469 1980 4536 ab

433 4577 519 4644 omui
537 4576 700 4645 erutione
720 4576 786 4643 sive
806 4576 1007 4657 colleccione,
1036 4576 1215 4643 evecturis
1236 4580 1270 4642 at
1288 4574 1551 4659 expedicionihus,
1574 4581 1609 4643 et
1633 4574 1675 4642 ab
1696 4574 1840 4642 omuibrn
1861 4571 1982 4639 iuribus

432 4678 467 4746 iu
486 4679 619 4748 Polouia
639 4679 830 4760 constitutis,
859 4678 1096 4762 quibuscunque
1116 4684 1302 4746 censeantur
1327 4677 1515 4746 nominihus.
1559 4678 1648 4746 Nulli
1674 4696 1749 4763 ergo
1767 4676 1904 4743 iudicum
1925 4679 1982 4742 aut

433 4780 676 4850 castellanorum
697 4780 833 4848 scitami
853 4799 909 4847 seu
930 4779 1088 4847 iudicandi
1110 4781 1142 4845 in
1164 4779 1294 4863 prolatis
1311 4779 1490 4849 hominibus
1504 4781 1555 4848 rel
1569 4781 1653 4848 villis
1667 4798 1776 4848 eorum
1790 4780 1839 4847 ius
1853 4776 1982 4861 aliquod

433 4901 606 4952 mersans
651 4883 780 4966 Verum,
801 4883 876 4967 quia
897 4884 1047 4968 temporis
1067 4883 1242 4966 antiquitus
1262 4901 1314 4949 res
1335 4901 1397 4966 que
1423 4884 1578 4954 maudo
1599 4884 1721 4952 servari
1739 4882 1900 4966 nequeunt
1919 4896 1982 4946 nou

434 4984 512 5053 sinit
529 4991 620 5054 statu
639 4986 809 5070 persistere
830 4985 863 5052 in
881 4986 1000 5068 eodem
1029 4985 1262 5068 verendumque
1282 4985 1365 5053 lorct
1383 5006 1434 5070 ne,
1457 4987 1600 5072 predicto
1618 4984 1783 5072 privilegio
1801 4981 1909 5067 proavi
1926 4999 1983 5050 uo·

433 5087 612 5157 striuimia
630 5092 788 5157 vetustnto
813 5095 1012 5175 consumpto,
1035 5090 1067 5156 in
1089 5095 1251 5173 posterum
1273 5088 1336 5154 inm
1357 5088 1443 5157 dicte
1463 5090 1570 5157 domui
1591 5089 1799 5176 preludicium
1818 5103 1982 5170 generare-

435 5194 498 5274 tur,
519 5209 578 5259 nos
598 5209 673 5276 crgo
695 5191 928 5275 progenitorum
949 5199 1129 5261 nostrorum
1145 5191 1346 5260 dcvodoncm
1360 5191 1415 5277 pio
1427 5190 1543 5260 affectu
1556 5195 1794 5278 prosequentes,
1815 5187 1983 5274 premissus

436 5288 628 5362 hereditates
652 5312 723 5362 cum
753 5294 929 5363 homiuibus
958 5294 1222 5365 uchbcrtatibus
1250 5294 1499 5382 superscriptis
1528 5292 1764 5377 confirmamus,
1786 5292 1821 5359 in
1843 5297 1983 5361 nestrum

1778 5411 1830 5471 ΜΟ
