4860 6180
613 458 620 470 ·
676 427 751 506 522

532 621 536 628 ’
673 628 759 697 beati
781 627 895 696 hlbani
916 626 1080 711 sanctique
1101 626 1275 708 Eustachii,
1297 645 1431 710 quorum
1453 625 1585 710 reliquie
1605 623 1721 692 ibidem
1742 630 1819 691 snut
1834 622 2002 705 recondito,
2027 621 2228 693 devotissime
2350 656 2353 663 ·

674 737 899 801 consecratum.
944 731 1004 811 Qui
1027 737 1118 816 pater
1139 730 1328 797 nestoriam
1350 729 1455 796 dietus
1476 727 1605 795 donavit
1625 727 1896 811 altariprelibate
1909 727 2145 813 ministerioque
2160 731 2229 798 eius

674 832 934 919 irrefragabiliter
952 834 992 902 de
1010 834 1174 900 voluntate
1194 840 1229 900 ct
1250 851 1402 900 censensu
1424 834 1474 898 sni
1495 830 1633 916 Capituli
1657 837 1810 916 quattuor
1824 849 1946 899 marcas
1960 830 2080 897 usualis
2094 831 2229 917 argenti,

638 1019 640 1022 v
674 936 709 1004 iu
728 942 857 1004 moneta
876 936 1082 1004 Poznaniensi
1104 936 1235 1019 singulis
1257 937 1349 1003 anah
1367 933 1592 1020 percipiendas.
1630 933 1760 1018 Nosque
1773 934 1869 999 altari
1891 939 2001 1000 nestro
2021 938 2056 1000 et
2076 934 2230 1002 ministris

676 1038 826 1122 eiusdem,
848 1058 889 1106 ue
910 1037 1067 1123 prepediti
1089 1039 1276 1106 necessitate
1298 1038 1438 1105 deiectus
1460 1037 1624 1119 contingat
1645 1055 1699 1103 eos
1721 1036 1829 1104 duna
1849 1035 1954 1102 officia
1973 1036 2146 1120 retardare,
2175 1037 2231 1104 da·

675 1159 747 1209 mus
768 1147 957 1227 perpetuum
978 1138 1084 1206 Kalko
1104 1146 1266 1207 araturam
1289 1148 1440 1222 nostram,
1463 1140 1537 1206 ville
1558 1139 1642 1206 dicte
1664 1139 1829 1223 Gorccpmo
1851 1138 2057 1220 adiacentem,
2086 1139 2128 1206 ad
2158 1147 2232 1206 octo
2351 1200 2355 1222 ,

677 1249 786 1312 arana
806 1261 930 1328 magna,
953 1261 1015 1327 que
1036 1242 1077 1309 ad
1102 1242 1250 1310 nestram'
1267 1243 1438 1309 decurrunt
1458 1242 1665 1322 maiestatem,
1695 1259 1766 1309 cum
1794 1239 1903 1322 bobus,
1930 1240 2042 1321 vaccis,
2072 1241 2231 1322 iumentis,
2352 1286 2356 1319 ,

674 1344 795 1429 ovibus,
817 1343 969 1429 strophis,
990 1344 1086 1427 aneis
1111 1344 1207 1428 pullis
1229 1345 1376 1428 omnique
1404 1350 1571 1429 apparatu,
1598 1343 1701 1426 domo,
1728 1342 1851 1426 apibus,
1879 1342 2090 1428 suppellectili
2116 1350 2150 1411 et
2175 1362 2232 1411 aa·

675 1466 768 1516 noua.
812 1447 975 1540 Donautes
997 1446 1126 1531 insuper
1143 1447 1237 1514 ulturi
1259 1452 1369 1514 nostro
1389 1448 1495 1530 sepius
1517 1445 1678 1514 nominato
1699 1446 1811 1530 viginti
1842 1463 1969 1513 mansos
1999 1445 2032 1511 iu
2058 1445 2129 1530 ipsa
2156 1445 2232 1513 villa

675 1568 763 1619 more
780 1549 978 1618 Theutuuico
1000 1549 1113 1631 locata,
1136 1548 1302 1634 Gorcayne
1324 1549 1497 1632 vulgariter
1517 1552 1708 1632 nuncupata,
1730 1549 1817 1615 omui
1838 1566 1910 1615 cam
1930 1547 1999 1614 inre
2016 1546 2121 1615 dumli
2142 1547 2232 1632 peul-

675 1657 729 1722 tus
750 1657 785 1721 et
805 1651 967 1739 poradlne,
990 1671 1062 1720 cum
1083 1670 1179 1720 censu
1200 1658 1234 1720 et
1254 1651 1325 1719 aliis
1347 1650 1574 1734 exactionibus,
1600 1651 1739 1718 serviciis
1767 1657 1801 1718 et
1825 1649 1950 1718 rudens
1977 1649 2136 1734 agregatis
2157 1649 2233 1737 (sic)
2351 1683 2355 1741 ς

677 1759 830 1842 perpetuo
852 1752 987 1823 feliciter
1006 1754 1220 1840 possidendos.
1267 1750 1460 1834 Statueutes,
1481 1759 1519 1820 nt
1539 1752 1677 1820 ministri
1700 1753 1813 1821 altaris
1841 1753 1905 1819 iam
1935 1750 2132 1836 frequentius
2153 1752 2234 1820 reci·
2352 1754 2356 1847 ζ

678 1856 739 1925 tati
760 1856 893 1942 siugulis
916 1856 1026 1925 diebus
1045 1876 1121 1942 pere
1143 1855 1219 1940 (sic)
1237 1873 1272 1922 se
1290 1854 1340 1929 vel
1367 1872 1533 1939 personam
1560 1854 1782 1939 interpositam
1807 1855 1968 1923 celebrent
1994 1855 2163 1923 mhsmum
2181 1873 2233 1923 sa·

675 1963 856 2028 momenta:
878 1958 1043 2028 dominicis
1064 1958 1174 2026 diebus
1195 1957 1302 2026 dicant
1328 1956 1368 2024 de
1396 1963 1507 2025 sancta
1535 1956 1701 2039 Trinitate‚
1725 1956 1868 2025 sabbatis
1894 1957 1935 2025 de
1957 1957 2086 2026 domina
2111 1964 2231 2040 nostra,
2298 2043 2301 2049 ἢ

676 2060 797 2130 Christi
817 2068 920 2130 matre
951 2062 1139 2129 intemerata
1159 2061 1291 2146 Virgine
1310 2059 1463 2145 gloriosa3
1494 2061 1633 2145 exceptis
1659 2058 1770 2128 diebus
1790 2056 1922 2142 lenens,
1948 2059 2095 2128 videlieet
2122 2059 2233 2128 Natali

675 2163 813 2248 Domini,
836 2164 1024 2252 Epyphania
1044 2163 1171 2232 Domini
1193 2169 1227 2230 et
1247 2162 1378 2248 popanti
1398 2162 1536 2245 Domini,
1568 2162 1698 2245 Poscbe,
1728 2163 1930 2231 decessionis
1951 2162 2079 2232 Domini
2098 2169 2133 2231 et
2153 2165 2233 2231 Peu-

676 2273 823 2350 teoestes,
845 2266 1100 2336 solemnitatibus
1121 2272 1231 2335 sancte
1253 2266 1363 2348 ldarie,
1387 2264 1477 2348 lastis
1497 2265 1722 2350 Apostolorum
1743 2271 1778 2335 et
1791 2264 1926 2333 aliomm
1940 2265 2140 2348 Sanctomm,
2154 2283 2234 2350 quo·

674 2389 747 2438 rum
764 2368 868 2441 olfieia
889 2369 967 2455 ipsis
987 2368 1098 2437 diebus
1116 2369 1231 2454 quibus
1253 2386 1288 2436 se
1308 2367 1501 2450 obtulerunt,
1523 2366 1641 2435 ibidem
1661 2367 1868 2436 celebrentur.
1913 2367 1995 2434 Aliis
2022 2386 2096 2436 vero
2122 2367 2234 2436 diebus

674 2471 794 2541 missas
809 2470 949 2541 elicient
967 2469 1195 2540 deiunctemm.
1238 2470 1348 2554 Porro,
1369 2477 1406 2538 ut
1427 2471 1491 2539 ista
1510 2470 1640 2539 donatio
1660 2471 1694 2538 iu
1715 2476 1877 2556 posterum
1903 2472 2023 2540 sentiat
2054 2470 2233 2539 antidotum

677 2578 788 2643 nosne
808 2574 988 2645 donationis
1009 2580 1043 2643 et
1063 2573 1231 2659 specialem
1251 2575 1413 2659 pietatem,
1434 2573 1588 2658 largimur
1608 2573 1837 2641 hereditatibus
1852 2580 1961 2642 sancte
1975 2573 2138 2659 lledvigis
2152 2575 2235 2641 suis·

675 2695 739 2762 que
756 2676 1021 2746 inhabitatoribus
1049 2676 1242 2744 liberrimam
1269 2676 1463 2759 aenaea,
1491 2695 1587 2761 quam
1613 2682 1718 2745 cetere
1741 2678 1934 2746 hereditates
1962 2678 2076 2746 maimi
2103 2679 2234 2747 ecclesie

676 2778 784 2849 dedita
804 2779 995 2863 sorduntur,
1024 2784 1058 2848 et
1079 2799 1117 2847 ea
1141 2779 1336 2864 ampliorem,
1365 2779 1538 2848 eximentes
1559 2779 1601 2847 ab
1624 2780 1710 2848 omni
1737 2780 1907 2861 solucione,
1935 2780 2111 2863 exactione,
2140 2799 2234 2848 vexa·

677 2881 768 2951 cioue
787 2882 948 2966 Poloniea,
970 2881 1092 2951 scilicet
1113 2901 1134 2950 a
1154 2889 1270 2966 stroza,
1293 2901 1455 2966 ammae,
1481 2883 1637 2968 praevod,
1665 2883 1836 2969 poglowye,
1867 2882 2072 2968 podvorove,
2095 2903 2117 2952 a
2137 2884 2234 2951 castri

675 2983 835 3068 citatione,
856 2989 890 3052 et
911 2984 981 3051 aliis
1002 2984 1147 3052 omnibus
1169 3003 1356 3070 quocunque
1376 2985 1503 3054 nemim
1525 2991 1723 3068 censeantur,
1742 2988 1780 3052 ut
1795 2985 1933 3052 ministri
1948 2985 2161 3054 deservientes
2175 2985 2235 3053 ibi·

675 3083 747 3154 dem
767 3084 883 3153 divinis
901 3085 1047 3154 laudibus
1068 3087 1196 3156 valeant
1215 3087 1344 3155 liberius
1366 3086 1520 3156 inherere
1549 3087 1595 3155 Et
1615 3087 1643 3155 si
1660 3088 1766 3174 alique
1786 3086 2008 3155 mutilationes
2022 3087 2235 3155 membrorum

674 3192 732 3256 aut
753 3188 925 3258 homiddia
943 3189 994 3257 vel
1015 3188 1101 3258 furta
1119 3191 1290 3273 evenerint,
1313 3210 1404 3259 nemo
1427 3189 1557 3257 dirimat
1577 3189 1690 3258 libram
1711 3189 1830 3272 iudicii,
1853 3190 1916 3257 uisi
1935 3207 2131 3275 possessores
2152 3189 2235 3256 alta·

676 3289 732 3373 ris,
754 3307 811 3359 seu
833 3290 1017 3376 Capitulum
1039 3292 1169 3361 ecclesie
1190 3292 1421 3361 Pomaniensis.
1466 3293 1547 3360 Item
1576 3293 1752 3361 successive
1777 3292 1975 3376 thabemam
2008 3291 2233 3374 molendinum,

676 3398 842 3480 capturam
864 3394 1007 3480 piscium,
1029 3394 1057 3461 si
1079 3414 1206 3480 operam
1225 3395 1394 3464 habuerint
1415 3401 1609 3478 construere,
1635 3397 1877 3481 permittentem
1903 3396 2100 3478 venadoues,
2127 3396 2155 3462 si
2181 3394 2235 3463 de·

675 3494 852 3579 lactaverit,
876 3496 1019 3582 leporum
1040 3497 1106 3566 sive
1126 3498 1262 3565 aliamm
1284 3496 1563 3579 bestiunculamm,
1586 3498 1749 3581 perdicum
1766 3499 1817 3564 vel
1837 3497 1973 3564 alienam
1994 3497 2130 3565 alituum
2151 3496 2234 3582 (sic),

676 3597 795 3666 eisdem
814 3617 877 3666 uou
897 3598 1084 3666 inhibemus.
1129 3597 1192 3666 Sed
1213 3619 1253 3668 ne
1282 3618 1377 3684 super
1406 3598 1623 3666 huiuscemodi
1647 3598 1827 3667 donationis
1854 3605 1962 3667 nostre
1988 3599 2102 3681 orbita,
2132 3600 2235 3683 ipsam

675 3699 836 3786 irrepente
857 3700 1050 3786 pedetentim
1071 3701 1171 3768 ullum
1193 3701 1323 3769 dubium
1345 3702 1509 3785 contingat
1530 3703 1684 3786 generari,
1706 3702 1747 3769 ad
1765 3702 1947 3770 evitandum
1973 3702 2072 3787 igitur
2103 3701 2234 3769 dubium

676 3807 711 3870 et
731 3821 880 3886 errorem,
900 3805 1003 3872 nostri
1019 3804 1112 3889 sigilli
1128 3803 1301 3871 munimine
1321 3803 1464 3871 volumus
1487 3804 1692 3888 perhennari;
1713 3804 1843 3889 insuper
1864 3803 1985 3873 firmius
2006 3811 2044 3872 ut
2065 3805 2230 3886 consistat,

675 3921 874 3989 summopere
895 3906 999 3990 sigillo
1020 3907 1182 3975 reverendi
1203 3906 1304 3990 patris
1322 3905 1424 3972 nostri
1446 3907 1656 3990 prenominati
1677 3905 1835 3990 simulque
1857 3905 1998 3991 Capituli
2021 3906 2137 3973 ibidem
2159 3906 2233 3991 (sic)

676 4006 780 4091 sigillo
802 4008 970 4091 petivimus
992 4009 1144 4076 roborari.
1189 4008 1271 4076 dcta
1291 4015 1366 4074 sunt
1387 4009 1445 4076 hec
1466 4009 1625 4078 Pomanie
1645 4009 1723 4076 xvi
1741 4008 1902 4077 Kalendas
1921 4009 2125 4094 Septembris,
2148 4028 2233 4076 anno

677 4108 804 4177 Domini
834 4111 1000 4180 millesimo
1028 4111 1242 4179 ducentesimo
1270 4111 1461 4195 octogesimo
1490 4113 1612 4196 quinto,
1639 4112 1814 4180 Indictiene
1835 4111 1907 4194 XV,
1933 4111 2148 4196 presentibus:
2179 4110 2235 4177 do·

676 4212 761 4280 mino
783 4213 951 4281 Vincentio
978 4216 1138 4299 preposito
1167 4220 1201 4281 et
1227 4213 1413 4282 cancellario
1435 4214 1651 4297 Poaaaniensi
1681 4215 1833 4299 magistro
1852 4213 2006 4298 Gregorio
2027 4215 2156 4296 demuo,
2180 4214 2235 4280 at·

676 4312 767 4382 berto
795 4316 971 4399 scolastice,
999 4316 1147 4384 Gabriele
1173 4323 1301 4384 contere
1329 4317 1523 4398 Gncanensi;
1558 4316 1679 4383 Temka
1713 4317 1853 4396 custode,
1885 4316 2050 4399 llichaele,
2083 4318 2236 4400 magistro

676 4415 786 4500 Paule,
809 4418 1011 4500 Theoderico,
1034 4426 1068 4485 et
1086 4437 1181 4503 quam
1204 4418 1347 4503 pluribus
1369 4420 1500 4504 prelatis
1520 4424 1555 4484 et
1575 4419 1733 4486 canonicis
1755 4418 2040 4500 Poananieasibua3
2067 4419 2236 4486 comitibus

677 4516 811 4586 Nicolao
833 4521 973 4604 palatino
995 4521 1190 4601 Kalissiensi,
1214 4521 1366 4589 Petrcone
1385 4521 1557 4588 castellano
1579 4520 1795 4602 Poznanieasi,
1824 4520 2016 4588 Gncvomiro
2045 4520 2148 4588 iudice
2174 4522 2235 4588 Po·

675 4622 848 4703 ananiensi,
871 4622 1029 4706 Boguslao
1051 4625 1278 4690 sucesmererie
1300 4630 1334 4689 et
1355 4622 1525 4690 castellano
1547 4622 1587 4688 de
1610 4622 1737 4705 Uscace,
1765 4629 1799 4689 et
1820 4622 1892 4689 aliis
1919 4622 2086 4690 comitibus
2115 4630 2150 4690 et
2180 4622 2236 4690 bo·

676 4722 805 4790 renibus
829 4724 890 4791 lide
911 4725 1023 4808 dignis.
1069 4724 1267 4792 Venerabilis
1289 4725 1406 4792 Vitatis
1429 4726 1459 4791 in
1482 4726 1630 4809 querulo:
1653 4725 1780 4809 Scripta
1800 4725 1895 4793 tidem
1914 4730 2052 4807 servant,
2075 4745 2235 4794 cemmen-

676 4822 733 4891 dat
754 4825 869 4909 pagina
887 4845 1005 4906 verum,
1028 4826 1113 4892 lacta
1134 4827 1341 4910 putabuntur,
1364 4847 1425 4911 que
1447 4827 1514 4892 sine
1537 4832 1619 4892 teste
1640 4835 1737 4910 geret.
1775 4827 1894 4894 Datum
1917 4847 1973 4911 per
1995 4846 2109 4895 manus
2129 4828 2236 4895 lacohl

676 4927 792 4993 notarii
815 4929 901 4995 curie
924 4935 1031 4995 nostre
1052 4935 1086 4993 ct
1108 4928 1250 4994 carronici
1273 4928 1504 4995 Poananieusis.

779 5130 894 5216 Kalko,
917 5137 1011 5197 ornan
1034 5137 1149 5200 ervitte.
1195 5133 1369 5220 Gorcayno,
1400 5133 1547 5214 cerame.
1593 5132 1722 5216 Uscace,
1751 5133 1862 5212 wlede.
