4860 6180
1293 345 1296 352 Ι
2083 246 2164 322 tel

617 445 773 518 roborari
817 447 934 517 Actum
952 447 987 515 iu
1007 446 1137 516 eeuobio
1155 446 1241 516 beati
1261 446 1424 515 Laurentii
1444 454 1520 515 ente
1540 447 1632 515 iistis
1652 464 1736 515 anno
1760 445 1888 514 Domini
1912 445 2167 532 uccimvn,

618 548 650 619 V
670 548 779 618 Nonas
797 548 880 633 Iulii,
895 550 1107 635 presentibus:
1130 546 1245 618 sumite
1259 549 1393 616 Iarostio
1407 551 1548 633 palatino
1563 549 1761 632 Kolissiensi‚
1776 550 1927 636 magistro
1943 550 2167 619 Bartholomeo
2294 626 2296 630 ,

617 645 782 752 ambitieo
803 651 991 736 Lubueousi
1014 652 1129 721 oemite
1147 651 1329 736 Beligostio
1349 651 1521 719 mmerano
1542 651 1662 720 domini
1683 652 1822 740 episoopi
1843 671 1941 737 supro
1956 653 2045 721 dieu

618 850 899 1024 Mdelliffguo,
921 859 1072 937 letipoeo.
1106 855 1313 939 Verorehino,
1342 859 1565 939 Wmierezyu.
1599 856 1807 942 Lubueensis,
1837 862 1876 925 dc
1902 859 2038 940 suum,
2063 880 2083 924 z
2104 863 2169 927 nie·

712 975 734 1022 o
847 1004 856 1022 .

1289 1151 1363 1239 Nu.
1395 1147 1495 1237 264„

668 1377 670 1382 ·
722 1345 880 1431 Prsmhl
907 1348 985 1430 dux
1009 1346 1160 1431 Polonie
1187 1353 1318 1430 1247
1344 1347 1420 1432 Jui.
1446 1350 1490 1444 8,
1515 1346 1559 1430 in
1584 1347 1702 1431 Τιοιιο
1728 1350 1777 1433 sd
1802 1352 1971 1434 sensum
1994 1350 2169 1456 idariam3

619 1469 786 1544 eoniirmat
805 1467 1006 1535 donationem
1032 1469 1218 1537 hereditatis
1245 1469 1394 1554 Rogsliu,
1422 1487 1442 1533 a
1468 1466 1599 1535 Nieoiao
1622 1471 1772 1537 canoniea
1793 1476 1881 1538 certa
1907 1470 1966 1539 sub
1992 1471 2171 1542 mnditione

590 1571 594 1579 '
621 1575 772 1646 eeclesiae
792 1574 998 1693 Pennaniensi
1017 1573 1144 1656 iseum,
1164 1574 1294 1659 eiusque
1307 1570 1418 1639 ineolis
1432 1569 1595 1640 libertates
1608 1572 1814 1657 antiquarum
1827 1575 2008 1660 praedictae
2022 1575 2171 1645 eeclesiae

618 1676 998 1846 Ἦὲἒὶωῒιῑσὴιν.
1024 1783 1163 1862 Capituli
1177 1780 1243 1844 Le.
1257 1783 1355 1860 prieti
1371 1782 1407 1857 B,
1421 1782 1476 1846 Νι.
1490 1780 1566 1845 rto.
1581 1813 1626 1827 -
1640 1777 1822 1861 rimport,
1837 1783 1908 1855 ‚eod
1922 1779 2044 1862 diplom
2055 1784 2169 1852 uate.

620 1885 723 1952 Peiora
744 1885 800 1950 29.

722 2087 762 2157 Iu
782 2089 910 2157 nomine
929 2087 989 2155 Dei
1009 2086 1113 2155 eterni
1141 2104 1243 2154 amen.
1287 2085 1440 2166 Quoniam
1461 2091 1534 2154 seta
1554 2092 1589 2154 et
1608 2088 1788 2155 voluntates
1810 2085 1973 2154 hominum
1994 2107 2052 2172 per
2072 2088 2171 2158 inter·

619 2190 705 2260 ralla
725 2196 902 2276 temporum
923 2191 1028 2258 solent
1047 2188 1174 2271 variari,
1196 2206 1323 2257 neeesse
1341 2195 1391 2256 est
1411 2189 1497 2274 quod
1514 2208 1553 2256 ee
1573 2208 1636 2275 que
1655 2189 1771 2274 debent
1784 2191 1976 2276 perpetuari,
1991 2192 2171 2262 littemram

620 2292 762 2379 apicibus
779 2298 981 2375 muniantur,
1003 2297 1043 2360 ut
1063 2292 1109 2359 sie
1129 2295 1327 2375 posterorum
1348 2291 1463 2359 noticia
1483 2299 1714 2376 presenteutur.
1747 2292 1825 2361 iude
1842 2300 1893 2362 est
1913 2294 2000 2379 quod
2019 2313 2077 2363 uos
2094 2295 2172 2365 Pre-

620 2395 692 2465 misi
713 2396 774 2465 Dei
794 2396 900 2482 mua
919 2397 984 2463 dux
1004 2394 1134 2462 Polonie
1152 2400 1262 2464 notum
1281 2412 1351 2461 esse
1369 2394 1514 2462 volumus
1534 2395 1680 2462 omnihus
1701 2402 1768 2464 tam
1785 2397 1985 2481 presentibus
2005 2417 2102 2483 quam
2121 2398 2172 2467 iu·

621 2497 712 2582 baris,
732 2500 818 2585 quod
838 2499 873 2567 in
897 2506 1008 2567 nostra
1031 2503 1067 2566 et
1093 2496 1280 2566 umsrabiiis
1309 2498 1411 2580 patris
1439 2498 1542 2564 nostri
1565 2497 1686 2565 domini
1709 2498 1856 2584 Boguisii
1884 2501 2024 2585 episeopi
2051 2500 2172 2569 Poena·

621 2600 739 2670 niensis
759 2608 1002 2685 numerumque
1022 2599 1176 2668 hrenum
1196 2599 1358 2683 presentia
1383 2600 1574 2667 constitutus
1599 2600 1745 2669 dominus
1773 2601 1925 2671 Nicotaus
1948 2603 2172 2672 Poananieusis

621 2703 799 2787 mnouteus,
819 2703 908 2772 dedit
928 2702 1036 2785 iibere,
1057 2701 1144 2770 nullo
1166 2701 1357 2787 impediente
1378 2702 1428 2769 vel
1447 2702 1544 2770 etiam
1565 2702 1766 2781 reclamante,
1780 2704 1988 2772 hereditatem
2002 2724 2093 2774 suam
2107 2705 2172 2774 Ro·

400 2824 405 2831 ·
555 2873 561 2882 ,
619 2806 726 2894 padue
746 2813 960 2892 nuncupatam
979 2805 1111 2875 eoelesie
1130 2803 1348 2896 Poansniensi
1376 2803 1436 2871 cu
1455 2804 1620 2872 doustioni
1641 2824 1699 2873 nos
1717 2808 1805 2892 pium
1822 2825 1986 2875 assensum
2004 2807 2172 2892 prebentes

620 2914 656 2978 et
674 2909 716 2978 ab
736 2909 807 2994 ipso
824 2910 1025 2993 seeipieutes,
1046 2907 1190 2976 dedimus
1211 2912 1248 2975 ut
1266 2912 1453 2976 consuetum
1473 2912 1524 2975 est
1548 2908 1618 2974 fieri
1637 2909 1672 2975 iu
1693 2928 1805 2976 manus
1827 2909 1966 2994 episeopi
1987 2910 2173 2995 supradicti,

620 3011 677 3098 qui
696 3012 824 3080 nomine
844 3030 901 3080 sue
922 3018 958 3079 et
974 3018 1084 3079 nostre
1103 3010 1233 3079 eoeleste
1251 3009 1475 3078 Poznauieusis
1496 3010 1637 3094 suseepit
1655 3011 1757 3095 ipsam
1777 3011 1896 3094 villam,
1914 3011 2059 3098 obligans
2072 3031 2109 3082 se
2121 3013 2173 3081 ui·

397 3064 405 3107 ²
459 3147 467 3160 ·
598 3098 809 3184 'ummun
825 3133 884 3199 pro
904 3114 1038 3183 emen
1064 3120 1099 3182 e
1123 3112 1275 3182 missu
1298 3113 1365 3180 sus
1387 3112 1428 3181 ue
1452 3112 1585 3181 seusu
1610 3113 1653 3181 ιι
1679 3114 1800 3182 meum
1823 3115 1985 3183 nominum
2006 3114 2174 3184 risuum

620 3214 745 3302 publius
765 3234 872 3285 eoram
891 3215 996 3300 uubis,
1022 3215 1107 3301 quod
1133 3214 1233 3283 filium
1262 3232 1355 3283 suum
1383 3213 1554 3282 Iohannem
1574 3215 1722 3284 ιῑιιίοιιιιι
1742 3223 1817 3302 post
1837 3224 1973 3287 mortem
1994 3216 2119 3287 Nieohi
2138 3217 2173 3285 in

621 3317 731 3388 endem
751 3317 902 3388 loeabunt
923 3318 998 3386 villa
1018 3318 1069 3387 uel
1089 3317 1228 3388 alieubi
1248 3317 1384 3386 dominis
1403 3316 1561 3386 ridebitur
1580 3317 1738 3404 expedire
1760 3338 1857 3405 quam
1870 3320 1968 3388 etiam
1981 3321 2109 3389 nomine
2121 3339 2174 3389 ee·

621 3419 717 3490 desis
736 3420 822 3490 idem
841 3420 998 3490 Iohannes
1020 3440 1093 3490 eum
1113 3421 1235 3490 dedma
1254 3421 1407 3504 quamdiu
1427 3421 1543 3488 uixerit
1562 3420 1745 3507 possidebit,
1767 3422 1829 3490 nisi
1851 3423 1953 3491 eidem
1967 3422 2101 3490 Iohanni
2122 3441 2174 3506 eo,-

589 3592 593 3603 ,
621 3521 719 3593 desis
737 3523 834 3592 aliter
852 3524 989 3593 voluerit
1009 3522 1183 3610 providere
1226 3523 1366 3591 Iohonne
1391 3528 1498 3592 autem
1523 3527 1664 3607 mortum,
1692 3522 1810 3591 redibit
1839 3523 1916 3591 villa
1943 3524 1986 3592 ad
2010 3525 2174 3596 eeeioeiam

622 3641 694 3697 sum
714 3625 860 3694 omnibns
880 3644 944 3711 que
964 3630 1042 3694 tune
1061 3625 1096 3693 in
1116 3644 1155 3694 ea
1175 3624 1293 3693 fuerint
1314 3631 1455 3711 operata,
1483 3625 1605 3693 seiiieet
1625 3625 1756 3708 matris,
1774 3625 1879 3695 unceis
1899 3632 1934 3695 et
1954 3626 2026 3695 aliis
2047 3626 2175 3711 pendi-

622 3727 692 3814 bes,
713 3748 785 3800 eum
803 3717 990 3798 utensilibus
1010 3746 1073 3813 que
1093 3729 1222 3798 domum
1243 3730 1439 3813 eontingunt
1461 3728 1528 3795 Nos
1548 3746 1624 3796 vero
1646 3746 1718 3797 eum
1739 3730 1858 3796 nostris
1878 3728 2037 3797 nobilibus
2049 3735 2174 3815 gramm

622 3837 657 3901 et
675 3837 780 3902 ratam
800 3832 952 3902 habentes
971 3833 1202 3901 ordinationem
1222 3832 1269 3901 sie
1294 3850 1365 3899 eum
1394 3830 1526 3899 eeclesia
1549 3830 1677 3914 iaetem,
1703 3831 1817 3900 darum
1843 3851 1968 3900 omnem
1993 3831 2174 3902 libertatem

622 3932 706 4004 diste
722 3933 798 4003 ville
816 3934 971 4018 Regalino
991 3953 1088 4019 quam
1103 3934 1167 4002 oiie
1186 3934 1261 4001 ville
1281 3933 1560 4017 antiqus'eoeissis
1587 3933 1706 4002 habent
1733 3936 1768 4001 in
1788 3934 1927 4001 dominio
1948 3939 2034 4002 terre
2054 3941 2174 4017 nostro,

622 4038 657 4102 et
676 4039 715 4104 et
733 4033 794 4103 hee
814 4034 947 4103 firmiter
965 4036 1182 4118 observentur,
1203 4036 1285 4103 haue
1305 4036 1446 4102 litteram
1466 4036 1525 4102 sub
1546 4042 1656 4105 nostru
1673 4036 1776 4121 sigilio
1791 4035 1935 4105 dedimus
1949 4043 2058 4104 nostre
2076 4037 2175 4105 eeeie

622 4135 669 4206 sio
688 4137 914 4222 eoumgnatam
946 4139 1063 4206 Actum
1081 4137 1115 4204 in
1136 4136 1240 4204 Trono
1261 4135 1303 4204 ad
1322 4140 1466 4203 muctam
1487 4135 1623 4204 hieriam
1644 4139 1696 4207 die
1717 4144 1833 4223 quarto
1855 4143 1929 4224 post
1951 4138 2067 4207 iestum
2087 4137 2175 4207 beati

554 4257 557 4264 ·
623 4237 720 4325 Petri,
747 4259 832 4310 auno
851 4240 980 4308 Domini
1005 4238 1274 4321 musaeu,
1296 4237 1495 4324 presentibus
1517 4240 1632 4308 comite
1656 4240 1797 4309 Iaroslao
1822 4241 1964 4326 puseus
1992 4242 2174 4324 Kslisieusi,

623 4339 750 4430 Bogus
775 4342 1007 4411 subeamerario
1038 4341 1226 4426 (inmensi,
1259 4340 1403 4410 Bodnsta
1433 4340 1665 4411 subeumemrio
1696 4342 1919 4426 Poauauiensi‚
1951 4343 2174 4411 Bnnhoiomee

623 4445 788 4516 seolastieo
808 4445 986 4515 Lubueensi
1007 4450 1042 4513 et
1062 4444 1144 4513 aliis

724 4649 888 4737 Itoffsiine
910 4654 1049 4732 emate
1082 4650 1205 4719 Tronus
1226 4649 1268 4718 ad
1288 4669 1314 4718 s.
1337 4649 1484 4736 Μιήιιιι,
1512 4672 1554 4718 re
1577 4658 1611 4719 ia
1633 4651 1768 4721 Pezion
1805 4651 2017 4736 Lubuoeusis
2050 4656 2089 4719 dc
2108 4649 2175 4718 se

624 4751 704 4832 bats,
726 4775 745 4821 z
764 4757 930 4824 nimime
950 4757 1054 4822 teus.
