4860 6180
1905 455 1982 531 489

431 645 558 730 dicitur,
594 651 717 730 Wyrpn,
744 655 872 717 znievo.
909 653 1045 731 Wispnu.
1097 650 1225 734 levium
1253 656 1381 720 demitto.
1432 653 1605 736 vicentino,
1640 659 1788 723 Wilomin.
1837 657 1983 740 Sugrilltu

432 748 628 832 Porstolono,
661 756 712 816 nic
734 757 932 833 odpcduionc.
977 751 1158 835 Milebunic,
1191 762 1300 836 lllylltt'e·
1330 777 1407 823 eron.
1432 756 1620 838 Milobuucc‚
1657 762 1819 845 Mllobpclz,
1850 781 1868 824 ι
1897 764 1983 824 nient

434 854 606 918 Ildllbcnz.
655 851 832 936 (lumenve,
867 854 1012 921 czcczdro.
1061 855 1160 922 Purilc
1188 864 1297 938 rvrpluic
1325 880 1399 924 zcvu
1428 859 1538 940 Pueik‚
1570 864 1682 927 lecto.
1733 862 1910 945 lircstiino,
1934 867 1984 928 urle

433 952 631 1038 amulone.
674 956 869 1040 uiloecovo,
894 961 1073 1027 nomem.
1118 958 1228 1046 nubo,
1251 964 1336 1027 moa
1355 983 1402 1030 n.
1423 983 1443 1028 ι
1464 968 1553 1030 mem.
1574 965 1663 1032 roa.
1699 963 1824 1048 svecze,
1849 951 1983 1034 seem.

1048 1317 1051 1326 -
1103 1257 1177 1345 Nn.
1210 1255 1312 1346 524.

538 1449 726 1536 liurdm
761 1449 825 1556 Pp.
856 1452 912 1535 IV
944 1456 1085 1536 1283
1120 1453 1197 1538 Jul.
1223 1458 1308 1546 30,
1343 1452 1985 1560 npulllrbcmvetcrem31aoobom

432 1578 592 1744 w
613 1570 829 1641 Gneznensem
850 1572 952 1642 eidem
969 1573 1118 1644 ecclcsiae
1139 1575 1173 1642 in
1193 1575 1462 1661 ncniepiscopun
1491 1577 1635 1662 praeficit
1658 1583 1693 1647 et
1717 1578 1757 1647 de
1783 1597 1871 1647 more
1900 1597 1984 1647 com·

411 1875 415 1881 .
540 1781 676 1857 Mne,
700 1783 895 1848 commento
916 1784 1020 1848 dictor.
1042 1781 1187 1848 Pdonlce
1210 1784 1238 1858 Ι,
1261 1784 1334 1846 tos.

535 1986 694 2056 linrdnus
715 1987 879 2073 episcopus
901 1995 999 2070 (etc),
1021 1987 1137 2056 dilecto
1156 1986 1223 2056 illio
1245 1986 1359 2056 lneobo
1389 1988 1490 2056 electo
1519 1989 1698 2058 Gnezncnsi
1723 1989 1859 2058 sdutem
1888 1996 1985 2069 (etc).

390 2111 393 2118 ·
433 2091 531 2161 Recte
552 2097 629 2161 tune
648 2091 850 2158 ecclesiarum
872 2086 1007 2158 utilitati
1025 2092 1216 2176 prospicitur
1236 2097 1270 2159 et
1284 2091 1506 2176 indempnitnti
1520 2093 1691 2161 sulubriter
1704 2099 1900 2178 procuretur,
1916 2112 1987 2162 cum

433 2195 557 2263 dilectis
578 2201 612 2262 et
632 2194 771 2280 providis
792 2194 933 2279 ipserum
955 2213 1033 2262 curs
1054 2195 1274 2276 committitur,
1296 2201 1331 2262 et
1343 2194 1544 2262 viduatorum
1559 2196 1703 2280 regimini
1717 2204 1860 2281 posteros
1874 2195 1988 2280 ydonei
2011 2252 2012 2255 ,

432 2305 658 2385 preponuntur.
703 2296 796 2366 Unde
817 2316 885 2380 nos,
903 2299 959 2383 qui
980 2297 1055 2366 licet
1076 2296 1338 2365 insufficientibus
1359 2298 1482 2366 meritis
1502 2298 1537 2364 in
1558 2298 1684 2366 sublimi
1699 2317 1808 2366 snmus
1822 2297 1988 2383 apostolici

433 2402 579 2471 culminis
598 2400 727 2486 speculo
747 2401 933 2486 disponente
945 2400 1081 2468 Domino
1102 2402 1278 2483 constituti,
1301 2402 1384 2468 curis
1405 2402 1564 2468 continuis
1582 2404 1737 2486 ungium,
1759 2409 1798 2470 nt
1812 2403 1922 2470 cedem
1935 2419 1987 2470 eo·

434 2505 527 2575 clesie
547 2511 656 2574 nostre
677 2504 898 2572 sollicitudinis
919 2505 1026 2572 studio
1047 2522 1104 2589 per
1124 2511 1270 2589 pastores
1289 2505 1506 2590 gubernentur
1531 2504 1715 2587 industrios,
1746 2509 1779 2572 et
1809 2523 1867 2589 per
1891 2503 1989 2571 duces

433 2608 615 2694 perspicuos
636 2607 669 2674 in
691 2608 757 2676 suis
777 2607 923 2692 gregibus
945 2608 1132 2693 dirigentur.
1177 2608 1262 2676 Sone
1282 2608 1401 2675 dudum
1422 2607 1602 2675 Gneznensi
1628 2608 1761 2691 ecclesie
1788 2626 1847 2692 per
1867 2606 1989 2673 obitum

433 2709 514 2778 bone
535 2708 683 2777 memorie
704 2708 837 2776 Martini
858 2708 1053 2777 Gneznensis
1074 2709 1302 2794 archiepiscopi
1322 2710 1478 2777 destitute
1497 2715 1636 2794 pastore,
1654 2710 1763 2777 dilecti
1783 2708 1841 2776 lilii
1857 2707 1989 2793 capitu-

433 2813 500 2880 lum
520 2811 659 2880 einsdem
678 2811 810 2879 ecclesie
824 2813 1045 2880 convenientes
1058 2812 1093 2877 in
1110 2829 1219 2893 unum,
1242 2810 1480 2880 Wlostiberium
1494 2812 1634 2880 eiusdem
1649 2812 1779 2880 ecclesie
1794 2811 1991 2893 canonicum,

433 2917 468 2983 in
488 2913 757 2999 archiepiscopum
785 2913 1002 2982 Gneznensem
1029 2913 1227 2982 concorditer
1250 2914 1421 2998 elegerunt
1466 2913 1672 2982 Postmodum
1701 2904 1808 2983 nutem
1838 2912 1990 2998 predictis

435 3016 582 3111 anitulo
603 3015 853 3101 supplicantibus
873 3015 974 3084 felicis
988 3015 1215 3083 recordationis
1230 3015 1362 3104 Nicoloo
1377 3016 1462 3100 Pepe
1476 3018 1692 3101 predecessori
1707 3023 1827 3099 nostro,
1851 3023 1898 3099 ut,
1917 3034 1988 3084 cum

434 3120 516 3190 idem
537 3121 706 3190 eunonium
726 3123 857 3203 propter
875 3119 1014 3203 inopium
1035 3117 1166 3186 ecclesie
1187 3118 1310 3204 prefate
1335 3137 1374 3187 oc
1394 3137 1601 3203 expenscmm
1627 3119 1784 3189 deiectum
1812 3138 1933 3187 necnon
1954 3102 1997 3187 e}
2042 3129 2047 3141 ·

433 3224 555 3292 vlnrnm
581 3221 773 3305 discrimino,
806 3241 870 3289 non
903 3229 1010 3306 posset
1036 3222 1196 3307 commode
1226 3223 1267 3291 cd
1297 3222 1504 3306 apostolicam
1529 3220 1641 3290 Sedcm
1672 3223 1819 3291 secedere
1845 3240 1903 3307 pro
1932 3239 1990 3290 sne

434 3325 596 3395 electionis
617 3325 744 3410 negotio
766 3324 993 3410 prosequendo,
1016 3325 1181 3409 providere
1201 3342 1299 3408 super
1319 3324 1380 3394 hoc
1396 3329 1531 3409 pntcrnn
1548 3323 1760 3393 sollicitudine
1789 3324 1988 3409 dignaretur:

433 3429 517 3498 idem
534 3427 736 3513 predecessor
757 3427 926 3495 venerabili
948 3425 1040 3493 irntri
1062 3432 1213 3494 nostro..
1235 3426 1385 3504 Firmnno
1407 3425 1562 3511 episcopo,
1593 3431 1669 3493 tunc
1691 3427 1724 3493 in
1752 3426 1817 3494 illis
1845 3427 1990 3510 portibus

434 3529 607 3617 apostolice
627 3529 717 3598 Sedis
739 3530 854 3614 legato,
877 3530 1112 3613 inquisitionem
1134 3528 1309 3604 inciendnm
1332 3530 1371 3596 de
1391 3529 1485 3597 modo
1506 3529 1670 3597 electionis
1685 3529 1826 3614 predicte
1839 3549 1877 3596 nc
1891 3529 1993 3614 ipsius

435 3633 578 3702 cunonici
599 3633 732 3715 meritis,
754 3651 812 3717 per
832 3649 907 3698 suns
923 3632 1048 3699 litteras
1070 3631 1130 3698 sub
1151 3638 1240 3700 certe
1261 3631 1363 3699 iormn
1384 3631 1551 3701 commisit.
1598 3629 1741 3717 Cumque
1762 3632 1924 3717 predictus
1945 3632 1991 3700 le·

437 3743 531 3822 pctus
552 3733 685 3804 eundem
707 3735 890 3802 canonicum
912 3733 953 3801 cd
976 3752 1065 3800 sunm
1086 3735 1280 3818 presentium
1294 3741 1465 3815 evooesset,
1487 3733 1572 3800 idem
1587 3734 1756 3801 cononicus
1769 3735 1842 3815 iuri,
1862 3735 1891 3800 si
1905 3734 1990 3819 quod

437 3840 496 3908 sibi
519 3857 576 3925 per
596 3837 781 3906 electionem
803 3836 981 3904 huiusmodi
1004 3837 1201 3922 competebat
1222 3837 1271 3905 vel
1294 3842 1471 3921 competere
1492 3841 1629 3919 poteret,
1651 3835 1750 3903 libere
1771 3855 1809 3905 nc
1828 3842 1943 3921 sponte
1956 3837 1991 3904 in

436 3940 580 4010 mumbus
605 3939 703 4024 legati
729 3939 921 4006 renuntiavit
950 3939 1099 4021 eiusdem,
1127 3957 1247 4023 nosque
1276 3934 1408 4021 paterno
1434 3938 1650 4005 desiderantes
1682 3936 1807 4022 affectu,
1834 3938 1919 4023 quod
1948 3938 1988 4007 de

437 4062 552 4130 sponso
573 4042 714 4127 legitimo
736 4047 770 4108 et
790 4041 912 4126 ydoneo
933 4043 1151 4127 provideretur
1172 4040 1303 4109 ecclesie
1325 4046 1506 4124 memorate,
1528 4041 1568 4109 de
1581 4041 1697 4109 dilecto
1710 4040 1776 4108 filio
1790 4040 1890 4108 irntre
1904 4042 1991 4110 Hen-

437 4147 503 4215 rieo
524 4143 565 4214 de
585 4144 679 4226 Bren,
702 4143 829 4212 Ordinis
850 4143 1020 4226 Minorum,
1042 4163 1136 4227 quern
1157 4144 1248 4212 nobis
1262 4144 1302 4212 dc
1317 4143 1483 4212 nobilitate
1500 4146 1633 4228 generis,
1654 4145 1832 4211 litterarum
1847 4146 1990 4227 scientio,

437 4250 603 4318 honestate
631 4266 755 4315 morum
780 4247 914 4331 cunque
936 4247 1091 4314 virtutum
1118 4247 1242 4314 meritis
1274 4246 1336 4315 ilde
1368 4247 1533 4330 dignorum
1561 4247 1742 4314 testimonia
1773 4248 1992 4331 multipliciter

438 4349 705 4432 commendarunt,
734 4350 774 4418 dc
801 4350 936 4417 irotnrm
962 4354 1142 4417 nostrorum
1169 4349 1299 4415 consilio
1326 4356 1360 4415 et
1386 4350 1559 4433 apostolice
1589 4349 1784 4433 plenitudine
1810 4352 1990 4435 poneretis,

437 4453 579 4539 predicte
599 4453 778 4522 Gnezncnsi
799 4451 930 4520 ecclesie
951 4452 1097 4518 duximus
1123 4452 1359 4536 providendum.
1404 4451 1522 4518 Verum
1552 4450 1694 4536 predicto
1726 4451 1824 4521 irutre
1854 4453 1991 4521 chriec

438 4565 589 4626 renuente
610 4557 819 4642 provisionem
842 4555 1020 4622 huiusmodi
1042 4560 1216 4638 accepturo,
1238 4554 1351 4639 prefati
1385 4553 1568 4638 Capitulum
1591 4553 1729 4621 eiusdem
1750 4556 1881 4623 ecclesio
1904 4557 1936 4622 iu
1958 4561 1993 4624 tc

438 4666 515 4728 tuuc
535 4665 696 4729 cantorem
718 4659 817 4744 ipsius
838 4658 968 4725 ecclesie
988 4665 1062 4724 voto
1082 4677 1140 4724 suo
1161 4658 1352 4724 uunniruitcr
1366 4656 1557 4738 direxerunt,
1581 4663 1614 4723 tc
1630 4657 1767 4723 insnum
1782 4658 1992 4741 archicpisco-

441 4781 517 4847 pum
531 4763 691 4847 eligentes.
725 4762 858 4828 Domum
873 4779 946 4827 vero
968 4766 1001 4828 te
1023 4762 1056 4827 in
1078 4767 1187 4829 nostru
1205 4767 1239 4827 ct
1258 4759 1469 4844 predictorum
1491 4759 1624 4827 lintrem
1639 4764 1819 4827 nostrorum
1834 4761 1994 4844 presentis

440 4865 473 4931 iu
496 4865 612 4931 uostris
632 4864 777 4932 munibus
799 4864 896 4930 libore
918 4883 956 4928 oc
976 4870 1088 4946 sponte
1111 4864 1312 4930 uerrunliuutc
1333 4864 1418 4930 enini
1440 4863 1512 4945 iuri,
1534 4864 1562 4929 si
1585 4863 1669 4946 quod
1697 4861 1755 4929 tibi
1783 4883 1839 4947 por
1865 4863 1992 4931 electio·

440 4986 512 5034 nem
532 4966 710 5032 huiusmodi
731 4966 771 5034 de
794 4972 825 5032 te
847 4967 962 5033 lactum
984 4964 1089 5032 lucret
1109 4967 1313 5048 acquisitum:
1337 4985 1395 5034 uos
1410 4966 1587 5032 huiusmodi
1605 4965 1838 5031 renuntiatione
1855 4970 1991 5049 rcccptn,

440 5068 673 5153 periculisque
701 5087 757 5152 per
787 5069 981 5135 vocationem
1012 5069 1166 5134 diutinum
1193 5068 1294 5135 eidem
1324 5075 1452 5153 possent
1477 5068 1607 5135 ecclesio
1629 5067 1790 5135 imminere
1816 5068 1994 5151 provisione
2135 5110 2144 5128 .

441 5169 534 5238 celeri
556 5189 720 5238 occurrere
748 5171 918 5254 cupiooos,
947 5171 987 5237 orl
1015 5190 1178 5254 porsonam
1208 5179 1306 5252 tunm,
1332 5173 1383 5239 cui
1409 5171 1449 5237 dc
1475 5171 1542 5237 vitu
1570 5168 1730 5250 nudabili,
1758 5169 1993 5237 conversatione

440 5272 573 5355 placido,
595 5271 774 5339 littcurruur
796 5272 937 5354 scicntia,
960 5293 1082 5338 nuuuur
1103 5274 1267 5340 lrorustnte
1280 5274 1402 5353 viceour,
1425 5273 1637 5356 spirituudiuru
1653 5271 1850 5355 prrovidcutio
1865 5278 1899 5338 et
1914 5279 1992 5338 tern-

441 5373 594 5458 pornliuru
623 5375 790 5459 prudentio
818 5375 972 5442 laudabile
1001 5376 1214 5442 tostiurouiuur
1242 5375 1434 5460 perhibetur,
1465 5383 1572 5444 suestre
1599 5374 1857 5443 mursidorutiouis
1886 5375 1993 5442 oculos

1800 5493 1836 5548 62
