4860 6180
2116 313 2197 429 s'ss'

643 544 801 633 quondam
827 546 990 614 metellini
1020 546 1053 614 in
1073 547 1224 631 Meseriz,
1252 549 1360 616 domui
1386 559 1494 620 sancte
1518 551 1619 620 Mario
1646 549 1777 634 virginis
1803 553 1968 637 sanctique
1993 551 2133 622 Heinriai
2158 552 2192 621 in
2344 565 2347 573 '

645 647 838 731 Doberlueh,
866 648 993 717 Ordinis
1023 649 1264 736 cysterciensis,
1294 643 1592 742 hereditatemque
1620 658 1752 722 vocatur
1777 652 1934 723 Mascowc
1959 675 2029 724 cuni
2050 656 2192 725 omnibus

509 773 515 784 ‘
644 752 788 822 terminis
808 751 874 818 suis
896 770 953 836 pro
973 753 1150 822 animarum
1179 773 1309 822 morum
1334 775 1391 825 noc
1415 776 1478 825 non
1499 764 1664 843 parentum
1684 774 1813 823 snorum
1837 756 1977 825 remedio
1998 758 2032 825 in
2050 760 2193 827 elemosi-

643 872 718 924 nani
739 854 949 922 contiileiimt
977 854 1025 923 Ut
1042 863 1149 923 autem
1164 855 1280 925 iratres
1299 859 1333 926 in
1347 860 1440 928 domo
1454 861 1626 945 supradicti
1639 859 1711 945 (sio)
1726 848 1848 944 plenius
1863 846 2063 927 consolentur
2077 869 2111 930 et
2124 880 2191 930 irn-

643 956 737 1043 pliori
757 957 916 1041 gaudeant
935 956 1097 1040 libertate,
1119 959 1264 1027 volumus
1284 966 1323 1028 ut
1344 960 1453 1029 famuli
1475 962 1594 1031 Christi
1616 963 1730 1031 ibidem
1751 959 1943 1043 habitantes,
1956 962 2109 1031 'omnibus
2129 965 2192 1031 uti·

642 1058 797 1142 litatibns,
818 1058 963 1126 videlicet
981 1059 1121 1142 lacubus,
1143 1062 1242 1144 silvis,
1263 1064 1375 1147 pratis,
1398 1069 1432 1130 et
1451 1065 1478 1130 si
1492 1082 1554 1148 qne
1567 1065 1629 1132 alie
1642 1065 1798 1132 utilitates
1819 1063 1886 1130 sint
1906 1062 1956 1130 vel
1978 1065 2194 1146 erunt‘libero

643 1159 856 1247 perfluantur.
902 1158 1100 1243 Contulimus
1121 1163 1218 1232 etiam
1240 1164 1358 1232 eisdem
1380 1165 1531 1232 fratribus
1551 1167 1746 1251 improdicta
1769 1166 1945 1235 hereditate
1973 1166 2065 1234 uillas
2089 1165 2194 1235 locare

644 1255 868 1347 Toutbonicas,
896 1281 1092 1348 quocumque
1118 1265 1187 1334 iure
1215 1266 1277 1352 ipsi
1299 1266 1415 1334 batres
1442 1266 1561 1334 inerint
1580 1268 1713 1352 decreti,
1740 1270 1787 1338 ita
1808 1276 1846 1337 ιιι
1865 1288 1958 1337 omne
1980 1267 2129 1336 iudicium
2151 1270 2193 1337 ed
2341 1341 2343 1346 ,

645 1364 819 1435 munuum
839 1366 978 1452 ipsorum
1000 1367 1159 1451 pertineat
1179 1369 1313 1437 illesam.
1337 1369 1384 1438 Ut
1405 1375 1512 1437 sotem
1531 1368 1590 1436 beo
1609 1368 1738 1439 donatio
1759 1371 1852 1440 firma
1872 1376 1907 1440 et
1927 1371 2108 1439 inconvulsa
2123 1390 2194 1455 per·
2223 1374 2229 1391 ’

644 1474 787 1552 maaet,
814 1472 991 1555 presentem
1018 1470 1165 1554 paginam
1194 1470 1290 1556 sigilli
1314 1473 1418 1539 nostri·
1444 1471 1616 1538 munimine
1645 1470 1775 1555 dignum
1807 1473 1955 1542 duximus
1976 1473 2193 1542 roborandam

646 1569 730 1640 Acta
746 1577 823 1639 suut
838 1570 897 1639 boc
917 1571 950 1637 in
970 1570 1116 1639 Pozenan
1142 1592 1225 1639 sano
1250 1573 1357 1657 gracie
1382 1572 1576 1641 nlccnln
1620 1571 1725 1641 Huius
1744 1575 1793 1642 rei
1814 1582 1913 1644 testes
1934 1581 2022 1645 sunt:
2049 1577 2194 1646 dominns

644 1670 802 1782 Iohannes
825 1674 925 1844 m
936 1680 1045 1743 nostro
1066 1675 1287 1762 cancellarius,
1316 1674 1416 1744 frater
1433 1675 1561 1761 ldmlis,
1584 1661 1682 1744 buter
1699 1675 1813 1746 Petrus
1834 1684 1868 1748 et
1892 1679 2031 1749 blatbius
2051 1679 2194 1749 notanus

645 1781 680 1844 ct
699 1791 805 1846 acmes
915 1775 993 1844 ‘nna
1123 1812 1126 1817 ·

747 1962 892 2047 Mesenis,
924 1968 1142 2050 Medzyrzecz.
1187 1964 1383 2051 Dobsrluoh,
1415 1968 1583 2049 oobpoap.
1620 1959 1786 2051 Mundus,
1818 1973 1970 2036 musso
2002 1973 2096 2054 osodp
2126 1970 2195 2037 aad

646 2063 767 2148 aar&
784 2086 813 2132 so
828 2069 951 2148 poblite
970 2088 1008 2132 nt
1029 2071 1174 2136 semen.

1320 2367 1394 2455 Ni.
1426 2361 1528 2455 376.
1641 2460 1643 2464 Α

502 2557 523 2584 ”’
669 2603 673 2608 -
748 2557 943 2644 boleslaus
970 2562 1623 2650 duxPolonioblaioris1259a
1650 2564 1694 2663 d,
1721 2562 1888 2668 Poman;
1911 2579 2075 2650 onomat
2099 2582 2196 2649 uoni-

387 2689 420 2716 ”
486 2698 494 2711 “
645 2680 765 2751 tionem
787 2679 885 2749 totius
910 2681 1058 2766 dabroua
1086 2702 1167 2769 quae
1195 2689 1321 2769 spectat
1341 2685 1375 2752 in
1398 2684 1625 2754 haereditatem
1650 2682 1816 2768 binsoowe,
1845 2703 1868 2751 a
1894 2683 2014 2752 Bonita
2041 2682 2197 2752 stiland

647 2782 841 2852 monisterio
861 2782 903 2851 de
920 2783 1085 2870 Dobrylog
1105 2785 1232 2854 msam
2207 2863 2211 2872 ,

751 2891 891 2968 Peranna
913 2893 1027 2969 crypta
1064 2892 1115 2954 No
1142 2910 1273 2956 niuoso
1294 2895 1428 2972 jednob.
1456 2911 1602 2959 ozerum
1628 2895 1860 2972 prmienono
1875 2888 2002 3018 plectet
2028 2893 2196 2956 messano

645 2992 778 3077 ιεισια·
797 3000 943 3069 oreae
959 2999 1057 3066 xvii

751 3091 887 3162 mmo.
921 3095 1039 3174 maai
1064 3098 1171 3160 omo
1187 3100 1277 3163 ma
1310 3100 1466 3164 nmmo

749 3264 788 3333 ln
808 3264 935 3333 nomine
953 3262 1013 3331 Dei
1034 3266 1160 3333 venturi
1181 3272 1216 3334 et
1232 3267 1394 3336 individuo
1414 3266 1580 3335 Trinitatis
1599 3284 1701 3334 amen
1746 3264 1828 3334 cuni
1854 3269 1997 3348 tempora
2017 3268 2197 3349 pretereant

645 3387 734 3438 inore
754 3367 881 3438 inentis
901 3385 992 3452 aque,
1014 3386 1141 3438 neossss
1162 3375 1213 3438 est
1233 3377 1272 3438 ιιι
1291 3389 1331 3440 ea
1348 3389 1412 3458 que
1428 3375 1590 3455 geruntur,
1612 3369 1646 3437 iu
1666 3373 1758 3436 mota
1778 3366 1968 3436 certitudine
1989 3365 2077 3448 fiant,
2097 3384 2138 3433 ne
2157 3365 2198 3434 de

646 3471 788 3558 ipsarum
807 3471 950 3557 gestione
968 3468 1010 3537 ab
1031 3471 1190 3557 aliquibus
1216 3478 1326 3557 posset
1353 3472 1510 3542 dubitatio
1540 3471 1665 3541 exoriri.
1708 3469 1830 3537 Noscat
1857 3469 1956 3554 igitur
1981 3485 2110 3554 proaem
2128 3473 2199 3535 etas

645 3579 681 3644 st
699 3572 817 3658 futoro,
838 3581 1000 3658 presentes
1033 3580 1068 3643 et
1095 3577 1214 3660 posteri
1241 3575 1283 3643 ad
1309 3593 1390 3662 quos
1416 3594 1544 3660 presens
1574 3572 1698 3642 cartula
1724 3572 1916 3657 pervenerit,
1945 3570 2030 3655 quod
2058 3587 2115 3638 nos
2139 3569 2201 3637 Dei

645 3677 751 3764 gratia
770 3676 935 3746 Bolcslaus
957 3676 1021 3745 dux
1038 3676 1168 3745 Polonie
1190 3678 1322 3746 blaioris
1339 3683 1562 3763 protestamur,
1590 3675 1674 3762 quod
1695 3675 1817 3743 Barata
1834 3680 1868 3744 et
1888 3673 1988 3742 smel
2007 3673 2066 3741 tilii
2085 3671 2199 3740 loban-

645 3780 697 3848 nis
714 3778 873 3865 qnondam
894 3780 1089 3848 castellani
1079 3799 1113 3846 m
1135 3781 1317 3864 Mssereire,
1339 3780 1447 3848 domui
1468 3784 1577 3848 sancte
1598 3778 1700 3847 Maiis
1720 3777 1852 3863 uirginis
1872 3777 2036 3859 mitique
2061 3774 2201 3843 Heiniici

645 3882 681 3950 in
708 3880 888 3951 Dobmluob
916 3880 1043 3950 Ordinis
1071 3881 1290 3951 cisterciensis
1315 3882 1499 3951 dambroam
1527 3886 1628 3950 totum
1656 3899 1719 3967 qne
1746 3880 1909 3965 spectat
1899 3899 1934 3946 in
1962 3878 2116 3946 blascoue
2141 3895 2200 3962 pro

645 3983 823 4052 mimirom
851 4002 980 4052 suarum
1007 4003 1066 4053 nec
1094 4003 1158 4053 non
1186 3993 1356 4070 parentum
1384 4005 1514 4055 snorum
1542 3983 1718 4052 remedio
1707 4002 1743 4051 in
1767 3982 1970 4051 elemosinam
1990 3980 2200 4048 contulerunt

646 4086 695 4157 Ut
714 4094 822 4156 autem
842 4086 987 4155 iratres
978 4107 1012 4155 iii
1032 4088 1126 4156 domo
1145 4090 1328 4173 supradicta
1348 4091 1472 4175 plenius
1495 4086 1696 4156 consolentur
1717 4092 1751 4154 et
1770 4086 1917 4172 ampliori
1937 4083 2095 4169 gaudeant
2107 4082 2201 4150 liber·

647 4195 729 4272 tate,
760 4190 905 4258 nolumus
931 4196 969 4258 ut
995 4190 1105 4258 famuli
1135 4190 1256 4260 Obristi
1286 4193 1403 4260 ibidem
1424 4192 1615 4271 habitantes,
1648 4186 1794 4257 omnibus
1826 4186 2028 4267 utilitatibus,
2057 4185 2202 4252 videlicet

646 4292 792 4377 incubos,
824 4293 929 4377 siliis,
961 4294 1076 4377 pratis,
1105 4296 1192 4361 etsi
1218 4314 1281 4379 qne
1309 4296 1371 4363 alie
1398 4296 1555 4362 utibtates
1584 4293 1650 4358 sint
1670 4289 1721 4358 sel
1742 4295 1850 4373 erunt,
1873 4288 1971 4356 libere
1991 4286 2200 4372 perdonatur.

647 4393 848 4465 Oontolimus
874 4397 971 4463 etiam
1000 4397 1132 4463 eisdem*
1148 4396 1299 4464 fratribus
1328 4399 1361 4463 in
1390 4397 1532 4482 pielicta
1559 4394 1711 4462 dnmbiua
1738 4393 1830 4461 villis
1853 4392 1959 4461 locans
1983 4389 2200 4470 Teotbonioas,

647 4517 846 4585 quocumque
865 4499 934 4565 inre
954 4498 1015 4582 ipsi
1037 4497 1151 4566 batres
1171 4498 1289 4567 inerint
1309 4500 1438 4580 decreti,
1461 4500 1508 4566 ita
1529 4504 1567 4564 ιιι
1586 4516 1679 4564 omne
1700 4495 1850 4564 iudiciuin
1871 4495 1913 4564 ad
1933 4494 2105 4562 claustrum
2118 4493 2202 4577 ipso·

646 4620 718 4670 rum
744 4602 904 4687 pertineat
932 4601 1065 4669 illesum.
1110 4601 1156 4669 Ut
1184 4609 1292 4670 autem
1319 4602 1377 4670 boc
1398 4602 1527 4669 donatio
1549 4599 1640 4668 firma
1660 4605 1695 4667 et
1714 4599 1899 4667 inconvulsa
1919 4600 2109 4683 permaneat,
2132 4614 2202 4680 pre-

648 4709 771 4774 sentem
789 4704 937 4790 paginam
959 4703 1054 4788 sigilli
1075 4704 1176 4770 nostri
1199 4706 1372 4773 monimine
1392 4703 1522 4788 dignum
1542 4702 1691 4771 duximus
1708 4701 1928 4771 roborandam.
1950 4702 2033 4769 Acta
2053 4703 2128 4767 siint
2144 4697 2203 4766 lieo

647 4825 732 4874 anno
748 4807 863 4892 ‚gracie
891 4804 1085 4874 insumi
1130 4806 1239 4875 Testes
1265 4813 1354 4875 sunt:
1387 4806 1532 4873 dominus
1561 4805 1717 4874 lohannes
1747 4806 1834 4874 curie
1859 4812 1969 4873 nostis
1989 4799 2201 4882 oauoellmins,

646 4907 746 4977 irater
777 4907 909 4992 Vitalis,
939 4908 1038 4978 buter
1062 4908 1176 4980 Petrus
1210 4915 1245 4978 st
1272 4909 1414 4978 Mathius
1440 4908 1582 4977 nummus
1613 4913 1648 4977 et
1673 4926 1778 4977 comes
1802 4906 1972 4975 Martinus.
2017 4904 2135 4972 Datim
2166 4902 2202 4970 in

646 5010 784 5082 Posuan

751 5165 932 5249 Meserelce,
955 5169 1174 5254 Misdzprzeez.
1207 5166 1397 5278 Doberluch,
1419 5170 1582 5251 Bobiplup.
1616 5166 1784 5250 blascows,
1802 5169 1955 5232 mulsia
1975 5165 2069 5248 oiadp
2088 5161 2206 5245 misi&

652 5291 680 5336 u
696 5271 820 5353 publilii
840 5274 895 5334 ioci·
913 5271 1041 5336 Zemcka
1193 5311 1197 5317 -
