4860 6180
1041 681 1117 769 Nn.
1137 676 1248 830 1471.

473 879 667 967 boleslaus
693 881 772 966 dux
793 880 944 966 Polonis
969 883 1107 962 1277
1135 901 1165 964 s.
1191 881 1227 968 d.
1255 881 1293 965 et
1317 878 1361 982 1.;
1388 894 1532 963 rentum
1558 892 1709 962 coenobio
1736 888 1927 960 morosos

371 1001 579 1074 hereditatem
600 1002 787 1087 blidesnyu,
816 1021 926 1088 quam,
953 1003 1029 1071 dum
1050 1001 1201 1089 oppidum
1227 999 1432 1070 Bolesiawien
1462 1002 1647 1066 eomuuero
1673 998 1830 1080 ooeperet,
1853 1011 1926 1062 earm

371 1104 547 1176 hereditate
566 1105 662 1174 Binda
681 1111 939 1175 commutaverat

478 1212 677 1289 mmmm
692 1213 920 1291 poteterdzonp
939 1228 1050 1290 przez:
1078 1206 1256 1277 Stanisleus
1276 1204 1441 1290 Augustus
1461 1221 1518 1270 rex
1535 1200 1687 1271 Poloniee
1709 1197 1793 1264 1776
1811 1196 1950 1267 Osteb..

374 1308 427 1394 11,
454 1308 636 1392 vmavue,
663 1331 691 1374 w
720 1315 855 1393 wem
876 1317 1144 1395 mmmmm,
1167 1314 1327 1394 prapaes
1354 1311 1612 1395 wtwwrrcmoo
1629 1310 1641 1373 ¹
1656 1307 1818 1394 ubertis
1839 1305 1928 1385 epos

371 1410 460 1481 ‘'⁶¹‘'
477 1420 782 1599 l'lemllsm
805 1518 913 1583 sm
929 1520 1050 1586 nn.
1100 1517 1212 1583 om
1231 1515 1261 1582 2.
1312 1582 1314 1586 ,

475 1703 515 1774 In
543 1702 670 1772 nomine
693 1700 823 1771 Domiui
848 1721 950 1773 amen
993 1702 1148 1786 Quoulsm
1175 1701 1343 1788 longorum
1373 1705 1496 1770 tructus
1520 1706 1699 1786 tempomm
1727 1700 1815 1787 parit
1845 1697 1930 1766 auti·

372 1806 543 1895 quemn,
570 1805 747 1890 antiquitas
772 1805 974 1889 oblivionem,
1006 1806 1122 1875 oblivio
1151 1823 1257 1874 rerum
1285 1809 1429 1873 netarum
1449 1803 1709 1886 exinanieionem
1739 1821 1779 1870 ea
1798 1808 1931 1888 propter

372 1927 500 1982 meuse
520 1913 630 1980 estut
649 1927 701 1978 res
719 1908 814 1995 digne
834 1910 985 1979 memorie
1005 1910 1124 1995 scripto
1145 1908 1283 1978 debeant
1304 1909 1526 1994 commendari,
1550 1908 1667 1995 quibus
1685 1924 1852 1975 mnesoens
1872 1924 1931 1974 sn·

372 2012 507 2100 dqnitos
526 2011 634 2081 adeat
653 2011 809 2080 renovari.
841 2012 910 2081 Nos
930 2012 1029 2098 igion
1045 2012 1212 2080 solorum
1232 2011 1292 2079 Dei
1313 2013 1422 2097 gracia
1441 2012 1506 2080 dux
1520 2010 1651 2081 Polonie
1665 2015 1776 2079 notum
1798 2008 1931 2078 ladmue

372 2121 439 2185 tam
459 2113 659 2203 presentibus
677 2132 773 2200 quam
793 2112 920 2198 inmunis,
943 2113 1028 2200 quod
1048 2115 1133 2200 apud
1151 2114 1303 2183 moniales
1322 2114 1362 2182 de
1384 2113 1508 2183 oloook
1528 2131 1750 2199 aooepemmus
1770 2111 1931 2182 beredita-

373 2220 438 2287 tem
460 2234 524 2304 que
545 2223 747 2302 nuncupatur
766 2217 923 2300 Milesino,
945 2217 1059 2286 dautes
1080 2216 1157 2303 ipsis
1178 2236 1237 2301 pro
1257 2216 1315 2284 ille
1335 2215 1545 2284 hereditatem
1564 2222 1708 2284 nostrum
1722 2234 1785 2303 que
1797 2220 1932 2283 rombus

373 2319 467 2404 Bals3
488 2326 524 2389 et
543 2319 604 2388 boo
625 2318 799 2388 ieeeramus
816 2318 892 2388 dum
914 2320 1075 2389 ciuitatem
1090 2321 1174 2388 eirea
1188 2325 1328 2388 ossuum
1343 2318 1526 2387 Boleslaveo
1540 2323 1723 2387 eoustruere
1737 2335 1930 2403 oeperamus

373 2420 456 2493 cum
472 2426 580 2492 autem
601 2421 713 2492 civitas
733 2427 896 2491 exstructa
913 2421 989 2505 fnit,
1019 2422 1112 2489 dietis
1132 2422 1322 2491 monialibrn
1346 2420 1387 2490 de
1414 2419 1539 2490 Olobok
1559 2420 1704 2506 ipsarum
1721 2419 1931 2489 hereditatem

372 2524 520 2594 blideeiuo
538 2523 732 2594 reddidimus
753 2525 839 2593 deut
857 2525 891 2592 in
911 2517 1056 2593 terniinis
1077 2543 1112 2593 se
1133 2526 1277 2594 extendit
1295 2531 1330 2594 et
1350 2525 1524 2610 regulatur,
1551 2529 1587 2592 et
1606 2528 1748 2591 noemam
1773 2522 1932 2591 heredita·

373 2629 440 2697 tem
460 2626 542 2695 Bala
562 2628 748 2713 recepimus.
783 2626 830 2694 Et
842 2627 918 2712 quia
930 2633 1073 2697 nostrum
1092 2627 1311 2697 fundacionem
1332 2629 1473 2696 elaustro
1491 2625 1679 2695 Olobooensi
1700 2625 1931 2710 confirmamus,

372 2728 445 2800 ideo
465 2729 548 2799 bano
568 2729 839 2799 eoordinuoionem
859 2748 898 2799 ae
919 2749 993 2816 sepe
1018 2729 1103 2799 dicte
1130 2730 1317 2799 bereditetis
1344 2731 1583 2800 restitucionem
1609 2728 1810 2815 presentibus
1831 2734 1866 2797 et
1882 2727 1933 2797 fu·

374 2832 457 2902 turis
477 2831 673 2919 temporibus
694 2831 925 2916 confirmamus,
947 2839 981 2901 et
1001 2838 1180 2918 presentem
1201 2831 1343 2901 litteram
1368 2834 1471 2902 nostri
1492 2832 1589 2920 sigilli
1607 2832 1782 2901 munimine
1802 2832 1933 2902 mbors·

372 2951 445 3004 mus
465 2935 664 3020 presentibus
684 2934 747 3003 biis
769 2935 921 3004 testibus:
941 2936 1055 3004 comite
1076 2935 1234 3004 Tomislso
1254 2936 1396 3022 paletino
1426 2935 1650 3018 Poznanieusi‚
1671 2936 1787 3004 oomite
1807 2935 1934 3008 Matbia

374 3036 546 3107 ortellano
567 3037 741 3121 Luniensi,
769 3039 885 3108 eomite
915 3037 1087 3108 Geoboslau
1114 3039 1265 3123 pineerna
1284 3039 1471 3124 liminensi,
1501 3041 1616 3108 oomite
1640 3037 1758 3124 Segota
1782 3044 1933 3108 venatore

372 3137 554 3210 Kalisiensb
597 3139 690 3209 Anno
709 3139 838 3209 Domini
857 3141 1024 3210 millesimo
1042 3141 1259 3210 dueentesimo
1279 3143 1513 3229 septuagesimo
1533 3141 1680 3230 septimo.

354 3341 765 3537 ι(ωπί’,ΟἶδοῖὶάθῦοὸοΙε.
788 3344 947 3431 blileeino,
971 3348 1144 3430 elutum
1166 3345 1257 3432 Bais,
1279 3349 1383 3415 nure
1404 3344 1598 3432 Bolesloueo,
1621 3350 1828 3415 manue.
1850 3345 1934 3416 bon·

1045 3745 1121 3833 Nu.
1152 3740 1254 3835 472.

477 3936 636 4026 Plbmlbl
663 3941 741 4024 dlix
764 3939 914 4024 Poldnie
941 3943 1077 4023 1278
1104 3941 1191 4026 Jun.
1217 3950 1251 4042 1,
1277 3943 1321 4027 in
1346 3943 1516 4048 Pomm
1539 3960 1740 4031 mundonem
1761 3960 1858 4029 sortis
1878 3959 1936 4029 be·

373 4058 520 4129 reditstls
540 4058 739 4145 Wyszandm,
761 4060 880 4129 motam
900 4080 922 4129 a
941 4059 1092 4130 Vrotslao
1109 4060 1175 4130 filio
1194 4061 1365 4151 Bogussae,
1388 4063 1503 4133 clerieo
1517 4070 1553 4133 et
1577 4063 1721 4147 ᾱίαοοιιο,
1743 4064 1935 4134 monasterio

373 4161 527 4249 Paradyt,
548 4167 652 4232 ratam
674 4163 780 4232 habet

478 4267 619 4348 morter.
652 4268 830 4334 Bibliotelou.
864 4270 1007 4347 Purodie,
1028 4268 1092 4333 dib.
1106 4272 1209 4349 privil.
1232 4272 1288 4336 Nr.
1309 4269 1361 4335 47.

476 4468 516 4539 In
535 4468 662 4538 nomine
682 4470 811 4539 Domini
832 4490 934 4540 amen.
979 4469 1134 4540 Noveuint
1154 4473 1293 4542 uniuersi
1319 4477 1484 4559 presentes
1504 4473 1616 4545 literas
1637 4474 1828 4561 inspecturi,
1851 4476 1937 4571 quod

374 4570 410 4640 in
429 4573 592 4658 presencie
612 4576 732 4655 nostra,
760 4572 907 4641 videlieet
935 4573 1138 4640 Premislonis
1165 4575 1256 4642 ducis
1276 4573 1419 4660 Polonie‚
1453 4583 1488 4645 et
1515 4579 1557 4645 de
1585 4585 1697 4646 nostra
1718 4580 1882 4647 voluntate
1903 4585 1938 4650 et

375 4691 527 4742 onnseusu
548 4673 717 4742 Vrotslaus
737 4675 870 4743 clericus
891 4681 925 4742 et
943 4673 1103 4758 diaconus,
1126 4675 1210 4744 filius
1234 4677 1391 4761 Bogusse,
1419 4679 1589 4749 smsdente
1617 4700 1773 4750 consensu
1799 4682 1937 4768 Sulislay

374 4775 482 4862 patrui
500 4775 549 4844 sui
568 4775 662 4843 simul
683 4783 717 4843 et
737 4795 892 4845 eonsensu
914 4776 1054 4862 Bogusse
1076 4777 1134 4845 filii
1155 4779 1262 4863 patrui
1282 4779 1343 4862 sui,
1374 4779 1551 4849 liberaliter
1580 4784 1718 4852 eontulit
1742 4790 1860 4853 sortem
1882 4784 1938 4854 be-

375 4877 522 4947 reditatis
543 4897 609 4962 suo,
632 4879 753 4947 scilieet
774 4880 925 4947 allodium
946 4880 1012 4947 sivo
1030 4881 1174 4965 predium
1192 4882 1278 4966 quod
1296 4881 1337 4950 de
1358 4901 1432 4951 voro
1455 4885 1646 4969 patrimonio
1669 4889 1787 4970 tonuit,
1810 4890 1938 4958 nomine

376 4979 583 5064 Wissonouu,
605 4982 731 5048 domino
752 4981 863 5050 Ulrioo
884 4983 992 5050 abbati
1018 4983 1058 5051 de
1083 4985 1234 5053 Paradiso
1265 4991 1299 5052 ot
1325 5004 1383 5070 per
1408 5006 1480 5054 eum
1511 4987 1635 5072 prelato
1656 4992 1849 5058 monasterio
1868 5009 1937 5075 suo,

377 5084 504 5152 uadens
526 5091 559 5153 et
580 5085 742 5170 resignans
764 5105 888 5153 omnem
910 5089 1137 5172 proprietatem
1159 5097 1193 5158 et
1214 5090 1444 5174 possessionem
1471 5091 1537 5157 sive
1562 5090 1613 5158 ius
1632 5092 1718 5177 quod
1740 5094 1939 5178 competebat

377 5186 428 5253 ael
457 5191 635 5272 competere
660 5188 842 5272 poteratis
865 5187 1042 5260 herodium
1063 5193 1284 5277 prenominata
1313 5193 1346 5259 in
1367 5212 1480 5260 manus
1501 5193 1627 5262 abbatis
1648 5195 1793 5280 predicti,
1815 5196 1939 5264 borodi·

379 5289 460 5358 tario
482 5291 551 5360 iuro
572 5291 805 5378 possidendum.
835 5291 903 5362 Nos
924 5295 1021 5379 igitur
1042 5297 1198 5382 prolatam
1219 5297 1425 5366 «lobucionem
1446 5303 1572 5385 gratum
1594 5303 1629 5368 et
1651 5305 1755 5367 rutum
1776 5298 1939 5384 babentes.

2107 4521 2116 4749 l

2110 4800 2119 4843 l

2113 4898 2124 5238 ³!
