4860 6180
502 351 577 428 532
697 353 704 364 '

498 559 587 622 mota
606 553 664 621 lits
685 557 780 639 00000
800 560 891 640 purte
912 553 1096 622 bernlitatis
1118 552 1255 621 Witono
1277 559 1389 621 contra
1409 552 1617 622 venerabilem
1638 551 1671 619 in
1695 538 1823 619 cbristo
1836 555 1969 636 patrem
1990 546 2046 618 do·

497 655 619 723 minum
640 655 811 724 Iohannem
831 657 1011 736 secundum,
1034 655 1093 722 Dei
1114 655 1219 738 gratia
1240 655 1485 723 Ponnnuienscm
1508 655 1699 739 episcopum,
1722 673 1828 722 coram
1851 653 1952 736 nobis,
1975 658 2046 721 tan·
2138 731 2142 737 ,
2199 738 2203 765 2

498 757 570 827 dem
589 758 672 826 ilem
693 757 874 827 Gothanlus
895 778 918 827 a
937 758 1078 844 predicto
1099 757 1225 825 donnino
1246 759 1393 843 episeopo
1414 759 1567 844 recipiens
1588 757 1827 841 quatuordecim
1841 774 1974 837 marcos,
1989 776 2048 840 pro

498 857 581 928 boue
600 860 688 944 pacis
708 860 806 928 cessit
826 861 876 929 liti
897 867 932 930 ct
951 860 1036 927 0001
1058 859 1177 926 0001001
1199 865 1232 927 ct
1253 862 1429 945 exceptioni
1451 860 1581 940 001001,
1602 860 1630 926 01
1652 859 1739 943 quod
1757 857 1889 926 haberet
1916 859 1950 925 in
1968 877 2047 942 qua·

497 959 645 1046 licunquc
666 967 756 1046 parte
778 962 861 1031 dicte
882 957 1037 1045 villaque
1060 960 1185 1029 Witouo
1207 963 1378 1046 vulgariter
1399 968 1607 1046 nuncupatur,
1630 968 1664 1029 et
1681 962 1715 1028 in
1729 965 1840 1028 nostra
1853 966 2048 1027 uestrorum·

497 1080 560 1146 que
580 1060 733 1130 monum
755 1065 919 1148 presencia
938 1083 1009 1132 cum
1032 1063 1097 1130 lilio
1117 1081 1175 1130 suo
1197 1063 1351 1132 Michaclc
1370 1065 1545 1131 voluntarie
1567 1063 1761 1131 constitutus
1782 1061 1886 1128 lucide
1899 1079 2049 1145 recogno

496 1162 554 1247 rit,
575 1181 597 1232 a
615 1163 738 1250 prelato
759 1164 886 1234 domiuo
906 1166 1051 1250 episcopo
1073 1166 1195 1249 integre
1213 1171 1313 1232 totnm
1335 1167 1500 1250 pecuniam
1522 1164 1684 1249 recepisse
1712 1163 1763 1231 Ne
1784 1182 1858 1230 vcro
1879 1181 1975 1247 super
1989 1163 2049 1229 hoc

497 1264 531 1333 10
552 1271 712 1350 posterum
732 1264 904 1350 dubitetur,
922 1267 1191 1334 renunciationem
1212 1284 1251 1333 00
1270 1267 1440 1334 00001οο00
1461 1266 1540 1334 dicti
1560 1265 1718 1334 (1011000011
1738 1269 1862 1349 gratam
1875 1269 1910 1332 et
1922 1263 2048 1330 rathum

496 1365 658 1449 hahentes,
680 1367 798 1435 (110100
819 1368 927 1435 uillam
948 1369 1084 1436 Witouo
1105 1368 1229 1454 prolato
1249 1369 1376 1437 domiuo
1397 1369 1542 1452 episcopo
1564 1375 1598 1435 et
1619 1367 1749 1435 ecclesie
1770 1366 1978 1434 Pozuauiensi
2001 1366 2049 1432 10-

497 1473 586 1553 tegre
606 1474 641 1537 et
662 1474 813 1553 perpetuo
834 1469 1059 1554 adiudicantes,
1083 1477 1259 1556 presentem
1280 1470 1421 1536 litterum
1450 1469 1604 1537 conscribi
1625 1468 1754 1536 fecimus
1777 1474 1811 1535 et
1828 1467 1931 1534 nostri
1951 1466 2049 1550 sigilli

495 1569 668 1637 munimine
690 1569 841 1637 roborari.
884 1573 969 1640 Acta
988 1579 1064 1640 suut
1084 1573 1143 1640 hec
1171 1572 1295 1656 publice
1323 1572 1356 1638 in
1378 1571 1496 1638 Dlusco
1521 1571 1634 1655 quinto
1660 1568 1821 1638 Kalendas
1852 1569 2044 1650 Decembris,

496 1689 581 1740 anno
597 1671 726 1740 Domini
747 1670 837 1738 llcc
860 1676 1048 1758 octogesimo
1072 1679 1172 1757 sexto,
1195 1672 1371 1740 ludiceione
1384 1672 1629 1757 quartadecima,
1651 1671 1850 1756 presentibus
1865 1670 2047 1739 comitibus:

496 1770 650 1841 Niehelao
671 1773 814 1858 palatino
835 1773 1016 1857 Kalisiemi‚
1036 1776 1189 1842 Petrcoue
1208 1774 1380 1842 castellano
1401 1774 1618 1855 Poznaniensi,
1648 1772 1819 1841 Cechoslno
1849 1779 1884 1841 et
1902 1772 2047 1840 Rescnue

496 1882 645 1945 uenatore
665 1874 862 1958 Kalissimsi,
883 1876 1040 1962 Boguslao
1063 1878 1234 1945 castellano
1256 1875 1296 1943 de
1317 1875 1401 1946 Usee
1421 1882 1456 1944 et
1475 1875 1708 1944 subcamerario
1726 1875 1943 1967 romanensi,
1983 1872 2048 1941 Da·
2078 1902 2080 1906 ·

497 1981 567 2046 tum
588 1996 645 2063 per
666 1996 793 2046 00000
811 1968 918 2047 Iacchi
939 1980 1056 2047 0010011
1078 1979 1165 2047 curie
1184 1984 1301 2046 nostre.

599 2077 728 2162 Verum,
749 2079 885 2163 quiade
906 2082 1031 2149 comuni
1052 2080 1206 2148 baronum
1224 2084 1404 2149 nostrmum
1422 2098 1575 2148 consensu
1595 2087 1630 2149 et
1647 2079 1778 2147 consilio
1803 2077 1983 2160 statuimus,
2010 2083 2048 2146 ut

494 2179 617 2248 nullum
637 2181 835 2266 privilegium
855 2183 953 2253 robur
972 2182 1134 2251 firmitatis
1156 2182 1284 2267 aliquod
1304 2182 1457 2264 obtineat,
1480 2184 1542 2250 nisi
1563 2188 1673 2250 nostro
1695 2200 1810 2266 magno
1824 2187 1859 2248 et
1875 2180 1990 2248 ultimo
2003 2178 2046 2246 si-

496 2281 573 2367 gillo
594 2283 745 2350 existeret
765 2283 949 2368 sigillatum,
970 2291 1100 2370 propter
1121 2284 1206 2368 quod
1226 2302 1355 2369 presens
1376 2283 1574 2369 privilegium
1595 2284 1739 2350 innovari
1766 2283 1915 2349 iussimus
1936 2287 1971 2347 et
1991 2297 2048 2347 uo·

494 2382 670 2468 suisigssli
690 2384 797 2469 magui
817 2391 852 2452 et
872 2385 976 2453 ultim
996 2386 1169 2454 munimine
1190 2385 1341 2453 roborari
1383 2384 1502 2453 Datum
1522 2385 1679 2453 Pozuanie
1696 2404 1780 2452 0000
1802 2382 1930 2450 Domini
1951 2381 2043 2450 MCC

494 2484 696 2568 mnagesime
723 2487 846 2570 quinto,
874 2486 1052 2556 1011001000
1079 2493 1200 2570 octava,
1229 2486 1310 2554 teria
1335 2487 1432 2554 tertia
1458 2492 1532 2571 post
1559 2493 1689 2556 octavas
1714 2486 1823 2568 Peuce,
1848 2504 1906 2571 per
1934 2502 2047 2552 manus

494 2583 649 2672 lilcholay
670 2587 833 2673 scriptoris
854 2589 941 2658 curie
961 2595 1080 2658 nostre.

598 2787 973 2874 (immoravimus.
1018 2751 1155 2876 Witovo,
1184 2795 1315 2862 menno.
1359 2792 1487 2878 Dinone,
1511 2797 1620 2862 Dlruk.
1664 2793 1761 2876 Usce,
1790 2794 1898 2872 1111010.

1175 3090 1250 3178 Nr.
1284 3085 1384 3178 572

600 3278 790 3368 Secundus
807 3281 964 3368 Premisl
992 3286 1069 3369 dux
1089 3285 1239 3369 Polonic
1257 3291 1393 3370 1287
1410 3285 1496 3370 lun
1512 3290 1600 3383 20,
1616 3284 1659 3369 10
1676 3285 1881 3387 10000100
1901 3301 2046 3370 morem

493 3401 641 3470 Michaeli
662 3404 811 3471 canonico
832 3404 1037 3472 Poznanieusi
1065 3410 1100 3471 et
1125 3407 1194 3489 ejus
1219 3405 1451 3475 suecessoribus
1472 3407 1505 3473 in
1525 3405 1754 3474 hereditatibus
1776 3404 1883 3491 Gadlri
1904 3410 1939 3473 ct
1957 3403 2043 3489 Unja

492 3505 704 3590 amplissimas
725 3505 898 3588 libertates,
919 3506 1074 3590 simulque
1095 3525 1202 3575 00000
1223 3509 1318 3576 sitam
1339 3509 1430 3576 iuxta
1450 3508 1614 3576 ecclesiam
1634 3507 1749 3576 beatae
1769 3506 1993 3591 margarethae
2012 3507 2046 3573 10

380 3678 385 3688 ,
493 3605 621 3675 Poanah
641 3607 743 3676 cidem
764 3607 895 3675 confert

596 3710 736 3788 Parnasi.
780 3714 900 3778 Archia
926 3715 1066 3792 Capituli.
1111 3716 1174 3781 Lib.
1195 3719 1295 3795 privil.
1316 3718 1352 3797 B,
1375 3717 1430 3782 tir.
1453 3715 1506 3781 99.

597 3912 635 3981 ln
654 3914 781 3983 000100
799 3914 927 3982 Domini
947 3933 1049 3983 amen.
1094 3916 1233 3984 Humani
1254 3918 1378 4002 generis
1397 3917 1540 3985 00110000
1560 3923 1715 4002 perpetua
1736 3916 1912 4001 indigentes
1927 3934 2044 3985 memo·

495 4015 544 4083 rla
562 4015 605 4082 ab
625 4014 786 4084 hominum
809 4015 993 4100 plenumque
1010 4019 1128 4085 noticia
1149 4017 1343 4100 dilabuntur,
1365 4037 1426 4103 quc
1447 4019 1675 4102 scripturarum
1697 4037 1753 4086 seu
1785 4019 1915 4085 testium
1943 4019 2045 4086 muni·

493 4117 578 4185 0100
598 4136 661 4185 000
683 4118 882 4186 roborantur.
926 4117 1027 4201 igitur
1048 4137 1105 4186 uos
1123 4121 1277 4188 secundus
1306 4120 1440 4188 Premisl
1469 4119 1530 4187 Dei
1556 4122 1664 4205 000010
1687 4121 1752 4188 dux
1780 4120 1909 4187 Polonie
1934 4127 2045 4188 notum

492 4217 625 4287 iacimus
645 4220 799 4288 universis
820 4227 886 4286 tam
908 4221 1104 4303 presentibus
1126 4241 1221 4306 quam
1243 4222 1358 4289 turturis
1379 4229 1556 4306 presentem
1576 4223 1723 4306 popinam
1739 4223 1936 4306 inspecturis,
1961 4223 2045 4304 qnod

349 4346 353 4354 ’
494 4321 613 4389 intuitu
634 4321 774 4389 fidelium
796 4340 834 4389 ne
856 4321 982 4388 utilium
1003 4325 1205 4392 serviciorum
1228 4325 1420 4392 honorabilis
1442 4326 1501 4391 viri
1523 4323 1642 4391 demini
1665 4325 1830 4392 Michaelis
1852 4325 2045 4391 Pennanicn·

494 4423 539 4490 010
559 4424 689 4491 ecclesie
710 4424 882 4504 cannonici,
905 4425 1094 4492 contulimus
1116 4428 1176 4495 sibi
1197 4428 1325 4511 suisque
1346 4428 1588 4509 successorihus,
1619 4428 1831 4510 cuiuscunque
1853 4432 1957 4493 status
1979 4426 2045 4494 100

495 4526 570 4607 rint,
601 4526 719 4592 salubri
748 4525 856 4592 habito
886 4532 1064 4594 nestrorum
1092 4528 1242 4596 baronum
1276 4529 1406 4597 consilio
1433 4547 1472 4596 ae
1500 4529 1541 4595 dc
1562 4548 1715 4597 consensu
1736 4530 1875 4612 ipsorum
1895 4529 2045 4609 unanimi,

494 4625 673 4694 libertatem
694 4628 726 4694 10
747 4626 870 4693 duobus
893 4627 991 4710 ipsius
1015 4628 1252 4711 hereditatibus,
1274 4650 1408 4714 quorum
1430 4650 1494 4699 uno
1513 4631 1699 4698 Gantlreovo
1727 4631 1829 4698 altera
1858 4631 1964 4698 Unino
1989 4650 2046 4714 np-

494 4728 642 4813 pellatur.
687 4727 893 4795 01ὴο010οο00
915 4729 1000 4812 ipsas
1021 4731 1062 4798 nh
1084 4733 1169 4799 omni
1192 4733 1351 4801 solucione
1372 4740 1406 4800 et
1426 4735 1591 4801 exactione
1612 4733 1690 4799 iuris
1711 4732 1852 4800 Polonici
1866 4732 1922 4816 qui
1937 4737 2046 4800 nostro

493 4830 667 4897 dinoscitur
684 4830 821 4897 dominio
843 4831 1010 4913 pertinere,
1032 4832 1178 4900 videlieet
1200 4855 1221 4902 0
1242 4854 1347 4915 noran,
1369 4855 1388 4901 0
1410 4854 1519 4918 poenz,
1542 4854 1563 4901 0
1583 4833 1727 4919 pmcvod,
1750 4841 1917 4914 astrosus,
1932 4853 1953 4900 a
1967 4834 2045 4919 pod-

493 4950 617 5015 sorore,
635 4952 654 4999 0
674 4932 761 5012 bove,
783 4952 804 4997 0
824 4952 928 5013 vacco,
952 4940 986 4999 et
1007 4935 1103 5000 costri
1126 4936 1277 5003 citnciooe
1300 4938 1356 5019 ita,
1377 4937 1548 5021 quodiam
1572 4938 1631 5020 ipsi
1654 4935 1784 5004 herulos
1815 4954 1910 5019 quam
1942 4937 2045 5002 coloni

493 5035 705 5118 predictorum
726 5033 936 5100 hereditatum
953 5035 984 5100 10
998 5042 1101 5102 castro
1116 5038 1304 5120 respondere
1318 5040 1445 5106 minime
1461 5046 1636 5120 tencantur,
1656 5059 1714 5106 nec
1727 5040 1827 5105 eciam
1842 5040 1936 5105 aliter
1949 5056 2044 5123 quoru

493 5135 597 5219 sigillo
616 5144 724 5202 nostro
740 5136 900 5217 provocati
923 5146 1113 5220 conportent
1136 5159 1241 5207 corum
1266 5147 1375 5206 00000
1395 5144 1567 5224 prosdocio,
1590 5141 1715 5226 quando
1738 5143 1824 5226 ipsos
1846 5161 1903 5226 pro
1917 5141 2045 5208 iusticia

493 5237 667 5305 exhibendo
687 5240 855 5319 coruigorit
875 5240 1008 5306 euocari
1053 5240 1203 5308 Drslimus
1227 5243 1355 5325 iusuper
1375 5243 1476 5310 eidem
1497 5244 1624 5311 11000100
1640 5243 1786 5311 1110100011
1808 5244 1924 5310 eteius
1938 5249 2045 5330 peste·
