4860 6180
2006 236 2121 331 'tos

576 451 694 528 lcum
713 451 753 526 et'
767 447 877 527 dutum
898 451 932 524 ln
954 449 1067 542 Lubyn
1088 449 1172 524 infru
1188 456 1318 523 oemrns
1338 450 1561 524 Pentboeostes
1577 471 1661 522 nuno
1682 452 1809 525 Domini
1827 455 1995 524 millesimo
2008 453 2124 522 ducen-

578 559 692 629 tesimo
713 559 945 644 septuagesimo
965 559 1100 645 septimo
1122 556 1320 642 presentibus
1341 557 1403 624 biis
1424 556 1596 626 nobilibus:
1624 557 1738 625 comite
1765 556 1990 626 Schodrsieone
2009 555 2125 626 custel-

577 660 652 731 uno
672 660 713 729 de
735 659 869 743 Crsivin,
892 661 1006 729 cornito
1020 658 1183 728 Surnborio
1198 658 1370 725 custelluno
1383 658 1423 725 de
1436 657 1534 741 Srern,
1555 658 1681 726 donnino
1696 659 1812 728 Seirito
1826 663 1977 729 cuuorneo
1998 657 2123 728 (luesd-

578 763 679 848 smel,
700 760 820 849 l'plone
841 763 965 829 noterio
986 762 1073 830 eurio
1094 766 1202 828 nostre
1223 765 1259 828 ct
1277 760 1350 828 eliis
1371 779 1466 847 quem
1486 761 1630 846 pluribus
1650 761 1824 848 lidedignis.

684 965 882 1050 Lublnensis,
905 972 943 1034 dc
961 967 1071 1034 lubin
1104 965 1299 1049 Sveceebovr,
1324 917 1555 1054 Snipciecborou.
1578 967 1729 1054 Iindlere
1750 970 1845 1034 modu
1859 969 1967 1033 millu
1979 986 2015 1032 nn
2032 969 2125 1055 Sulp-
2256 991 2258 996 ·

582 1073 733 1141 mecum
748 1074 924 1153 prspepm
958 1069 1093 1155 Orsirin,
1115 1073 1266 1152 Isrzpwire
1293 1067 1394 1153 Srem,
1414 1053 1507 1136 bron

1249 1365 1323 1452 Nr.
1355 1359 1456 1452 tud

681 1561 877 1649 Boleslnns
912 1562 990 1645 dur
1024 1560 1195 1646 drnoorb
1225 1583 1255 1644 s.
1281 1581 1314 1644 u
1341 1562 1505 1666 (1277)
1540 1561 1575 1648 d
1601 1563 1639 1647 et
1664 1562 1708 1667 L,
1743 1580 1916 1666 promittit,
1954 1599 1989 1651 e
2019 1587 2126 1651 esur

579 1683 816 1756 Hebtltmteiu
833 1687 868 1751 et
886 1679 1123 1765 Lubecborritr,
1152 1701 1234 1769 quse
1260 1683 1384 1751 rodone
1399 1681 1594 1766 mmnomm,
1622 1682 1767 1753 Bolesluo
1787 1685 1860 1752 dnei
1881 1685 2012 1754 Maioris
2032 1684 2125 1753 Polo·

579 1788 653 1857 nise
672 1805 731 1874 per
750 1785 892 1854 homines
912 1783 1044 1853 Silesine
1064 1785 1236 1868 illatorum,
1264 1790 1352 1853 tenet
1371 1785 1405 1852 in
1429 1785 1634 1872 obligetione,
1658 1786 1764 1855 soluts
1787 1806 1845 1874 pro
1866 1788 1983 1856 eisdem
2002 1788 2126 1857 demms

358 1958 367 1969 .
466 1911 469 1917 '
580 1887 884 1976 recompensatione,
911 1885 1062 1955 otnero
1083 1887 1150 1972 regi
1175 1886 1346 1956 Bobemiee
1370 1887 1607 1974 restituturum,
1625 1908 1684 1959 nec
1704 1908 1767 1958 non
1787 1909 1851 1957 unu
1871 1909 1944 1958 euru
1965 1889 2139 1975 pruedicto-

580 1992 661 2062 duee
681 1989 828 2059 Bolesleo
846 1988 887 2057 de
905 1987 1092 2057 liberatione
1108 1988 1239 2057 llenrlei
1260 1988 1349 2057 ducis
1371 1988 1592 2060 Wretislsriue
1609 2011 1631 2059 s
1651 1992 1836 2078 mptiritete
1853 1991 1969 2061 dueum
1985 1991 2127 2077 Silesise,

444 2149 447 2154 .
580 2093 789 2167 Bolkoulset
809 2091 949 2176 Henrlui,
969 2109 1076 2160 eurum
1097 2092 1322 2178 impensurum.

651 2199 795 2369 ff
817 2199 881 2263 uas
899 2198 1043 2264 enom.
1064 2199 1258 2264 remmon
1279 2199 1332 2263 ue
1360 2199 1511 2264 moereo
1537 2200 1606 2265 rur
1631 2200 1687 2266 ro.
1711 2198 1764 2265 re.
1792 2230 1839 2250 -
1856 2184 1971 2276 ‘mooe
1997 2200 2128 2282 mpura

581 2303 638 2372 rr.
712 2347 747 2397 ,.

683 2503 752 2575 lios
771 2502 810 2574 B.
830 2501 891 2572 liei
905 2477 1018 2590 'mecm
1035 2503 1100 2573 dux
1125 2503 1276 2575 Omuorie
1297 2505 1453 2591 presentis
1481 2505 1593 2593 seriptl
1617 2510 1727 2574 tenore
1751 2509 1862 2574 notum
1889 2502 1958 2573 deri
1979 2503 2124 2574 volumus

582 2609 736 2680 universis
757 2613 824 2677 tum
844 2607 992 2676 lustnntis
1014 2609 1112 2677 etutis
1139 2608 1319 2676 bominibus
1347 2627 1442 2696 quem
1470 2608 1590 2695 loturo,
1619 2608 1704 2695 qnod
1724 2627 1799 2676 vern
1824 2607 1887 2677 lide
1915 2607 2130 2694 promittimus

582 2710 737 2800 corporali
757 2728 853 2796 super
879 2709 940 2778 boe
964 2711 1098 2795 prestito
1127 2710 1319 2794 iuramento,
1349 2716 1454 2779 cestre
1478 2709 1712 2780 Hebclrensteiu
1740 2717 1775 2781 et
1797 2709 2037 2794 bubechowltu,
2066 2730 2129 2796 quo

582 2820 659 2885 sunt
678 2813 841 2900 wesin
857 2812 947 2880 nobis
968 2817 1007 2880 ut
1027 2810 1167 2898 obligntn
1188 2817 1357 2881 teneantur
1377 2814 1411 2880 in
1431 2817 1523 2880 unu
1542 2814 1724 2898 quontitate
1737 2815 1879 2899 pecunie,
1900 2818 2053 2898 qnnntsm
2070 2831 2129 2898 pro

581 2915 873 3004 reeompensncione
893 2913 1102 3001 dampnorum
1120 2914 1247 2983 domino
1268 2914 1404 2983 Bollroul
1425 2915 1534 2984 inclito
1555 2914 1628 2984 duci
1649 2915 1780 2984 bluioris
1801 2915 1930 2985 Polonle
1950 2933 2008 3001 per
2028 2914 2130 2983 bomi-

581 3038 639 3090 ues
660 3018 760 3088 Slesie
779 3017 938 3085 illstorum
959 3034 1017 3084 nos
1039 3022 1073 3083 et
1092 3016 1237 3084 dominus
1259 3016 1310 3084 W.
1333 3017 1461 3085 inolitus
1474 3017 1539 3084 dux
1553 3016 1667 3103 Opulie
1680 3019 1805 3087 recione
1818 3019 1928 3103 presio
1941 3018 2129 3109 tenuimus,
2256 3075 2257 3078 ,

582 3122 652 3191 siue
670 3119 856 3190 ufficnluto
876 3120 1055 3202 restituere,
1078 3123 1112 3186 et
1132 3117 1279 3186 ordinere
1301 3137 1339 3187 uc
1355 3129 1549 3204 'procurere,
1575 3126 1614 3188 ut
1633 3120 1720 3189 dicte
1740 3127 1846 3189 eostre
1865 3122 2076 3189 restituuntur
2095 3125 2130 3188 et

582 3225 781 3311 resigmntnr
800 3223 926 3292 domino
947 3220 985 3290 0.
1007 3222 1205 3290 serenissimo
1226 3223 1295 3307 regi
1316 3221 1474 3306 Bobemie,
1496 3227 1554 3291 ent
1573 3222 1700 3292 domino
1721 3222 1763 3291 ll
1785 3223 1895 3292 inclito
1917 3222 1990 3290 dnei
2009 3221 2130 3292 Wretl·

584 3330 681 3399 slsrle
700 3327 807 3414 nepoti
827 3331 947 3409 nosue,
968 3325 1019 3392 vel
1040 3325 1104 3393 rllis
1125 3325 1241 3412 quibus
1263 3325 1370 3393 eudem
1386 3331 1491 3393 uestro
1505 3326 1554 3394 illi
1566 3324 1700 3395 immo
1713 3326 1884 3410 essignnri:
1907 3342 1980 3393 cnm
1991 3325 2130 3409 primum

583 3431 670 3500 dictu
689 3430 831 3517 pecunie,
850 3447 912 3516 que
931 3446 989 3514 per
1008 3432 1153 3495 nostrum
1175 3434 1209 3495 et
1222 3427 1341 3495 domini
1355 3427 1535 3514 Opnlierisis
1548 3427 1716 3497 erinium
1729 3445 1825 3513 snper
1837 3427 2130 3513 recompensatione

583 3535 788 3619 dnmpnornm
810 3531 1003 3617 preintomm
1024 3529 1196 3613 tembitnr,
1218 3528 1315 3623 inerit
1336 3530 1493 3598 exsolntnt'
1525 3531 1569 3598 Et
1590 3531 1632 3598 nd
1653 3531 1802 3599 mdorem
1824 3530 1981 3610 centulum
1999 3530 2131 3617 premis·

584 3653 690 3705 sorum
708 3651 772 3702 uon
792 3632 893 3700 solurn
912 3649 970 3700 nos
991 3630 1173 3714 iuravimus,
1195 3650 1304 3700 rerum
1327 3633 1425 3701 eciem
1446 3633 1597 3719 magister
1618 3633 1822 3702 Weneesleus
1847 3633 2054 3702 cancellari!
2073 3651 2131 3700 no·
2250 3656 2251 3660 ¹

583 3744 651 3808 ster
670 3743 705 3807 et
721 3735 838 3805 milites
859 3735 960 3802 nostrl
980 3733 1095 3801 Petrus
1113 3733 1154 3801 de
1174 3733 1273 3801 Risen
1295 3740 1328 3801 et
1350 3733 1492 3802 Sdielsns
1513 3735 1553 3804 de
1573 3734 1764 3821 Eberspucb,
1786 3736 1842 3821 qui
1863 3737 1971 3804 omnis
1987 3735 2131 3821 predicte

583 3842 768 3911 intererunt
786 3837 921 3906 fideliter
942 3837 1132 3922 sdimplere3
1154 3836 1248 3920 quod,
1271 3838 1298 3904 si
1321 3835 1403 3906 forts
1423 3838 1479 3906 illo
1500 3844 1641 3924 tempore
1662 3839 1780 3922 inquo
1801 3839 1978 3906 solueretur
1997 3839 2132 3923 pecunie

584 3961 647 4012 non
672 3943 855 4022 viveremus,
877 3944 953 4007 tune
973 3939 1108 4007 berones
1129 3939 1230 4005 nostri
1259 3939 1406 4024 predicti,
1435 3941 1490 4026 qni
1519 3942 1615 4009 tectis
1643 3941 1850 4008 snemssnetis
1871 3941 2050 4025 euangeliis
2070 3939 2131 4008 boc

584 4044 669 4132 quod
686 4063 745 4113 nos
773 4043 944 4112 interimus
970 4048 1004 4109 et
1029 4042 1230 4127 promisimus
1252 4042 1444 4125 iuraverunt,
1471 4043 1595 4129 preintn
1615 4050 1720 4113 oestro
1738 4043 1942 4128 resignabunt
1963 4049 2061 4127 etque
2080 4061 2131 4111 re·

584 4149 720 4217 stituent
738 4146 788 4215 vel
808 4145 932 4213 restitui
957 4144 1171 4230 procurabunt
1199 4144 1326 4213 omnino
1350 4144 1481 4229 preintis
1506 4146 1640 4214 dominis
1663 4146 1700 4215 0.
1722 4147 1789 4232 regi
1808 4147 1959 4215 Bohemle
1979 4151 2038 4213 aut
2057 4144 2130 4212 duci

585 4249 796 4333 Wretisluvie,
818 4248 866 4316 vel
888 4248 960 4316 eliis
980 4247 1095 4332 quibus
1117 4247 1163 4314 illi
1184 4246 1404 4315 mundaverint
1418 4249 1580 4334 assignari.
1610 4251 1655 4319 Et
1669 4252 1817 4337 quonium
1839 4250 1969 4318 sinceris
1991 4249 2132 4316 uelnmnr

584 4352 748 4422 dilectibus
768 4350 963 4419 concordium
984 4356 1081 4434 etque
1102 4369 1223 4435 pueem,
1245 4357 1354 4419 tenore
1375 4353 1570 4435 presencium
1591 4353 1786 4422 declaremus
1806 4360 1902 4438 utque
1916 4353 2132 4436 promittimus

585 4456 646 4525 lide
666 4455 753 4538 doto,
774 4454 857 4540 quod
879 4460 944 4521 tum
966 4472 1024 4520 nos
1046 4453 1308 4538 quemdominus
1336 4453 1372 4519 B.
1403 4454 1530 4523 inclitus
1557 4456 1622 4524 dux
1650 4457 1781 4524 Maioris
1807 4455 1936 4523 Potonio
1956 4455 2131 4538 prelibstns

585 4558 757 4628 studiosum
778 4556 920 4624 dabimus
939 4575 1067 4640 opernm
1093 4560 1127 4621 ot
1151 4555 1318 4640 diligenter
1346 4556 1538 4639 curubimus,
1568 4565 1606 4626 ut
1633 4558 1737 4626 dictus
1754 4558 1899 4626 dominus
1918 4557 2131 4640 Wrntislnvie,

585 4663 640 4749 qui
660 4681 682 4729 s
701 4661 834 4728 dominis
855 4659 891 4726 B.
914 4658 1013 4725 Siesie
1034 4663 1068 4723 et
1087 4657 1127 4724 Η.
1149 4658 1228 4725 duee
1246 4659 1287 4724 de
1309 4658 1409 4741 Inuer,
1432 4659 1496 4725 lilio
1518 4661 1601 4744 eius,
1624 4662 1801 4746 cuptirntus
1822 4660 1992 4742 detinetur,
2017 4659 2133 4727 debeat

585 4769 620 4832 et
639 4763 743 4831 vdent
763 4761 888 4830 liberari
909 4779 929 4827 n
947 4760 1079 4827 vinculis
1102 4766 1136 4825 ot
1157 4760 1283 4826 restitui
1305 4760 1439 4844 pristine
1461 4762 1618 4845 libertati,
1644 4763 1746 4830 motis
1767 4763 2004 4847 quibuscunque
2024 4762 2131 4829 vnlne-

586 4865 685 4932 rimns
706 4863 806 4931 dictos
829 4863 923 4928 duros
943 4861 979 4928 B.
1003 4861 1102 4927 Slosie
1123 4865 1157 4927 ot
1178 4859 1219 4926 Η.
1242 4860 1282 4927 de
1301 4860 1399 4943 Inrer,
1423 4861 1522 4928 lilinrn
1536 4864 1613 4946 eius,
1635 4865 1807 4931 studiosius
1825 4865 2017 4932 inducentes.
2040 4863 2131 4944 Quod

585 4967 716 5037 sllorte
736 4966 868 5050 prulicti
888 4963 984 5030 duces
1010 4964 1047 5030 Il.
1068 4969 1102 5030 et
1120 4962 1161 5028 ll.
1184 4962 1267 5029 lilius
1296 4965 1364 5029 eins
1391 4964 1512 5031 nollent
1541 4968 1659 5034 nostris
1681 4973 1714 5034 ot
1734 4968 1811 5034 dicti
1830 4967 1948 5034 dornini
1971 4967 2007 5033 B.
2030 4967 2131 5034 incliti

589 5069 720 5138 linioris
740 5067 867 5135 Polonie
889 5068 1086 5150 acquirerem
1107 5066 1258 5148 consiliis,
1289 5086 1347 5133 nce
1375 5086 1438 5135 non
1459 5075 1568 5136 nostru
1589 5071 1753 5138 obtendere
1774 5071 1895 5137 monitu
1916 5076 1953 5135 nt
1974 5068 2131 5154 preintum

587 5178 730 5258 nepotem
755 5178 896 5239 nostrum
917 5190 938 5238 u
959 5170 1154 5254 captivitatis
1181 5168 1314 5236 nexibus
1343 5170 1523 5256 liberarent,
1550 5178 1665 5242 extunc
1688 5179 1754 5241 turn
1775 5189 1833 5250 nos
1854 5191 1949 5258 quern
1971 5172 2132 5257 prodictus

1941 5289 1976 5345 br
