4860 6180
1805 262 1879 337 399

340 469 424 560 qnod
445 488 503 554 ego
525 468 691 539 Ganradus
719 471 873 540 scultetus
898 468 1002 537 hctus
1021 468 1062 538 de
1083 467 1215 552 bubnia,
1244 467 1350 535 divim
1377 427 1473 535 michi
1498 437 1673 549 inspiranto
1700 465 1817 550 gracia,
1843 464 1884 535 ob

341 575 550 645 reverenciam
575 574 686 644 domus
716 575 807 643 hato
835 574 936 642 biario
956 573 1086 659 virginis
1108 574 1142 641 in
1163 574 1284 642 Olbocb
1303 574 1375 642 dull
1401 573 1501 642 cidem
1522 572 1562 642 de
1582 592 1662 664 mea
1675 572 1776 640 libera
1796 572 1886 641 here·

330 680 442 778 'nau
463 684 560 765 atque
580 680 621 750 de
640 681 767 765 proprio
789 680 896 748 labore
921 699 991 748 meo
1018 686 1052 748 et
1077 699 1146 748 moe
1172 679 1311 764 coniugis
1337 697 1506 746 coruscusn
1526 681 1561 744 et
1589 694 1720 743 assensn
1750 676 1886 746 liliorum

343 802 483 853 meomm
512 789 578 852 tres
604 803 731 853 mansos
749 785 876 867 liberos,
898 785 978 852 duos
998 785 1091 853 beate
1108 786 1209 853 Maria
1222 784 1352 869 virginis
1372 784 1406 851 in
1427 780 1558 862 Olboch‚
1580 799 1678 847 nuum
1699 781 1733 847 in
1755 781 1887 865 Lubnir,

343 887 403 957 snb
422 886 483 956 hac
502 892 609 956 mmcn
635 887 746 972 forma,
773 889 918 957 videlicet
943 894 981 956 ut
1004 889 1044 955 de
1069 887 1192 956 fertone
1220 887 1342 970 algenti
1368 892 1402 954 ct
1423 885 1579 954 maldrata
1609 884 1742 969 triplicis
1764 903 1888 955 aunone

343 1009 439 1079 qnam
461 990 539 1059 mihi
560 989 636 1058 dara
650 991 733 1059 idom
747 993 848 1060 mansi
863 998 1095 1072 consueverant,
1118 990 1158 1058 ad
1179 988 1334 1076 prefatam
1354 989 1481 1056 domum
1503 987 1623 1056 lumina
1644 993 1711 1056 tam
1732 1007 1790 1072 per
1804 988 1888 1056 diem

341 1113 436 1181 qnam
457 1113 515 1181 per
535 1099 660 1162 noctem
681 1095 715 1161 in
735 1102 922 1181 perpetuum
940 1092 1076 1162 debeant
1096 1093 1282 1177 comparari.
1317 1091 1499 1176 Excipimns
1520 1093 1618 1161 eciam
1640 1091 1799 1177 predictos
1821 1097 1886 1159 tres

341 1216 468 1266 mansos
485 1196 526 1267 ab
547 1197 691 1273 omnbus
712 1198 923 1267 solucionibus
943 1203 1040 1282 atque
1061 1196 1293 1282 gravaminibus
1314 1200 1348 1263 et
1368 1195 1409 1262 ab
1430 1197 1516 1263 omni
1537 1197 1700 1279 servitute,
1728 1200 1766 1261 nt
1785 1213 1888 1280 neqne

341 1302 402 1388 ipsi
422 1300 558 1369 scnloeto
580 1318 638 1368 nec
659 1302 754 1371 iudici
775 1321 877 1388 neque
894 1300 1001 1369 domni
1024 1318 1081 1384 pro
1103 1298 1210 1383 aliqua
1228 1300 1416 1368 necessitate
1436 1297 1556 1383 aliquid
1578 1303 1727 1366 tenentur
1742 1297 1818 1365 dare
1831 1303 1889 1365 ant

337 1405 474 1487 'subere
496 1403 552 1472 sed
573 1405 639 1471 sint
656 1422 713 1488 per
731 1408 835 1474 omnia
856 1405 964 1485 liheri3
986 1409 1021 1471 et
1040 1421 1134 1470 omne
1154 1404 1319 1472 servicium
1340 1402 1426 1486 qnod
1447 1401 1549 1468 mansi
1567 1400 1622 1468 alii
1644 1400 1765 1469 solvere
1779 1407 1887 1470 tenen
2032 1393 2044 1412 ⁴

341 1515 396 1577 tnr
415 1506 486 1576 inre
506 1507 709 1590 Thentonico
731 1509 785 1576 isti
804 1509 938 1593 predicti
960 1515 1025 1574 tres
1047 1506 1149 1574 mansi
1167 1507 1274 1573 omnia
1295 1512 1425 1574 teneant
1446 1511 1481 1574 et
1501 1505 1625 1573 solvant
1645 1505 1687 1572 ad
1708 1504 1888 1573 illuminan-

342 1611 415 1680 dam
436 1610 600 1680 ecclesiam
619 1610 710 1679 beate
730 1610 832 1679 biario
849 1612 979 1696 virginis
1000 1612 1034 1677 in
1055 1609 1186 1677 Olbocb
1230 1609 1268 1676 In
1289 1609 1377 1677 cuius
1398 1610 1444 1677 rei
1467 1609 1692 1692 testimonium,
1714 1628 1755 1676 ne
1774 1609 1888 1695 aliquis

343 1732 423 1784 ansa
444 1715 612 1782 temerario
634 1714 715 1782 hanc
735 1734 838 1782 meam
859 1715 1063 1782 donacionem
1085 1719 1256 1799 attemptet
1268 1713 1397 1796 violare,
1417 1718 1594 1800 presentem
1610 1718 1731 1781 cartam
1746 1710 1805 1780 feci
1819 1732 1890 1780 meo

343 1823 378 1887 et
394 1816 582 1886 venerabilis
603 1816 728 1886 domine
749 1817 866 1903 Sopbie
890 1815 1049 1885 abbatisse
1076 1823 1172 1901 atque
1200 1817 1318 1884 domini
1346 1817 1435 1885 ducis
1460 1816 1564 1902 sigillo
1585 1815 1780 1883 communiri.
1824 1815 1889 1882 Da·

343 1927 412 1989 tnnr
432 1920 467 1989 ln
489 1919 610 1989 Olboch
632 1940 714 1989 anno
734 1922 862 1990 Domini
880 1921 1045 1989 millasimo
1066 1921 1281 1989 ducentesimo
1301 1920 1531 2006 septuagesimo
1560 1919 1658 1987 tercio
1679 1918 1713 1985 in
1733 1916 1785 1984 die
1805 1916 1891 2002 Dyo·

343 2024 418 2092 nisit
437 2024 599 2110 martyris.
642 2024 753 2092 Testes
773 2030 881 2094 autern
899 2025 945 2092 bii
966 2029 1060 2091 sant:
1080 2023 1320 2108 Berthrammus
1342 2023 1532 2091 Sidilmanus
1546 2019 1701 2090 scultetus
1715 2020 1755 2088 de
1769 2019 1890 2105 Mogre,

343 2125 455 2213 Βοιῷ
475 2132 519 2194 bt.
543 2129 648 2207 dell..
667 2133 720 2194 tus
733 2127 834 2195 irater
846 2128 956 2212 ipsius,
977 2126 1133 2194 Henricas
1145 2145 1241 2210 gener
1254 2127 1363 2212 ipsius,
1384 2125 1602 2205 Theodericus,
1623 2124 1783 2206 Helvinus,
1804 2122 1892 2191 Rnd·

343 2248 436 2317 gesns
456 2229 564 2316 generi
584 2229 693 2314 ipsius,
714 2231 897 2316 Ruprebtns
916 2248 986 2298 enm
1006 2227 1082 2296 filiis
1100 2230 1176 2312 suis,
1195 2230 1404 2298 Theodericus
1425 2229 1579 2296 scnlwtm
1596 2229 1637 2296 de
1655 2227 1731 2296 villa
1751 2227 1890 2296 Theode-

308 2414 312 2420 ,
344 2335 401 2403 rici
424 2353 496 2403 carn
517 2331 591 2400 filiis
612 2334 687 2417 sais,
707 2335 814 2402 etalii
834 2354 931 2419 quem
951 2333 1058 2419 plnres
1079 2333 1280 2418 depredicta
1298 2334 1405 2401 domo:
1428 2333 1573 2400 dominus
1599 2329 1772 2400 Nicholaus
1794 2331 1889 2416 prior,

344 2437 488 2508 dommus
509 2435 676 2520 hienricus,
698 2437 842 2505 dominus
864 2435 1019 2506 lohannes
1045 2443 1080 2505 ct
1101 2435 1200 2504 irater
1221 2434 1369 2503 lobannis
1383 2435 1583 2515 camerarius,
1604 2441 1638 2501 et
1658 2433 1760 2501 irater
1781 2431 1891 2518 Syffri·

343 2541 417 2625 dns;
444 2538 620 2623 Gothidus',
647 2541 817 2623 arnoldus,
842 2538 970 2608 Wirnch
1000 2539 1059 2608 lilii
1078 2540 1179 2625 ipsius
1199 2538 1259 2607 hoc
1279 2537 1398 2606 iactum
1416 2543 1644 2623 protestantur.

447 2745 581 2829 Lnbniz,
603 2748 744 2814 rabam.
788 2747 919 2831 Olboch,
947 2749 1067 2813 Otoboh
1110 2746 1231 2832 biogre,
1255 2743 1435 2814 Mokrzlrdrv.
1466 2743 1553 2812 Villa
1573 2741 1765 2828 Theoderici,
1788 2766 1815 2808 u
1829 2747 1897 2812 XV

344 2873 380 2919 vr.
401 2852 682 2934 mmciomcc,
705 2850 773 2916 citii
793 2852 1021 2917 monae

1009 3146 1086 3236 Nr.
1116 3145 1218 3235 455.

445 3345 673 3453 liyshvoius
699 3345 777 3429 dux
798 3344 1012 3430 Pomornnle
1038 3348 1173 3428 1273
1199 3367 1229 3429 a
1255 3346 1308 3447 d,
1333 3346 1377 3429 tn
1403 3343 1529 3449 ivone
1544 3362 1654 3433 comiti
1669 3361 1800 3432 vieno
1814 3361 1892 3432 Jon-

349 3467 473 3540 kevi«
491 3466 699 3540 hereditatem
719 3465 882 3551 Krapocin
903 3466 1034 3550 confert
1056 3486 1189 3553 mmqne
1210 3467 1319 3536 multis
1339 3467 1593 3536 immunitatibus
1613 3466 1715 3536 dotat

453 3570 697 3654 illiriciwirki.
741 3568 1303 3653 Licsocrcsocstocdpep.59.

449 3775 489 3845 In
508 3775 634 3844 nomine
654 3776 781 3844 Domini
802 3794 905 3844 amn.
948 3776 1102 3845 Memorio
1122 3775 1238 3844 oblivio
1259 3783 1447 3846 novercatur
1467 3781 1502 3845 et
1518 3776 1751 3864 longinquitate
1773 3781 1893 3862 tempo·

343 3879 390 3948 ris
410 3884 571 3965 gestorum
593 3879 691 3946 series
712 3878 899 3961 obstruitur,
921 3879 982 3946 nisi
1002 3878 1162 3947 vivacibus
1183 3879 1361 3947 litterarum
1379 3879 1504 3948 indiciis
1522 3880 1562 3948 ad
1583 3886 1729 3965 posteros
1751 3878 1894 3966 propale-

345 3989 408 4051 tur.
454 3981 556 4064 Quare
578 3981 774 4066 presencium
794 3986 829 4049 et
848 3980 1026 4049 futurorum
1047 3982 1187 4066 indagini
1205 3981 1411 4065 declaramus,
1440 3983 1525 4067 qnod
1546 4001 1604 4051 nos
1625 3982 1814 4069 Mystivoius
1834 3981 1895 4050 Dei

343 4084 451 4171 praa
471 4085 535 4152 dnx
555 4083 750 4166 Pomoranie,
772 4085 925 4169 respectis
943 4083 1087 4151 fidelibus
1110 4084 1249 4152 servicis
1270 4086 1394 4153 comitis
1416 4085 1539 4154 Nicolai
1560 4086 1737 4170 Innlrovicz,
1761 4087 1895 4155 contuli·

344 4206 416 4256 mns
437 4185 497 4255 sibi
519 4185 726 4255 hereditatem
749 4207 811 4272 que
832 4188 1004 4272 vulgariter
1026 4186 1255 4257 Crambcovske
1275 4188 1455 4274 appellatur
1476 4189 1604 4275 suisque
1625 4197 1784 4274 postcom
1804 4190 1894 4258 here-

344 4290 437 4359 dibus
457 4296 492 4359 et
511 4288 675 4375 legittimis
693 4291 924 4359 successoribus
943 4291 1012 4358 inre
1032 4291 1224 4359 hereditario
1246 4292 1280 4358 in
1297 4298 1485 4377 perpetuum
1507 4294 1737 4379 possideam,
1759 4294 1895 4364 absolvi·

345 4411 477 4478 mnaqne
495 4388 529 4460 in
550 4394 621 4477 ipsa
639 4393 814 4462 hereditate
835 4395 1014 4462 habitantes
1040 4394 1081 4462 ab
1108 4395 1193 4461 omni
1219 4396 1385 4462 exaccione
1409 4395 1559 4464 Polonica
1587 4403 1622 4464 et
1647 4397 1807 4466 solucione
1832 4417 1895 4483 qne

345 4497 482 4565 nuncin
504 4503 613 4563 nostro
635 4496 773 4564 dominio
794 4503 845 4565 ast
865 4498 916 4564 vel
937 4498 969 4563 in
990 4515 1138 4581 processu
1154 4499 1304 4582 temporis
1318 4504 1424 4583 potest
1437 4501 1564 4582 exoriri,
1579 4500 1778 4570 videlicetab
1792 4502 1893 4587 opole,

345 4600 541 4670 ndmciorm
562 4601 669 4680 castri,
693 4600 776 4684 qnod
797 4600 899 4667 incole
920 4599 1058 4667 niualem
1081 4600 1154 4666 ville
1176 4619 1197 4667 a
1217 4600 1304 4668 nullo
1326 4601 1438 4684 iudico,
1468 4603 1620 4687 pallatino
1642 4605 1696 4671 vel
1724 4604 1894 4672 castellano

345 4703 484 4771 citantur
504 4703 554 4770 vel
576 4703 761 4783 iudicentur,
792 4723 849 4770 nec
877 4705 965 4772 citati
993 4712 1196 4788 compareant
1222 4724 1280 4772 nee
1305 4706 1516 4790 respondeant
1545 4708 1666 4776 scilicet
1692 4709 1768 4795 (sic)
1789 4727 1894 4776 coram

346 4826 454 4876 eorum
477 4808 601 4889 comite,
624 4808 683 4873 nisi
706 4809 734 4872 si
756 4808 797 4873 ad
819 4814 961 4875 rosham
982 4808 1176 4894 presenciam
1198 4828 1255 4892 per
1272 4823 1417 4876 nostrum
1438 4810 1576 4894 sigillum
1590 4810 1709 4879 ineunt
1723 4810 1894 4896 provocati.

346 4910 593 4979 Homicidiornm
615 4929 687 4977 voro
711 4911 793 4976 iuter
815 4913 899 4994 ipsos
921 4911 1039 4978 incolas
1057 4911 1222 4994 factorum,
1244 4913 1311 4996 ipse
1332 4917 1366 4978 ct
1386 4913 1455 4979 cius
1475 4914 1645 4997 posteritas
1660 4916 1895 4999 inperpetuum

346 5033 386 5082 ex
406 5014 530 5097 integro
553 5013 706 5097 percipiat
728 5014 927 5082 solucionem.
962 5014 997 5081 Si
1020 5033 1092 5081 vcro
1114 5022 1203 5083 actor
1224 5035 1299 5082 suns
1320 5013 1470 5083 fueritin
1492 5017 1895 5086 onorealiouiusvolalte·

348 5118 424 5198 rius,
447 5115 573 5183 insimul
593 5116 782 5184 soltreionem
804 5139 842 5184 ex
866 5118 987 5199 irrtrgrn
1009 5117 1075 5200 ipen
1102 5124 1136 5183 et.
1161 5119 1330 5202 praeteritas
1355 5139 1415 5186 sua
1438 5120 1590 5205 percipiet
1619 5119 1767 5186 iudicium
1790 5127 1824 5186 ot
1844 5140 1895 5189 aa·

350 5220 505 5288 lurionem
527 5218 613 5286 Lxx
635 5219 843 5288 marcharum.
888 5222 1087 5289 Absolvimns
1116 5221 1241 5289 comem
1268 5223 1401 5292 villanos
1422 5243 1443 5292 a
1461 5242 1566 5307 vacuae,
1586 5244 1608 5291 a
1629 5223 1717 5306 bove,
1746 5223 1788 5292 ab
1815 5244 1896 5295 urna
