<?xml version="1.0" encoding="UTF-8"?>
<!DOCTYPE html PUBLIC "-//W3C//DTD XHTML 1.0 Transitional//EN"
    "http://www.w3.org/TR/xhtml1/DTD/xhtml1-transitional.dtd">
<html xmlns="http://www.w3.org/1999/xhtml" xml:lang="en" lang="en">
 <head>
  <title>
</title>
<meta http-equiv="Content-Type" content="text/html;charset=utf-8" />
  <meta name='ocr-system' content='tesseract 3.04.00' />
  <meta name='ocr-capabilities' content='ocr_page ocr_carea ocr_par ocr_line ocrx_word'/>
</head>
<body>
  <div class='ocr_page' id='page_1' title='image "./codexdiplomatic03zakrgoog_0057.png"; bbox 0 0 4860 6180; ppageno 0'>
   <div class='ocr_carea' id='block_1_1' title="bbox 863 701 2305 1013">
    <p class='ocr_par' dir='ltr' id='par_1_1' title="bbox 863 701 2305 1013">
     <span class='ocr_line' id='line_1_1' title="bbox 1431 701 1638 798; baseline -0.005 -2"><span class='ocrx_word' id='word_1_1' title='bbox 1431 702 1505 798; x_wconf 84' lang='lat' dir='ltr'><strong>Nr.</strong></span> <span class='ocrx_word' id='word_1_2' title='bbox 1538 701 1638 795; x_wconf 75' lang='lat'><strong>279.</strong></span> 
     </span>
     <span class='ocr_line' id='line_1_2' title="bbox 863 897 2305 1013; baseline 0.003 -21"><span class='ocrx_word' id='word_1_3' title='bbox 863 897 1026 992; x_wconf 85' lang='lat' dir='ltr'><strong>iitchaei</strong></span> <span class='ocrx_word' id='word_1_4' title='bbox 1052 903 1165 991; x_wconf 91' lang='lat' dir='ltr'><strong>abbas</strong></span> <span class='ocrx_word' id='word_1_5' title='bbox 1190 907 1228 989; x_wconf 86' lang='lat' dir='ltr'><strong>et</strong></span> <span class='ocrx_word' id='word_1_6' title='bbox 1246 903 1454 989; x_wconf 75' lang='lat' dir='ltr'><strong>conuentus</strong></span> <span class='ocrx_word' id='word_1_7' title='bbox 1480 904 1651 988; x_wconf 83' lang='lat' dir='ltr'><strong>Parudisi</strong></span> <span class='ocrx_word' id='word_1_8' title='bbox 1676 906 1810 986; x_wconf 75' lang='lat'>1249</span> <span class='ocrx_word' id='word_1_9' title='bbox 1836 924 1866 986; x_wconf 82' lang='lat' dir='ltr'><strong>a</strong></span> <span class='ocrx_word' id='word_1_10' title='bbox 1893 901 1929 986; x_wconf 80' lang='lat' dir='ltr'><strong>d</strong></span> <span class='ocrx_word' id='word_1_11' title='bbox 1954 902 1992 985; x_wconf 86' lang='lat' dir='ltr'><strong>et</strong></span> <span class='ocrx_word' id='word_1_12' title='bbox 2017 899 2058 1003; x_wconf 72' lang='lat' dir='ltr'><strong>it</strong></span> <span class='ocrx_word' id='word_1_13' title='bbox 2081 926 2305 1013; x_wconf 62' lang='lat' dir='ltr'><strong>pumuntur,</strong></span> 
     </span>
    </p>
   </div>
   <div class='ocr_carea' id='block_1_2' title="bbox 760 1020 2306 1110">
    <p class='ocr_par' dir='ltr' id='par_1_2' title="bbox 760 1020 2306 1110">
     <span class='ocr_line' id='line_1_3' title="bbox 760 1020 2306 1110; baseline -0.003 -12"><span class='ocrx_word' id='word_1_14' title='bbox 760 1029 908 1098; x_wconf 81' lang='lat' dir='ltr'><strong>comitem</strong></span> <span class='ocrx_word' id='word_1_15' title='bbox 929 1028 1051 1098; x_wconf 82' lang='lat' dir='ltr'><strong>Bomta</strong></span> <span class='ocrx_word' id='word_1_16' title='bbox 1071 1026 1111 1095; x_wconf 90' lang='lat' dir='ltr'><strong>de</strong></span> <span class='ocrx_word' id='word_1_17' title='bbox 1133 1024 1270 1094; x_wconf 80' lang='lat' dir='ltr'><strong>Widsim</strong></span> <span class='ocrx_word' id='word_1_18' title='bbox 1289 1027 1459 1095; x_wconf 83' lang='lat' dir='ltr'><strong>contulisse</strong></span> <span class='ocrx_word' id='word_1_19' title='bbox 1478 1025 1571 1095; x_wconf 92' lang='lat' dir='ltr'><strong>modo</strong></span> <span class='ocrx_word' id='word_1_20' title='bbox 1593 1023 1827 1110; x_wconf 80' lang='lat' dir='ltr'><strong>compositionis</strong></span> <span class='ocrx_word' id='word_1_21' title='bbox 1842 1021 2035 1092; x_wconf 88' lang='lat' dir='ltr'><strong>monasterio</strong></span> <span class='ocrx_word' id='word_1_22' title='bbox 2048 1020 2191 1107; x_wconf 83' lang='lat' dir='ltr'><strong>Paradyt</strong></span> <span class='ocrx_word' id='word_1_23' title='bbox 2205 1025 2306 1101; x_wconf 82' lang='lat' dir='ltr'><strong>villam</strong></span> 
     </span>
    </p>
   </div>
   <div class='ocr_carea' id='block_1_3' title="bbox 760 1130 1770 1317">
    <p class='ocr_par' dir='ltr' id='par_1_3' title="bbox 760 1130 1770 1317">
     <span class='ocr_line' id='line_1_4' title="bbox 760 1130 1770 1317; baseline -0.004 -16"><span class='ocrx_word' id='word_1_24' title='bbox 760 1130 1012 1317; x_wconf 51' lang='lat' dir='ltr'><strong>magmultis,</strong></span> <span class='ocrx_word' id='word_1_25' title='bbox 1034 1234 1208 1301; x_wconf 67' lang='lat' dir='ltr'><strong>Biwideko.</strong></span> <span class='ocrx_word' id='word_1_26' title='bbox 1253 1235 1392 1301; x_wconf 70' lang='lat' dir='ltr'><strong>Paludis.</strong></span> <span class='ocrx_word' id='word_1_27' title='bbox 1436 1233 1501 1300; x_wconf 76' lang='lat' dir='ltr'><strong>lib.</strong></span> <span class='ocrx_word' id='word_1_28' title='bbox 1521 1235 1620 1314; x_wconf 82' lang='lat' dir='ltr'><strong>pricit</strong></span> <span class='ocrx_word' id='word_1_29' title='bbox 1641 1232 1697 1297; x_wconf 78' lang='lat' dir='ltr'><strong>Nr.</strong></span> <span class='ocrx_word' id='word_1_30' title='bbox 1716 1230 1770 1297; x_wconf 75' lang='lat'><strong>24.</strong></span> 
     </span>
    </p>
   </div>
   <div class='ocr_carea' id='block_1_4' title="bbox 760 1449 2312 2871">
    <p class='ocr_par' dir='ltr' id='par_1_4' title="bbox 760 1449 2312 2871">
     <span class='ocr_line' id='line_1_5' title="bbox 864 1449 2308 1538; baseline 0.001 -15"><span class='ocrx_word' id='word_1_31' title='bbox 864 1453 903 1523; x_wconf 89' lang='lat' dir='ltr'><strong>iu</strong></span> <span class='ocrx_word' id='word_1_32' title='bbox 923 1453 1050 1522; x_wconf 90' lang='lat' dir='ltr'><strong>nomine</strong></span> <span class='ocrx_word' id='word_1_33' title='bbox 1070 1452 1176 1522; x_wconf 81' lang='lat' dir='ltr'><strong>Patris</strong></span> <span class='ocrx_word' id='word_1_34' title='bbox 1198 1457 1233 1521; x_wconf 93' lang='lat' dir='ltr'><strong>et</strong></span> <span class='ocrx_word' id='word_1_35' title='bbox 1252 1453 1327 1521; x_wconf 80' lang='lat' dir='ltr'><strong>liiii</strong></span> <span class='ocrx_word' id='word_1_36' title='bbox 1348 1458 1382 1521; x_wconf 89' lang='lat' dir='ltr'><strong>et</strong></span> <span class='ocrx_word' id='word_1_37' title='bbox 1401 1451 1539 1538; x_wconf 83' lang='lat' dir='ltr'><strong>Spiritus</strong></span> <span class='ocrx_word' id='word_1_38' title='bbox 1560 1453 1663 1522; x_wconf 87' lang='lat' dir='ltr'><strong>sancti</strong></span> <span class='ocrx_word' id='word_1_39' title='bbox 1690 1471 1791 1522; x_wconf 88' lang='lat' dir='ltr'><strong>amen</strong></span> <span class='ocrx_word' id='word_1_40' title='bbox 1834 1451 2000 1522; x_wconf 83' lang='lat' dir='ltr'><strong>Universis</strong></span> <span class='ocrx_word' id='word_1_41' title='bbox 2027 1450 2150 1520; x_wconf 83' lang='lat' dir='ltr'><strong>christi</strong></span> <span class='ocrx_word' id='word_1_42' title='bbox 2168 1449 2308 1525; x_wconf 86' lang='lat' dir='ltr'><strong>fidelibus</strong></span> 
     </span>
     <span class='ocr_line' id='line_1_6' title="bbox 761 1553 2309 1643; baseline 0.001 -18"><span class='ocrx_word' id='word_1_43' title='bbox 761 1562 939 1643; x_wconf 73' lang='lat' dir='ltr'><strong>presentem</strong></span> <span class='ocrx_word' id='word_1_44' title='bbox 960 1554 1106 1641; x_wconf 78' lang='lat' dir='ltr'><strong>paginam</strong></span> <span class='ocrx_word' id='word_1_45' title='bbox 1127 1554 1328 1640; x_wconf 86' lang='lat' dir='ltr'><strong>inspecturis,</strong></span> <span class='ocrx_word' id='word_1_46' title='bbox 1351 1573 1408 1640; x_wconf 82' lang='lat' dir='ltr'><strong>ego</strong></span> <span class='ocrx_word' id='word_1_47' title='bbox 1430 1555 1567 1624; x_wconf 85' lang='lat' dir='ltr'><strong>Michael</strong></span> <span class='ocrx_word' id='word_1_48' title='bbox 1586 1554 1686 1623; x_wconf 88' lang='lat' dir='ltr'><strong>abbas</strong></span> <span class='ocrx_word' id='word_1_49' title='bbox 1704 1555 1848 1623; x_wconf 89' lang='lat' dir='ltr'><strong>Paradisi</strong></span> <span class='ocrx_word' id='word_1_50' title='bbox 1869 1560 2020 1638; x_wconf 89' lang='lat' dir='ltr'><strong>totusque</strong></span> <span class='ocrx_word' id='word_1_51' title='bbox 2035 1553 2217 1622; x_wconf 80' lang='lat' dir='ltr'><strong>conventus</strong></span> <span class='ocrx_word' id='word_1_52' title='bbox 2230 1557 2309 1626; x_wconf 87' lang='lat' dir='ltr'><strong>eius·</strong></span> 
     </span>
     <span class='ocr_line' id='line_1_7' title="bbox 760 1653 2309 1741; baseline 0.001 -13"><span class='ocrx_word' id='word_1_53' title='bbox 760 1658 834 1728; x_wconf 89' lang='lat' dir='ltr'><strong>dem</strong></span> <span class='ocrx_word' id='word_1_54' title='bbox 854 1658 915 1728; x_wconf 88' lang='lat' dir='ltr'><strong>loci</strong></span> <span class='ocrx_word' id='word_1_55' title='bbox 935 1659 1071 1727; x_wconf 89' lang='lat' dir='ltr'><strong>salutem</strong></span> <span class='ocrx_word' id='word_1_56' title='bbox 1092 1664 1126 1727; x_wconf 92' lang='lat' dir='ltr'><strong>et</strong></span> <span class='ocrx_word' id='word_1_57' title='bbox 1145 1659 1306 1726; x_wconf 82' lang='lat' dir='ltr'><strong>oraciones</strong></span> <span class='ocrx_word' id='word_1_58' title='bbox 1328 1657 1361 1725; x_wconf 91' lang='lat' dir='ltr'><strong>iu</strong></span> <span class='ocrx_word' id='word_1_59' title='bbox 1383 1653 1520 1724; x_wconf 82' lang='lat' dir='ltr'><strong>Christo.</strong></span> <span class='ocrx_word' id='word_1_60' title='bbox 1564 1657 1684 1726; x_wconf 87' lang='lat' dir='ltr'><strong>Notum</strong></span> <span class='ocrx_word' id='word_1_61' title='bbox 1706 1659 1750 1726; x_wconf 91' lang='lat' dir='ltr'><strong>sit</strong></span> <span class='ocrx_word' id='word_1_62' title='bbox 1771 1664 1838 1725; x_wconf 88' lang='lat' dir='ltr'><strong>tam</strong></span> <span class='ocrx_word' id='word_1_63' title='bbox 1860 1655 2059 1741; x_wconf 85' lang='lat' dir='ltr'><strong>presentibus</strong></span> <span class='ocrx_word' id='word_1_64' title='bbox 2079 1673 2177 1740; x_wconf 84' lang='lat' dir='ltr'><strong>quam</strong></span> <span class='ocrx_word' id='word_1_65' title='bbox 2197 1655 2309 1729; x_wconf 84' lang='lat' dir='ltr'><strong>futuris</strong></span> 
     </span>
     <span class='ocr_line' id='line_1_8' title="bbox 761 1759 2310 1845; baseline 0.001 -15"><span class='ocrx_word' id='word_1_66' title='bbox 761 1760 905 1832; x_wconf 90' lang='lat' dir='ltr'><strong>omnibus</strong></span> <span class='ocrx_word' id='word_1_67' title='bbox 925 1760 1045 1829; x_wconf 83' lang='lat' dir='ltr'><strong>christi</strong></span> <span class='ocrx_word' id='word_1_68' title='bbox 1067 1760 1220 1844; x_wconf 85' lang='lat' dir='ltr'><strong>fidelibus,</strong></span> <span class='ocrx_word' id='word_1_69' title='bbox 1242 1760 1327 1845; x_wconf 90' lang='lat' dir='ltr'><strong>quod</strong></span> <span class='ocrx_word' id='word_1_70' title='bbox 1345 1778 1402 1844; x_wconf 79' lang='lat' dir='ltr'><strong>ego</strong></span> <span class='ocrx_word' id='word_1_71' title='bbox 1424 1759 1562 1828; x_wconf 86' lang='lat' dir='ltr'><strong>Michael</strong></span> <span class='ocrx_word' id='word_1_72' title='bbox 1583 1759 1682 1827; x_wconf 87' lang='lat' dir='ltr'><strong>abbas</strong></span> <span class='ocrx_word' id='word_1_73' title='bbox 1702 1759 1846 1828; x_wconf 64' lang='lat' dir='ltr'><strong>Pmndm</strong></span> <span class='ocrx_word' id='word_1_74' title='bbox 1867 1778 1940 1828; x_wconf 91' lang='lat' dir='ltr'><strong>cum</strong></span> <span class='ocrx_word' id='word_1_75' title='bbox 1961 1776 2114 1827; x_wconf 88' lang='lat' dir='ltr'><strong>consensu</strong></span> <span class='ocrx_word' id='word_1_76' title='bbox 2127 1760 2310 1832; x_wconf 79' lang='lat' dir='ltr'><strong>venerabilis</strong></span> 
     </span>
     <span class='ocr_line' id='line_1_9' title="bbox 760 1860 2311 1946; baseline 0.001 -14"><span class='ocrx_word' id='word_1_77' title='bbox 760 1861 880 1932; x_wconf 86' lang='lat' dir='ltr'><strong>domini</strong></span> <span class='ocrx_word' id='word_1_78' title='bbox 901 1862 1062 1931; x_wconf 86' lang='lat' dir='ltr'><strong>Wiihelmi</strong></span> <span class='ocrx_word' id='word_1_79' title='bbox 1083 1862 1209 1930; x_wconf 87' lang='lat' dir='ltr'><strong>abbatis</strong></span> <span class='ocrx_word' id='word_1_80' title='bbox 1229 1863 1269 1930; x_wconf 92' lang='lat' dir='ltr'><strong>de</strong></span> <span class='ocrx_word' id='word_1_81' title='bbox 1287 1861 1388 1930; x_wconf 88' lang='lat' dir='ltr'><strong>Lenin</strong></span> <span class='ocrx_word' id='word_1_82' title='bbox 1410 1869 1444 1929; x_wconf 91' lang='lat' dir='ltr'><strong>et</strong></span> <span class='ocrx_word' id='word_1_83' title='bbox 1465 1862 1566 1929; x_wconf 87' lang='lat' dir='ltr'><strong>tocius</strong></span> <span class='ocrx_word' id='word_1_84' title='bbox 1581 1860 1761 1930; x_wconf 83' lang='lat' dir='ltr'><strong>Conventus</strong></span> <span class='ocrx_word' id='word_1_85' title='bbox 1781 1863 1882 1930; x_wconf 89' lang='lat' dir='ltr'><strong>nostri</strong></span> <span class='ocrx_word' id='word_1_86' title='bbox 1903 1861 2113 1929; x_wconf 86' lang='lat' dir='ltr'><strong>fideiussimus</strong></span> <span class='ocrx_word' id='word_1_87' title='bbox 2127 1878 2187 1946; x_wconf 88' lang='lat' dir='ltr'><strong>pro</strong></span> <span class='ocrx_word' id='word_1_88' title='bbox 2200 1865 2311 1934; x_wconf 88' lang='lat' dir='ltr'><strong>comite</strong></span> 
     </span>
     <span class='ocr_line' id='line_1_10' title="bbox 760 1963 2311 2049; baseline -0.001 -14"><span class='ocrx_word' id='word_1_89' title='bbox 760 1964 882 2035; x_wconf 70' lang='lat' dir='ltr'><strong>Bonam</strong></span> <span class='ocrx_word' id='word_1_90' title='bbox 902 1965 942 2034; x_wconf 91' lang='lat' dir='ltr'><strong>de</strong></span> <span class='ocrx_word' id='word_1_91' title='bbox 960 1965 1064 2034; x_wconf 86' lang='lat' dir='ltr'><strong>Vizim</strong></span> <span class='ocrx_word' id='word_1_92' title='bbox 1085 1964 1150 2033; x_wconf 92' lang='lat' dir='ltr'><strong>iilio</strong></span> <span class='ocrx_word' id='word_1_93' title='bbox 1170 1965 1295 2033; x_wconf 89' lang='lat' dir='ltr'><strong>lanussi</strong></span> <span class='ocrx_word' id='word_1_94' title='bbox 1317 1965 1350 2032; x_wconf 94' lang='lat' dir='ltr'><strong>in</strong></span> <span class='ocrx_word' id='word_1_95' title='bbox 1371 1963 1582 2049; x_wconf 79' lang='lat' dir='ltr'><strong>quadraginta</strong></span> <span class='ocrx_word' id='word_1_96' title='bbox 1601 1964 1716 2033; x_wconf 88' lang='lat' dir='ltr'><strong>marcis</strong></span> <span class='ocrx_word' id='word_1_97' title='bbox 1737 1964 1949 2033; x_wconf 90' lang='lat' dir='ltr'><strong>Teutonicalis</strong></span> <span class='ocrx_word' id='word_1_98' title='bbox 1968 1963 2117 2049; x_wconf 87' lang='lat' dir='ltr'><strong>ponderis</strong></span> <span class='ocrx_word' id='word_1_99' title='bbox 2141 1969 2176 2031; x_wconf 90' lang='lat' dir='ltr'><strong>et</strong></span> <span class='ocrx_word' id='word_1_100' title='bbox 2199 1963 2311 2034; x_wconf 85' lang='lat' dir='ltr'><strong>Teuto-</strong></span> 
     </span>
     <span class='ocr_line' id='line_1_11' title="bbox 761 2065 2310 2153; baseline 0.001 -17"><span class='ocrx_word' id='word_1_101' title='bbox 761 2068 873 2137; x_wconf 90' lang='lat' dir='ltr'><strong>nicalis</strong></span> <span class='ocrx_word' id='word_1_102' title='bbox 893 2069 1027 2153; x_wconf 79' lang='lat' dir='ltr'><strong>argenti,</strong></span> <span class='ocrx_word' id='word_1_103' title='bbox 1049 2068 1133 2136; x_wconf 90' lang='lat' dir='ltr'><strong>unde</strong></span> <span class='ocrx_word' id='word_1_104' title='bbox 1153 2068 1261 2135; x_wconf 83' lang='lat' dir='ltr'><strong>vilium</strong></span> <span class='ocrx_word' id='word_1_105' title='bbox 1283 2067 1408 2135; x_wconf 92' lang='lat' dir='ltr'><strong>nomine</strong></span> <span class='ocrx_word' id='word_1_106' title='bbox 1425 2065 1550 2134; x_wconf 81' lang='lat' dir='ltr'><strong>Lubrze</strong></span> <span class='ocrx_word' id='word_1_107' title='bbox 1571 2085 1642 2135; x_wconf 92' lang='lat' dir='ltr'><strong>cum</strong></span> <span class='ocrx_word' id='word_1_108' title='bbox 1664 2066 1810 2135; x_wconf 89' lang='lat' dir='ltr'><strong>omnibus</strong></span> <span class='ocrx_word' id='word_1_109' title='bbox 1831 2067 1975 2135; x_wconf 90' lang='lat' dir='ltr'><strong>terminis</strong></span> <span class='ocrx_word' id='word_1_110' title='bbox 1997 2066 2066 2134; x_wconf 90' lang='lat' dir='ltr'><strong>eius</strong></span> <span class='ocrx_word' id='word_1_111' title='bbox 2086 2071 2121 2134; x_wconf 91' lang='lat' dir='ltr'><strong>et</strong></span> <span class='ocrx_word' id='word_1_112' title='bbox 2134 2065 2310 2138; x_wconf 82' lang='lat' dir='ltr'><strong>attinentiis</strong></span> 
     </span>
     <span class='ocr_line' id='line_1_12' title="bbox 760 2166 2311 2256; baseline 0.001 -18"><span class='ocrx_word' id='word_1_113' title='bbox 760 2176 915 2256; x_wconf 86' lang='lat' dir='ltr'><strong>perpetua</strong></span> <span class='ocrx_word' id='word_1_114' title='bbox 935 2169 1083 2238; x_wconf 90' lang='lat' dir='ltr'><strong>libertate</strong></span> <span class='ocrx_word' id='word_1_115' title='bbox 1103 2169 1324 2254; x_wconf 79' lang='lat' dir='ltr'><strong>possidendam</strong></span> <span class='ocrx_word' id='word_1_116' title='bbox 1345 2188 1402 2254; x_wconf 89' lang='lat' dir='ltr'><strong>pro</strong></span> <span class='ocrx_word' id='word_1_117' title='bbox 1425 2170 1557 2254; x_wconf 79' lang='lat' dir='ltr'><strong>triginta</strong></span> <span class='ocrx_word' id='word_1_118' title='bbox 1577 2170 1693 2237; x_wconf 81' lang='lat' dir='ltr'><strong>martir</strong></span> <span class='ocrx_word' id='word_1_119' title='bbox 1714 2170 1859 2251; x_wconf 91' lang='lat' dir='ltr'><strong>eontulit,</strong></span> <span class='ocrx_word' id='word_1_120' title='bbox 1883 2167 2028 2236; x_wconf 89' lang='lat' dir='ltr'><strong>residuas</strong></span> <span class='ocrx_word' id='word_1_121' title='bbox 2055 2185 2130 2235; x_wconf 84' lang='lat' dir='ltr'><strong>vero</strong></span> <span class='ocrx_word' id='word_1_122' title='bbox 2152 2166 2259 2236; x_wconf 89' lang='lat' dir='ltr'><strong>decem</strong></span> <span class='ocrx_word' id='word_1_123' title='bbox 2278 2171 2311 2239; x_wconf 88' lang='lat' dir='ltr'><strong>in</strong></span> 
     </span>
     <span class='ocr_line' id='line_1_13' title="bbox 761 2270 2311 2357; baseline -0.001 -17"><span class='ocrx_word' id='word_1_124' title='bbox 761 2277 894 2356; x_wconf 73' lang='lat' dir='ltr'><strong>argemo</strong></span> <span class='ocrx_word' id='word_1_125' title='bbox 915 2272 1075 2357; x_wconf 82' lang='lat' dir='ltr'><strong>persolvit.</strong></span> <span class='ocrx_word' id='word_1_126' title='bbox 1096 2271 1144 2340; x_wconf 89' lang='lat' dir='ltr'><strong>Ut</strong></span> <span class='ocrx_word' id='word_1_127' title='bbox 1156 2271 1255 2356; x_wconf 82' lang='lat' dir='ltr'><strong>igitur</strong></span> <span class='ocrx_word' id='word_1_128' title='bbox 1268 2271 1412 2355; x_wconf 89' lang='lat' dir='ltr'><strong>predicta</strong></span> <span class='ocrx_word' id='word_1_129' title='bbox 1426 2272 1613 2355; x_wconf 90' lang='lat' dir='ltr'><strong>composicio</strong></span> <span class='ocrx_word' id='word_1_130' title='bbox 1635 2271 1819 2339; x_wconf 86' lang='lat' dir='ltr'><strong>inconvulsa</strong></span> <span class='ocrx_word' id='word_1_131' title='bbox 1839 2280 1873 2339; x_wconf 93' lang='lat' dir='ltr'><strong>et</strong></span> <span class='ocrx_word' id='word_1_132' title='bbox 1887 2270 2311 2356; x_wconf 81' lang='lat' dir='ltr'><strong>inconturbataperseveret,</strong></span> 
     </span>
     <span class='ocr_line' id='line_1_14' title="bbox 761 2371 2311 2460; baseline -0.001 -19"><span class='ocrx_word' id='word_1_133' title='bbox 761 2379 939 2460; x_wconf 88' lang='lat' dir='ltr'><strong>presentem</strong></span> <span class='ocrx_word' id='word_1_134' title='bbox 960 2376 1108 2459; x_wconf 73' lang='lat' dir='ltr'><strong>pagium</strong></span> <span class='ocrx_word' id='word_1_135' title='bbox 1130 2373 1225 2458; x_wconf 84' lang='lat' dir='ltr'><strong>sigilii</strong></span> <span class='ocrx_word' id='word_1_136' title='bbox 1246 2373 1348 2440; x_wconf 85' lang='lat' dir='ltr'><strong>nostri</strong></span> <span class='ocrx_word' id='word_1_137' title='bbox 1370 2379 1404 2440; x_wconf 90' lang='lat' dir='ltr'><strong>et</strong></span> <span class='ocrx_word' id='word_1_138' title='bbox 1425 2373 1612 2441; x_wconf 84' lang='lat' dir='ltr'><strong>venerabilis</strong></span> <span class='ocrx_word' id='word_1_139' title='bbox 1632 2373 1752 2441; x_wconf 88' lang='lat' dir='ltr'><strong>domini</strong></span> <span class='ocrx_word' id='word_1_140' title='bbox 1772 2373 1860 2442; x_wconf 91' lang='lat' dir='ltr'><strong>Petri</strong></span> <span class='ocrx_word' id='word_1_141' title='bbox 1878 2373 2006 2441; x_wconf 86' lang='lat' dir='ltr'><strong>abbatis</strong></span> <span class='ocrx_word' id='word_1_142' title='bbox 2027 2373 2067 2440; x_wconf 94' lang='lat' dir='ltr'><strong>de</strong></span> <span class='ocrx_word' id='word_1_143' title='bbox 2088 2371 2177 2441; x_wconf 84' lang='lat' dir='ltr'><strong>Ohra</strong></span> <span class='ocrx_word' id='word_1_144' title='bbox 2196 2391 2311 2457; x_wconf 90' lang='lat' dir='ltr'><strong>appen-</strong></span> 
     </span>
     <span class='ocr_line' id='line_1_15' title="bbox 762 2474 2312 2560; baseline 0.001 -17"><span class='ocrx_word' id='word_1_145' title='bbox 762 2475 860 2559; x_wconf 83' lang='lat' dir='ltr'><strong>sione,</strong></span> <span class='ocrx_word' id='word_1_146' title='bbox 891 2477 947 2560; x_wconf 85' lang='lat' dir='ltr'><strong>qui</strong></span> <span class='ocrx_word' id='word_1_147' title='bbox 977 2476 1050 2544; x_wconf 93' lang='lat' dir='ltr'><strong>hnic</strong></span> <span class='ocrx_word' id='word_1_148' title='bbox 1078 2475 1299 2560; x_wconf 84' lang='lat' dir='ltr'><strong>composicioni</strong></span> <span class='ocrx_word' id='word_1_149' title='bbox 1329 2474 1483 2558; x_wconf 83' lang='lat' dir='ltr'><strong>interfuit,</strong></span> <span class='ocrx_word' id='word_1_150' title='bbox 1516 2476 1753 2559; x_wconf 85' lang='lat' dir='ltr'><strong>communimus,</strong></span> <span class='ocrx_word' id='word_1_151' title='bbox 1780 2475 1916 2543; x_wconf 88' lang='lat' dir='ltr'><strong>testibus</strong></span> <span class='ocrx_word' id='word_1_152' title='bbox 1944 2475 2167 2543; x_wconf 85' lang='lat' dir='ltr'><strong>nichilominus</strong></span> <span class='ocrx_word' id='word_1_153' title='bbox 2195 2475 2312 2544; x_wconf 82' lang='lat' dir='ltr'><strong>idoneis</strong></span> 
     </span>
     <span class='ocr_line' id='line_1_16' title="bbox 761 2575 2312 2663; baseline -0.001 -17"><span class='ocrx_word' id='word_1_154' title='bbox 761 2577 913 2646; x_wconf 82' lang='lat' dir='ltr'><strong>adhibitis</strong></span> <span class='ocrx_word' id='word_1_155' title='bbox 933 2597 1067 2662; x_wconf 84' lang='lat' dir='ltr'><strong>quorum</strong></span> <span class='ocrx_word' id='word_1_156' title='bbox 1089 2579 1309 2646; x_wconf 80' lang='lat' dir='ltr'><strong>nominasent</strong></span> <span class='ocrx_word' id='word_1_157' title='bbox 1329 2575 1405 2644; x_wconf 88' lang='lat' dir='ltr'><strong>hec:</strong></span> <span class='ocrx_word' id='word_1_158' title='bbox 1436 2576 1613 2645; x_wconf 90' lang='lat' dir='ltr'><strong>Richardus</strong></span> <span class='ocrx_word' id='word_1_159' title='bbox 1633 2577 1730 2663; x_wconf 89' lang='lat' dir='ltr'><strong>prior,</strong></span> <span class='ocrx_word' id='word_1_160' title='bbox 1760 2577 1916 2645; x_wconf 79' lang='lat' dir='ltr'><strong>Esuriens</strong></span> <span class='ocrx_word' id='word_1_161' title='bbox 1941 2576 2133 2659; x_wconf 88' lang='lat' dir='ltr'><strong>ceiierarius,</strong></span> <span class='ocrx_word' id='word_1_162' title='bbox 2156 2576 2312 2645; x_wconf 84' lang='lat' dir='ltr'><strong>Martinus</strong></span> 
     </span>
     <span class='ocr_line' id='line_1_17' title="bbox 761 2677 2311 2764; baseline -0.002 -15"><span class='ocrx_word' id='word_1_163' title='bbox 761 2679 953 2749; x_wconf 82' lang='lat' dir='ltr'><strong>infirmarius</strong></span> <span class='ocrx_word' id='word_1_164' title='bbox 974 2682 1014 2749; x_wconf 93' lang='lat' dir='ltr'><strong>de</strong></span> <span class='ocrx_word' id='word_1_165' title='bbox 1034 2681 1204 2764; x_wconf 81' lang='lat' dir='ltr'><strong>Paradis03</strong></span> <span class='ocrx_word' id='word_1_166' title='bbox 1224 2679 1358 2748; x_wconf 84' lang='lat' dir='ltr'><strong>Isoobus</strong></span> <span class='ocrx_word' id='word_1_167' title='bbox 1372 2680 1469 2764; x_wconf 88' lang='lat' dir='ltr'><strong>prior,</strong></span> <span class='ocrx_word' id='word_1_168' title='bbox 1490 2679 1646 2748; x_wconf 89' lang='lat' dir='ltr'><strong>Iohannes</strong></span> <span class='ocrx_word' id='word_1_169' title='bbox 1660 2680 1852 2764; x_wconf 73' lang='lat' dir='ltr'><strong>delimamus,</strong></span> <span class='ocrx_word' id='word_1_170' title='bbox 1873 2679 1989 2748; x_wconf 87' lang='lat' dir='ltr'><strong>Petrus</strong></span> <span class='ocrx_word' id='word_1_171' title='bbox 2002 2679 2149 2764; x_wconf 89' lang='lat' dir='ltr'><strong>subprior</strong></span> <span class='ocrx_word' id='word_1_172' title='bbox 2161 2678 2203 2746; x_wconf 88' lang='lat' dir='ltr'><strong>de</strong></span> <span class='ocrx_word' id='word_1_173' title='bbox 2218 2677 2311 2762; x_wconf 86' lang='lat' dir='ltr'><strong>Obra,</strong></span> 
     </span>
     <span class='ocr_line' id='line_1_18' title="bbox 761 2781 2312 2871; baseline -0.003 -17"><span class='ocrx_word' id='word_1_174' title='bbox 761 2789 797 2854; x_wconf 86' lang='lat' dir='ltr'><strong>et</strong></span> <span class='ocrx_word' id='word_1_175' title='bbox 815 2784 872 2854; x_wconf 86' lang='lat' dir='ltr'><strong>aiil</strong></span> <span class='ocrx_word' id='word_1_176' title='bbox 893 2784 1126 2871; x_wconf 85' lang='lat' dir='ltr'><strong>quamplures.</strong></span> <span class='ocrx_word' id='word_1_177' title='bbox 1161 2783 1282 2853; x_wconf 82' lang='lat' dir='ltr'><strong>Datum</strong></span> <span class='ocrx_word' id='word_1_178' title='bbox 1302 2800 1386 2851; x_wconf 91' lang='lat' dir='ltr'><strong>anno</strong></span> <span class='ocrx_word' id='word_1_179' title='bbox 1406 2784 1512 2868; x_wconf 76' lang='lat' dir='ltr'><strong>gracie</strong></span> <span class='ocrx_word' id='word_1_180' title='bbox 1533 2783 1699 2851; x_wconf 84' lang='lat' dir='ltr'><strong>midesimo</strong></span> <span class='ocrx_word' id='word_1_181' title='bbox 1724 2782 1939 2852; x_wconf 85' lang='lat' dir='ltr'><strong>ducentesimo</strong></span> <span class='ocrx_word' id='word_1_182' title='bbox 1961 2781 2201 2867; x_wconf 77' lang='lat' dir='ltr'><strong>quadragesimo</strong></span> <span class='ocrx_word' id='word_1_183' title='bbox 2222 2800 2312 2850; x_wconf 89' lang='lat' dir='ltr'><strong>nono.</strong></span> 
     </span>
    </p>
   </div>
   <div class='ocr_carea' id='block_1_5' title="bbox 762 2998 2312 3194">
    <p class='ocr_par' dir='ltr' id='par_1_5' title="bbox 762 2998 2312 3194">
     <span class='ocr_line' id='line_1_19' title="bbox 864 2998 2312 3090; baseline -0.005 -14"><span class='ocrx_word' id='word_1_184' title='bbox 864 3005 1045 3090; x_wconf 70' lang='lat' dir='ltr'><strong>sumum,</strong></span> <span class='ocrx_word' id='word_1_185' title='bbox 1072 3009 1223 3088; x_wconf 67' lang='lat' dir='ltr'><strong>Porodyt</strong></span> <span class='ocrx_word' id='word_1_186' title='bbox 1255 3004 1367 3088; x_wconf 72' lang='lat' dir='ltr'><strong>henim</strong></span> <span class='ocrx_word' id='word_1_187' title='bbox 1393 3008 1497 3073; x_wconf 75' lang='lat' dir='ltr'><strong>Lenia</strong></span> <span class='ocrx_word' id='word_1_188' title='bbox 1533 3004 1648 3090; x_wconf 77' lang='lat' dir='ltr'><strong>Visim,</strong></span> <span class='ocrx_word' id='word_1_189' title='bbox 1684 3009 1820 3073; x_wconf 55' lang='grc' dir='ltr'><strong>Μία</strong></span> <span class='ocrx_word' id='word_1_190' title='bbox 1852 3004 1988 3089; x_wconf 77' lang='lat' dir='ltr'><strong>Lubme,</strong></span> <span class='ocrx_word' id='word_1_191' title='bbox 2013 2998 2084 3071; x_wconf 66' lang='lat' dir='ltr'><strong>&#39;ont</strong></span> <span class='ocrx_word' id='word_1_192' title='bbox 2111 3007 2312 3071; x_wconf 63' lang='lat' dir='ltr'><strong>emissio</strong></span> 
     </span>
     <span class='ocr_line' id='line_1_20' title="bbox 762 3108 1179 3194; baseline 0.002 -17"><span class='ocrx_word' id='word_1_193' title='bbox 762 3108 929 3177; x_wconf 61' lang='lat' dir='ltr'><strong>mones</strong></span> <span class='ocrx_word' id='word_1_194' title='bbox 964 3108 1061 3194; x_wconf 83' lang='lat' dir='ltr'><strong>Obra,</strong></span> <span class='ocrx_word' id='word_1_195' title='bbox 1090 3111 1179 3178; x_wconf 65' lang='lat' dir='ltr'><strong>otta.</strong></span> 
     </span>
    </p>
   </div>
   <div class='ocr_carea' id='block_1_6' title="bbox 1372 3418 1644 3525">
    <p class='ocr_par' dir='ltr' id='par_1_6' title="bbox 1372 3418 1644 3525">
     <span class='ocr_line' id='line_1_21' title="bbox 1372 3418 1644 3525; baseline 0.007 -15"><span class='ocrx_word' id='word_1_196' title='bbox 1372 3518 1379 3525; x_wconf 60' lang='grc'><strong>,</strong></span> <span class='ocrx_word' id='word_1_197' title='bbox 1431 3422 1509 3522; x_wconf 77' lang='lat' dir='ltr'><strong>Nr.</strong></span> <span class='ocrx_word' id='word_1_198' title='bbox 1541 3418 1644 3512; x_wconf 83' lang='lat'><strong>280.</strong></span> 
     </span>
    </p>
   </div>
   <div class='ocr_carea' id='block_1_7' title="bbox 865 3598 2314 3720">
    <p class='ocr_par' dir='ltr' id='par_1_7' title="bbox 865 3598 2314 3720">
     <span class='ocr_line' id='line_1_22' title="bbox 865 3598 2314 3720; baseline -0.002 -15"><span class='ocrx_word' id='word_1_199' title='bbox 865 3618 1005 3705; x_wconf 80' lang='lat' dir='ltr'><strong>iterata</strong></span> <span class='ocrx_word' id='word_1_200' title='bbox 1037 3639 1155 3704; x_wconf 88' lang='lat' dir='ltr'><strong>comes</strong></span> <span class='ocrx_word' id='word_1_201' title='bbox 1189 3619 1232 3702; x_wconf 86' lang='lat' dir='ltr'><strong>dr</strong></span> <span class='ocrx_word' id='word_1_202' title='bbox 1265 3617 1393 3703; x_wconf 76' lang='lat' dir='ltr'><strong>lirim</strong></span> <span class='ocrx_word' id='word_1_203' title='bbox 1422 3620 1526 3704; x_wconf 83' lang='lat' dir='ltr'><strong>tilius</strong></span> <span class='ocrx_word' id='word_1_204' title='bbox 1556 3620 1691 3706; x_wconf 76' lang='lat' dir='ltr'><strong>Ianum</strong></span> <span class='ocrx_word' id='word_1_205' title='bbox 1728 3619 1876 3706; x_wconf 79' lang='lat' dir='ltr'><strong>cnmihs</strong></span> <span class='ocrx_word' id='word_1_206' title='bbox 1910 3598 2045 3704; x_wconf 73' lang='lat'>1249</span> <span class='ocrx_word' id='word_1_207' title='bbox 2075 3640 2105 3705; x_wconf 84' lang='lat' dir='ltr'><strong>a</strong></span> <span class='ocrx_word' id='word_1_208' title='bbox 2138 3621 2174 3705; x_wconf 80' lang='lat' dir='ltr'><strong>d</strong></span> <span class='ocrx_word' id='word_1_209' title='bbox 2207 3621 2245 3704; x_wconf 88' lang='lat' dir='ltr'><strong>at</strong></span> <span class='ocrx_word' id='word_1_210' title='bbox 2272 3618 2314 3720; x_wconf 73' lang='lat' dir='ltr'><strong>ir</strong></span> 
     </span>
    </p>
   </div>
   <div class='ocr_carea' id='block_1_8' title="bbox 763 3738 2251 3954">
    <p class='ocr_par' dir='ltr' id='par_1_8' title="bbox 763 3738 2251 3954">
     <span class='ocr_line' id='line_1_23' title="bbox 763 3738 2251 3829; baseline -0.002 -19"><span class='ocrx_word' id='word_1_211' title='bbox 763 3746 970 3828; x_wconf 88' lang='lat' dir='ltr'><strong>protestatur,</strong></span> <span class='ocrx_word' id='word_1_212' title='bbox 992 3759 1028 3809; x_wconf 91' lang='lat' dir='ltr'><strong>se</strong></span> <span class='ocrx_word' id='word_1_213' title='bbox 1047 3740 1154 3808; x_wconf 82' lang='lat' dir='ltr'><strong>uillam</strong></span> <span class='ocrx_word' id='word_1_214' title='bbox 1176 3738 1300 3808; x_wconf 81' lang='lat' dir='ltr'><strong>Lubme</strong></span> <span class='ocrx_word' id='word_1_215' title='bbox 1320 3743 1511 3810; x_wconf 77' lang='lat' dir='ltr'><strong>monasterio</strong></span> <span class='ocrx_word' id='word_1_216' title='bbox 1533 3741 1677 3828; x_wconf 80' lang='lat' dir='ltr'><strong>Parsdyt</strong></span> <span class='ocrx_word' id='word_1_217' title='bbox 1697 3761 1756 3828; x_wconf 93' lang='lat' dir='ltr'><strong>pro</strong></span> <span class='ocrx_word' id='word_1_218' title='bbox 1777 3741 1914 3829; x_wconf 89' lang='lat' dir='ltr'><strong>quodam</strong></span> <span class='ocrx_word' id='word_1_219' title='bbox 1934 3741 2043 3810; x_wconf 85' lang='lat' dir='ltr'><strong>debito</strong></span> <span class='ocrx_word' id='word_1_220' title='bbox 2063 3741 2251 3810; x_wconf 80' lang='lat' dir='ltr'><strong>vendidisse.</strong></span> 
     </span>
     <span class='ocr_line' id='line_1_24' title="bbox 868 3846 1747 3954; baseline 0.003 -45"><span class='ocrx_word' id='word_1_221' title='bbox 868 3846 1007 3925; x_wconf 63' lang='lat' dir='ltr'><strong>mpura</strong></span> <span class='ocrx_word' id='word_1_222' title='bbox 1036 3846 1209 3910; x_wconf 69' lang='lat' dir='ltr'><strong>proruere</strong></span> <span class='ocrx_word' id='word_1_223' title='bbox 1241 3847 1385 3954; x_wconf 70' lang='lat' dir='ltr'><strong>pomo,</strong></span> <span class='ocrx_word' id='word_1_224' title='bbox 1407 3847 1471 3912; x_wconf 70' lang='lat' dir='ltr'><strong>tro.</strong></span> <span class='ocrx_word' id='word_1_225' title='bbox 1491 3850 1593 3927; x_wconf 63' lang='lat' dir='ltr'><strong>penu.</strong></span> <span class='ocrx_word' id='word_1_226' title='bbox 1615 3847 1671 3914; x_wconf 80' lang='lat' dir='ltr'><strong>ro.</strong></span> <span class='ocrx_word' id='word_1_227' title='bbox 1693 3846 1747 3913; x_wconf 73' lang='lat' dir='ltr'><strong>es.</strong></span> 
     </span>
    </p>
   </div>
   <div class='ocr_carea' id='block_1_9' title="bbox 697 4064 2317 5387">
    <p class='ocr_par' dir='ltr' id='par_1_9' title="bbox 697 4064 2317 5387">
     <span class='ocr_line' id='line_1_25' title="bbox 866 4064 2315 4153; baseline -0.001 -19"><span class='ocrx_word' id='word_1_228' title='bbox 866 4064 905 4134; x_wconf 89' lang='lat' dir='ltr'><strong>iu</strong></span> <span class='ocrx_word' id='word_1_229' title='bbox 923 4064 1177 4135; x_wconf 82' lang='lat' dir='ltr'><strong>nominePatris</strong></span> <span class='ocrx_word' id='word_1_230' title='bbox 1197 4070 1231 4133; x_wconf 91' lang='lat' dir='ltr'><strong>et</strong></span> <span class='ocrx_word' id='word_1_231' title='bbox 1251 4065 1326 4133; x_wconf 82' lang='lat' dir='ltr'><strong>Filii</strong></span> <span class='ocrx_word' id='word_1_232' title='bbox 1347 4072 1382 4134; x_wconf 91' lang='lat' dir='ltr'><strong>et</strong></span> <span class='ocrx_word' id='word_1_233' title='bbox 1399 4064 1537 4153; x_wconf 84' lang='lat' dir='ltr'><strong>spiritus</strong></span> <span class='ocrx_word' id='word_1_234' title='bbox 1562 4067 1665 4135; x_wconf 85' lang='lat' dir='ltr'><strong>sancti</strong></span> <span class='ocrx_word' id='word_1_235' title='bbox 1692 4086 1792 4137; x_wconf 85' lang='lat' dir='ltr'><strong>amen</strong></span> <span class='ocrx_word' id='word_1_236' title='bbox 1837 4065 2004 4137; x_wconf 83' lang='lat' dir='ltr'><strong>Universis</strong></span> <span class='ocrx_word' id='word_1_237' title='bbox 2030 4064 2151 4134; x_wconf 78' lang='lat' dir='ltr'><strong>Christi</strong></span> <span class='ocrx_word' id='word_1_238' title='bbox 2173 4064 2315 4135; x_wconf 81' lang='lat' dir='ltr'><strong>fidelihus</strong></span> 
     </span>
     <span class='ocr_line' id='line_1_26' title="bbox 762 4168 2316 4257; baseline -0.002 -18"><span class='ocrx_word' id='word_1_239' title='bbox 762 4174 941 4257; x_wconf 87' lang='lat' dir='ltr'><strong>presentem</strong></span> <span class='ocrx_word' id='word_1_240' title='bbox 969 4169 1117 4254; x_wconf 79' lang='lat' dir='ltr'><strong>paginam</strong></span> <span class='ocrx_word' id='word_1_241' title='bbox 1151 4168 1353 4253; x_wconf 87' lang='lat' dir='ltr'><strong>inspecturis,</strong></span> <span class='ocrx_word' id='word_1_242' title='bbox 1386 4187 1443 4253; x_wconf 78' lang='lat' dir='ltr'><strong>ego</strong></span> <span class='ocrx_word' id='word_1_243' title='bbox 1469 4168 1590 4237; x_wconf 87' lang='lat' dir='ltr'><strong>Bozota</strong></span> <span class='ocrx_word' id='word_1_244' title='bbox 1616 4187 1720 4239; x_wconf 89' lang='lat' dir='ltr'><strong>eomes</strong></span> <span class='ocrx_word' id='word_1_245' title='bbox 1748 4170 1789 4237; x_wconf 89' lang='lat' dir='ltr'><strong>de</strong></span> <span class='ocrx_word' id='word_1_246' title='bbox 1813 4169 1919 4237; x_wconf 80' lang='lat' dir='ltr'><strong>Vizim</strong></span> <span class='ocrx_word' id='word_1_247' title='bbox 1948 4169 2033 4237; x_wconf 85' lang='lat' dir='ltr'><strong>filius</strong></span> <span class='ocrx_word' id='word_1_248' title='bbox 2061 4168 2168 4236; x_wconf 85' lang='lat' dir='ltr'><strong>Ianusi</strong></span> <span class='ocrx_word' id='word_1_249' title='bbox 2194 4168 2316 4236; x_wconf 90' lang='lat' dir='ltr'><strong>comitis</strong></span> 
     </span>
     <span class='ocr_line' id='line_1_27' title="bbox 762 4269 2316 4358; baseline -0.003 -17"><span class='ocrx_word' id='word_1_250' title='bbox 762 4271 899 4342; x_wconf 84' lang='lat' dir='ltr'><strong>salutem</strong></span> <span class='ocrx_word' id='word_1_251' title='bbox 920 4273 953 4338; x_wconf 91' lang='lat' dir='ltr'><strong>iu</strong></span> <span class='ocrx_word' id='word_1_252' title='bbox 970 4289 1046 4338; x_wconf 82' lang='lat' dir='ltr'><strong>vero</strong></span> <span class='ocrx_word' id='word_1_253' title='bbox 1063 4270 1203 4337; x_wconf 79' lang='lat' dir='ltr'><strong>miururi</strong></span> <span class='ocrx_word' id='word_1_254' title='bbox 1243 4270 1369 4339; x_wconf 80' lang='lat' dir='ltr'><strong>Notum</strong></span> <span class='ocrx_word' id='word_1_255' title='bbox 1389 4273 1433 4339; x_wconf 90' lang='lat' dir='ltr'><strong>sit</strong></span> <span class='ocrx_word' id='word_1_256' title='bbox 1451 4277 1518 4339; x_wconf 89' lang='lat' dir='ltr'><strong>tam</strong></span> <span class='ocrx_word' id='word_1_257' title='bbox 1539 4271 1738 4357; x_wconf 87' lang='lat' dir='ltr'><strong>presentibus</strong></span> <span class='ocrx_word' id='word_1_258' title='bbox 1763 4291 1860 4358; x_wconf 89' lang='lat' dir='ltr'><strong>quam</strong></span> <span class='ocrx_word' id='word_1_259' title='bbox 1886 4271 2004 4340; x_wconf 81' lang='lat' dir='ltr'><strong>futuris</strong></span> <span class='ocrx_word' id='word_1_260' title='bbox 2029 4270 2175 4339; x_wconf 85' lang='lat' dir='ltr'><strong>omnibus</strong></span> <span class='ocrx_word' id='word_1_261' title='bbox 2197 4269 2316 4338; x_wconf 83' lang='lat' dir='ltr'><strong>christi</strong></span> 
     </span>
     <span class='ocr_line' id='line_1_28' title="bbox 764 4371 2316 4458; baseline -0.001 -16"><span class='ocrx_word' id='word_1_262' title='bbox 764 4373 920 4457; x_wconf 88' lang='lat' dir='ltr'><strong>iidelibus,</strong></span> <span class='ocrx_word' id='word_1_263' title='bbox 940 4371 1025 4458; x_wconf 85' lang='lat' dir='ltr'><strong>quod</strong></span> <span class='ocrx_word' id='word_1_264' title='bbox 1046 4391 1103 4458; x_wconf 80' lang='lat' dir='ltr'><strong>ego</strong></span> <span class='ocrx_word' id='word_1_265' title='bbox 1124 4372 1246 4441; x_wconf 84' lang='lat' dir='ltr'><strong>Bozata</strong></span> <span class='ocrx_word' id='word_1_266' title='bbox 1266 4372 1306 4442; x_wconf 91' lang='lat' dir='ltr'><strong>de</strong></span> <span class='ocrx_word' id='word_1_267' title='bbox 1327 4372 1434 4442; x_wconf 83' lang='lat' dir='ltr'><strong>Vizim&#39;</strong></span> <span class='ocrx_word' id='word_1_268' title='bbox 1449 4373 1533 4441; x_wconf 88' lang='lat' dir='ltr'><strong>lilius</strong></span> <span class='ocrx_word' id='word_1_269' title='bbox 1554 4373 1678 4442; x_wconf 87' lang='lat' dir='ltr'><strong>lanussi</strong></span> <span class='ocrx_word' id='word_1_270' title='bbox 1700 4375 1824 4442; x_wconf 88' lang='lat' dir='ltr'><strong>comitis</strong></span> <span class='ocrx_word' id='word_1_271' title='bbox 1844 4394 1911 4442; x_wconf 91' lang='lat' dir='ltr'><strong>una</strong></span> <span class='ocrx_word' id='word_1_272' title='bbox 1931 4393 2002 4442; x_wconf 89' lang='lat' dir='ltr'><strong>eum</strong></span> <span class='ocrx_word' id='word_1_273' title='bbox 2025 4379 2127 4442; x_wconf 82' lang='lat' dir='ltr'><strong>matre</strong></span> <span class='ocrx_word' id='word_1_274' title='bbox 2140 4392 2213 4442; x_wconf 88' lang='lat' dir='ltr'><strong>mea</strong></span> <span class='ocrx_word' id='word_1_275' title='bbox 2225 4372 2316 4441; x_wconf 89' lang='lat' dir='ltr'><strong>Bala-</strong></span> 
     </span>
     <span class='ocr_line' id='line_1_29' title="bbox 762 4474 2316 4562; baseline -0.001 -15"><span class='ocrx_word' id='word_1_276' title='bbox 762 4475 858 4547; x_wconf 77' lang='lat' dir='ltr'><strong>dams</strong></span> <span class='ocrx_word' id='word_1_277' title='bbox 878 4482 912 4546; x_wconf 93' lang='lat' dir='ltr'><strong>et</strong></span> <span class='ocrx_word' id='word_1_278' title='bbox 932 4474 1031 4543; x_wconf 87' lang='lat' dir='ltr'><strong>iratre</strong></span> <span class='ocrx_word' id='word_1_279' title='bbox 1051 4494 1122 4543; x_wconf 91' lang='lat' dir='ltr'><strong>meo</strong></span> <span class='ocrx_word' id='word_1_280' title='bbox 1148 4476 1282 4562; x_wconf 86' lang='lat' dir='ltr'><strong>Myrone</strong></span> <span class='ocrx_word' id='word_1_281' title='bbox 1308 4476 1416 4543; x_wconf 84' lang='lat' dir='ltr'><strong>riiiam</strong></span> <span class='ocrx_word' id='word_1_282' title='bbox 1437 4477 1564 4544; x_wconf 90' lang='lat' dir='ltr'><strong>nomine</strong></span> <span class='ocrx_word' id='word_1_283' title='bbox 1585 4475 1710 4546; x_wconf 80' lang='lat' dir='ltr'><strong>Lubrze</strong></span> <span class='ocrx_word' id='word_1_284' title='bbox 1724 4495 1795 4545; x_wconf 90' lang='lat' dir='ltr'><strong>cum</strong></span> <span class='ocrx_word' id='word_1_285' title='bbox 1810 4475 1956 4544; x_wconf 91' lang='lat' dir='ltr'><strong>omnibus</strong></span> <span class='ocrx_word' id='word_1_286' title='bbox 1975 4476 2118 4544; x_wconf 89' lang='lat' dir='ltr'><strong>terminis</strong></span> <span class='ocrx_word' id='word_1_287' title='bbox 2132 4482 2166 4545; x_wconf 90' lang='lat' dir='ltr'><strong>et</strong></span> <span class='ocrx_word' id='word_1_288' title='bbox 2180 4479 2316 4545; x_wconf 87' lang='lat' dir='ltr'><strong>attinen-</strong></span> 
     </span>
     <span class='ocr_line' id='line_1_30' title="bbox 763 4576 2316 4664; baseline -0.001 -17"><span class='ocrx_word' id='word_1_289' title='bbox 763 4577 819 4647; x_wconf 84' lang='lat' dir='ltr'><strong>tiis</strong></span> <span class='ocrx_word' id='word_1_290' title='bbox 839 4577 964 4646; x_wconf 87' lang='lat' dir='ltr'><strong>diiectis</strong></span> <span class='ocrx_word' id='word_1_291' title='bbox 980 4576 1133 4646; x_wconf 82' lang='lat' dir='ltr'><strong>imtribus</strong></span> <span class='ocrx_word' id='word_1_292' title='bbox 1151 4580 1184 4645; x_wconf 92' lang='lat' dir='ltr'><strong>in</strong></span> <span class='ocrx_word' id='word_1_293' title='bbox 1206 4579 1368 4663; x_wconf 76' lang='lat' dir='ltr'><strong>paradiso,</strong></span> <span class='ocrx_word' id='word_1_294' title='bbox 1390 4580 1445 4664; x_wconf 89' lang='lat' dir='ltr'><strong>qui</strong></span> <span class='ocrx_word' id='word_1_295' title='bbox 1466 4585 1542 4647; x_wconf 90' lang='lat' dir='ltr'><strong>suut</strong></span> <span class='ocrx_word' id='word_1_296' title='bbox 1563 4579 1691 4647; x_wconf 88' lang='lat' dir='ltr'><strong>Ordinis</strong></span> <span class='ocrx_word' id='word_1_297' title='bbox 1706 4578 1925 4648; x_wconf 79' lang='lat' dir='ltr'><strong>cisterciensis</strong></span> <span class='ocrx_word' id='word_1_298' title='bbox 1939 4579 2073 4648; x_wconf 88' lang='lat' dir='ltr'><strong>diocesis</strong></span> <span class='ocrx_word' id='word_1_299' title='bbox 2085 4578 2316 4661; x_wconf 88' lang='lat' dir='ltr'><strong>Posnaniensis,</strong></span> 
     </span>
     <span class='ocr_line' id='line_1_31' title="bbox 763 4678 2317 4768; baseline 0.001 -20"><span class='ocrx_word' id='word_1_300' title='bbox 763 4685 917 4766; x_wconf 83' lang='lat' dir='ltr'><strong>perpetua</strong></span> <span class='ocrx_word' id='word_1_301' title='bbox 934 4678 1082 4748; x_wconf 86' lang='lat' dir='ltr'><strong>libertate</strong></span> <span class='ocrx_word' id='word_1_302' title='bbox 1104 4681 1323 4764; x_wconf 87' lang='lat' dir='ltr'><strong>possidendam</strong></span> <span class='ocrx_word' id='word_1_303' title='bbox 1345 4701 1404 4768; x_wconf 89' lang='lat' dir='ltr'><strong>pro</strong></span> <span class='ocrx_word' id='word_1_304' title='bbox 1424 4683 1635 4768; x_wconf 72' lang='lat' dir='ltr'><strong>quodraginta</strong></span> <span class='ocrx_word' id='word_1_305' title='bbox 1654 4683 1770 4751; x_wconf 87' lang='lat' dir='ltr'><strong>marcis</strong></span> <span class='ocrx_word' id='word_1_306' title='bbox 1790 4682 2003 4751; x_wconf 87' lang='lat' dir='ltr'><strong>Teutonicalis</strong></span> <span class='ocrx_word' id='word_1_307' title='bbox 2024 4682 2172 4768; x_wconf 89' lang='lat' dir='ltr'><strong>ponderis</strong></span> <span class='ocrx_word' id='word_1_308' title='bbox 2191 4688 2226 4752; x_wconf 88' lang='lat' dir='ltr'><strong>et</strong></span> <span class='ocrx_word' id='word_1_309' title='bbox 2238 4681 2317 4752; x_wconf 86' lang='lat' dir='ltr'><strong>Teu·</strong></span> 
     </span>
     <span class='ocr_line' id='line_1_32' title="bbox 764 4781 2317 4872; baseline 0.002 -21"><span class='ocrx_word' id='word_1_310' title='bbox 764 4781 910 4851; x_wconf 77' lang='lat' dir='ltr'><strong>udonus</strong></span> <span class='ocrx_word' id='word_1_311' title='bbox 931 4784 1055 4867; x_wconf 77' lang='lat' dir='ltr'><strong>argenti</strong></span> <span class='ocrx_word' id='word_1_312' title='bbox 1075 4783 1284 4865; x_wconf 81' lang='lat' dir='ltr'><strong>vendidimus,</strong></span> <span class='ocrx_word' id='word_1_313' title='bbox 1302 4785 1423 4852; x_wconf 84' lang='lat' dir='ltr'><strong>scilicet</strong></span> <span class='ocrx_word' id='word_1_314' title='bbox 1443 4804 1502 4871; x_wconf 91' lang='lat' dir='ltr'><strong>pro</strong></span> <span class='ocrx_word' id='word_1_315' title='bbox 1517 4791 1648 4870; x_wconf 75' lang='lat' dir='ltr'><strong>argento</strong></span> <span class='ocrx_word' id='word_1_316' title='bbox 1664 4805 1721 4871; x_wconf 90' lang='lat' dir='ltr'><strong>pro</strong></span> <span class='ocrx_word' id='word_1_317' title='bbox 1734 4804 1798 4872; x_wconf 86' lang='lat' dir='ltr'><strong>quo</strong></span> <span class='ocrx_word' id='word_1_318' title='bbox 1811 4785 2000 4854; x_wconf 82' lang='lat' dir='ltr'><strong>venerabilis</strong></span> <span class='ocrx_word' id='word_1_319' title='bbox 2013 4786 2114 4855; x_wconf 91' lang='lat' dir='ltr'><strong>abbas</strong></span> <span class='ocrx_word' id='word_1_320' title='bbox 2129 4786 2317 4856; x_wconf 87' lang='lat' dir='ltr'><strong>Wiihelmus</strong></span> 
     </span>
     <span class='ocr_line' id='line_1_33' title="bbox 697 4882 2317 4977; baseline 0.004 -24"><span class='ocrx_word' id='word_1_321' title='bbox 697 4905 715 4930; x_wconf 64' lang='lat'>⁴</span> <span class='ocrx_word' id='word_1_322' title='bbox 762 4882 802 4953; x_wconf 84' lang='lat' dir='ltr'><strong>rie</strong></span> <span class='ocrx_word' id='word_1_323' title='bbox 823 4883 924 4953; x_wconf 72' lang='lat' dir='ltr'><strong>lenio</strong></span> <span class='ocrx_word' id='word_1_324' title='bbox 942 4890 976 4953; x_wconf 92' lang='lat' dir='ltr'><strong>et</strong></span> <span class='ocrx_word' id='word_1_325' title='bbox 997 4884 1133 4953; x_wconf 87' lang='lat' dir='ltr'><strong>Michaei</strong></span> <span class='ocrx_word' id='word_1_326' title='bbox 1156 4884 1255 4953; x_wconf 88' lang='lat' dir='ltr'><strong>obbas</strong></span> <span class='ocrx_word' id='word_1_327' title='bbox 1286 4885 1429 4954; x_wconf 88' lang='lat' dir='ltr'><strong>Puradisi</strong></span> <span class='ocrx_word' id='word_1_328' title='bbox 1455 4905 1513 4970; x_wconf 91' lang='lat' dir='ltr'><strong>pro</strong></span> <span class='ocrx_word' id='word_1_329' title='bbox 1543 4905 1594 4954; x_wconf 90' lang='lat' dir='ltr'><strong>me</strong></span> <span class='ocrx_word' id='word_1_330' title='bbox 1624 4887 1856 4958; x_wconf 86' lang='lat' dir='ltr'><strong>fideiussemnt</strong></span> <span class='ocrx_word' id='word_1_331' title='bbox 1900 4887 1948 4957; x_wconf 89' lang='lat' dir='ltr'><strong>Ut</strong></span> <span class='ocrx_word' id='word_1_332' title='bbox 1972 4889 2071 4974; x_wconf 79' lang='lat' dir='ltr'><strong>igitur</strong></span> <span class='ocrx_word' id='word_1_333' title='bbox 2095 4889 2155 4960; x_wconf 88' lang='lat' dir='ltr'><strong>ber</strong></span> <span class='ocrx_word' id='word_1_334' title='bbox 2174 4891 2317 4977; x_wconf 80' lang='lat' dir='ltr'><strong>predicta</strong></span> 
     </span>
     <span class='ocr_line' id='line_1_34' title="bbox 762 4987 2317 5076; baseline 0.003 -19"><span class='ocrx_word' id='word_1_335' title='bbox 762 4987 903 5057; x_wconf 73' lang='lat' dir='ltr'><strong>vendicio</strong></span> <span class='ocrx_word' id='word_1_336' title='bbox 924 4993 1035 5056; x_wconf 86' lang='lat' dir='ltr'><strong>nostra</strong></span> <span class='ocrx_word' id='word_1_337' title='bbox 1056 4988 1239 5056; x_wconf 84' lang='lat' dir='ltr'><strong>inconvulsa</strong></span> <span class='ocrx_word' id='word_1_338' title='bbox 1259 4996 1293 5057; x_wconf 90' lang='lat' dir='ltr'><strong>et</strong></span> <span class='ocrx_word' id='word_1_339' title='bbox 1316 4988 1538 5058; x_wconf 87' lang='lat' dir='ltr'><strong>inconturbata</strong></span> <span class='ocrx_word' id='word_1_340' title='bbox 1563 4990 1632 5057; x_wconf 93' lang='lat' dir='ltr'><strong>iure</strong></span> <span class='ocrx_word' id='word_1_341' title='bbox 1655 4997 1807 5075; x_wconf 88' lang='lat' dir='ltr'><strong>perpetuo</strong></span> <span class='ocrx_word' id='word_1_342' title='bbox 1828 4991 1981 5076; x_wconf 90' lang='lat' dir='ltr'><strong>predictis</strong></span> <span class='ocrx_word' id='word_1_343' title='bbox 2001 4990 2152 5061; x_wconf 82' lang='lat' dir='ltr'><strong>lintribus</strong></span> <span class='ocrx_word' id='word_1_344' title='bbox 2173 4994 2208 5061; x_wconf 91' lang='lat' dir='ltr'><strong>in</strong></span> <span class='ocrx_word' id='word_1_345' title='bbox 2226 5010 2317 5062; x_wconf 83' lang='lat' dir='ltr'><strong>eruum</strong></span> 
     </span>
     <span class='ocr_line' id='line_1_35' title="bbox 761 5091 2317 5180; baseline 0.003 -24"><span class='ocrx_word' id='word_1_346' title='bbox 761 5094 954 5176; x_wconf 75' lang='lat' dir='ltr'><strong>perseveret,</strong></span> <span class='ocrx_word' id='word_1_347' title='bbox 982 5096 1160 5174; x_wconf 87' lang='lat' dir='ltr'><strong>presentem</strong></span> <span class='ocrx_word' id='word_1_348' title='bbox 1187 5091 1336 5175; x_wconf 82' lang='lat' dir='ltr'><strong>paginam</strong></span> <span class='ocrx_word' id='word_1_349' title='bbox 1364 5092 1459 5176; x_wconf 77' lang='lat' dir='ltr'><strong>sigilii</strong></span> <span class='ocrx_word' id='word_1_350' title='bbox 1488 5092 1589 5160; x_wconf 88' lang='lat' dir='ltr'><strong>nostri</strong></span> <span class='ocrx_word' id='word_1_351' title='bbox 1618 5099 1652 5159; x_wconf 91' lang='lat' dir='ltr'><strong>et</strong></span> <span class='ocrx_word' id='word_1_352' title='bbox 1669 5091 1777 5161; x_wconf 83' lang='lat' dir='ltr'><strong>fratris</strong></span> <span class='ocrx_word' id='word_1_353' title='bbox 1800 5093 1863 5160; x_wconf 91' lang='lat' dir='ltr'><strong>mei</strong></span> <span class='ocrx_word' id='word_1_354' title='bbox 1888 5093 2046 5180; x_wconf 84' lang='lat' dir='ltr'><strong>Myronis,</strong></span> <span class='ocrx_word' id='word_1_355' title='bbox 2075 5113 2113 5164; x_wconf 91' lang='lat' dir='ltr'><strong>ac</strong></span> <span class='ocrx_word' id='word_1_356' title='bbox 2131 5093 2317 5164; x_wconf 81' lang='lat' dir='ltr'><strong>venerabilis</strong></span> 
     </span>
     <span class='ocr_line' id='line_1_36' title="bbox 761 5190 2316 5282; baseline 0.003 -22"><span class='ocrx_word' id='word_1_357' title='bbox 761 5190 881 5260; x_wconf 85' lang='lat' dir='ltr'><strong>domiui</strong></span> <span class='ocrx_word' id='word_1_358' title='bbox 902 5190 989 5259; x_wconf 89' lang='lat' dir='ltr'><strong>Petri</strong></span> <span class='ocrx_word' id='word_1_359' title='bbox 1009 5192 1134 5261; x_wconf 86' lang='lat' dir='ltr'><strong>abbatis</strong></span> <span class='ocrx_word' id='word_1_360' title='bbox 1155 5193 1195 5260; x_wconf 91' lang='lat' dir='ltr'><strong>do</strong></span> <span class='ocrx_word' id='word_1_361' title='bbox 1216 5192 1303 5261; x_wconf 84' lang='lat' dir='ltr'><strong>Obra</strong></span> <span class='ocrx_word' id='word_1_362' title='bbox 1323 5195 1378 5278; x_wconf 84' lang='lat' dir='ltr'><strong>qui</strong></span> <span class='ocrx_word' id='word_1_363' title='bbox 1405 5194 1478 5262; x_wconf 90' lang='lat' dir='ltr'><strong>huic</strong></span> <span class='ocrx_word' id='word_1_364' title='bbox 1500 5194 1676 5263; x_wconf 74' lang='lat' dir='ltr'><strong>condicioni</strong></span> <span class='ocrx_word' id='word_1_365' title='bbox 1696 5194 1843 5263; x_wconf 79' lang='lat' dir='ltr'><strong>interfuit</strong></span> <span class='ocrx_word' id='word_1_366' title='bbox 1864 5195 2058 5282; x_wconf 75' lang='lat' dir='ltr'><strong>appensione</strong></span> <span class='ocrx_word' id='word_1_367' title='bbox 2079 5198 2316 5277; x_wconf 84' lang='lat' dir='ltr'><strong>communimus,</strong></span> 
     </span>
     <span class='ocr_line' id='line_1_37' title="bbox 763 5294 2316 5387; baseline 0.001 -24"><span class='ocrx_word' id='word_1_368' title='bbox 763 5294 898 5363; x_wconf 85' lang='lat' dir='ltr'><strong>testibus</strong></span> <span class='ocrx_word' id='word_1_369' title='bbox 925 5295 1146 5364; x_wconf 84' lang='lat' dir='ltr'><strong>nichilominus</strong></span> <span class='ocrx_word' id='word_1_370' title='bbox 1177 5295 1297 5365; x_wconf 85' lang='lat' dir='ltr'><strong>idoneis</strong></span> <span class='ocrx_word' id='word_1_371' title='bbox 1324 5296 1475 5365; x_wconf 89' lang='lat' dir='ltr'><strong>adhibitis</strong></span> <span class='ocrx_word' id='word_1_372' title='bbox 1501 5316 1636 5382; x_wconf 85' lang='lat' dir='ltr'><strong>quorum</strong></span> <span class='ocrx_word' id='word_1_373' title='bbox 1662 5298 1789 5366; x_wconf 84' lang='lat' dir='ltr'><strong>nomina</strong></span> <span class='ocrx_word' id='word_1_374' title='bbox 1809 5304 1886 5366; x_wconf 90' lang='lat' dir='ltr'><strong>sunt</strong></span> <span class='ocrx_word' id='word_1_375' title='bbox 1903 5298 1978 5369; x_wconf 88' lang='lat' dir='ltr'><strong>ber:</strong></span> <span class='ocrx_word' id='word_1_376' title='bbox 2010 5298 2188 5369; x_wconf 83' lang='lat' dir='ltr'><strong>Richardus</strong></span> <span class='ocrx_word' id='word_1_377' title='bbox 2220 5300 2316 5387; x_wconf 89' lang='lat' dir='ltr'><strong>prior,</strong></span> 
     </span>
    </p>
   </div>
   <div class='ocr_carea' id='block_1_10' title="bbox 0 0 2444 6180">
    <p class='ocr_par' dir='ltr' id='par_1_10' title="bbox 0 0 2444 6180">
     <span class='ocr_line' id='line_1_38' title="bbox 0 0 2444 6180; baseline 0 0"><span class='ocrx_word' id='word_1_378' title='bbox 0 0 2444 6180; x_wconf 95' lang='lat' dir='ltr'><strong> </strong></span> 
     </span>
    </p>
   </div>
  </div>
 </body>
</html>
