4860 6180
1082 664 1087 675 '
1194 665 1268 752 Nn.
1299 598 1399 752 448'

626 862 817 949 Boleslaus
845 865 921 948 dnx
946 864 1096 960 Palania
1123 868 1256 945 1272
1282 864 1371 948 Mai.
1396 867 1531 960 2-6,
1557 862 1600 945 in
1625 861 1765 966 illus&
1794 879 1916 949 confert
1944 877 2076 949 aiaton

523 984 659 1055 sculteto
679 987 786 1054 villam
807 986 1002 1071 Beraykowo
1024 987 1092 1053 iure
1114 985 1196 1053 Novi
1217 985 1277 1054 fori
1297 987 1469 1055 locandam.

626 1090 762 1168 Poscenti,
785 1094 902 1173 Kdrript.
921 1091 1028 1160 Stante
1050 1094 1168 1157 [lacida
1213 1095 1360 1158 Relatioa
1382 1092 1549 1172 szdreas.
1571 1109 1599 1153 a
1622 1090 1720 1170 1511,
1739 1091 1794 1167 soi.
1816 1089 1908 1153 esea

627 1297 664 1364 ln
685 1297 812 1364 nomine
832 1296 960 1363 Domini
982 1316 1083 1366 amen.
1129 1296 1279 1365 Virorum
1308 1296 1513 1383 prudenciam
1543 1295 1697 1362 interesse
1723 1294 1908 1378 dinoscitur,
1938 1299 1976 1362 nt
2000 1313 2078 1378 qus
2159 1375 2160 1379 Ἴ

524 1417 648 1484 cunque
667 1399 832 1484 gesserint,
851 1397 1031 1467 litterarum
1053 1400 1236 1469 testimonio
1257 1407 1291 1468 et
1312 1401 1503 1470 auctoritate
1530 1399 1659 1466 testium
1682 1399 1907 1480 communiant,
1933 1417 1974 1466 ne
1999 1418 2079 1484 qun·
2207 1394 2212 1439 ἴ

523 1502 571 1570 vis
592 1501 685 1569 modo
703 1501 737 1568 in
758 1507 921 1586 posterum
942 1504 1066 1586 possint
1083 1503 1124 1570 ab
1145 1505 1253 1588 aliquo
1275 1504 1386 1570 leviter
1409 1502 1564 1586 impediri.
1608 1504 1792 1587 Agnoscent
1822 1502 1921 1586 igitur
1940 1503 2079 1570 universi

419 1673 423 1682 ,
525 1611 590 1675 tam
612 1612 774 1691 presentes
795 1625 891 1691 quam
912 1604 1012 1673 lutari
1033 1607 1075 1674 nd
1096 1626 1231 1692 quorum
1253 1607 1447 1693 presenciam
1468 1624 1598 1690 presens
1616 1607 1770 1691 seriptum
1783 1605 1972 1690 pervenerit,
1992 1606 2078 1690 quod
2209 1697 2213 1705 η

524 1727 583 1778 nas
601 1708 766 1777 Beleslaus
787 1709 847 1777 Dei
869 1710 976 1794 gracia
996 1710 1061 1777 dux
1084 1710 1214 1778 Polonie
1244 1718 1352 1778 nostre
1374 1710 1459 1777 lideli
1484 1709 1621 1776 sculteto
1648 1708 1781 1776 Nicolao
1807 1709 1914 1777 villam
1935 1716 2078 1778 nostram
2209 1742 2214 1802 3

523 1832 586 1897 que
606 1812 791 1899 Borzykovo
812 1814 984 1898 vulgariter
1005 1814 1122 1881 dicitur
1143 1835 1214 1883 eum
1237 1815 1448 1900 quadraginta
1468 1814 1588 1881 mansis
1615 1817 1649 1880 et
1672 1812 1797 1881 duobus
1826 1813 1990 1881 lamudam
2008 1813 2079 1880 iure
2210 1810 2215 1893 ξ

523 1915 695 1985 Teutonico
717 1916 917 1998 contulimus,
939 1917 1110 1984 seeundum
1129 1918 1213 2002 quod
1234 1918 1307 1985 ville
1325 1918 1358 1985 in
1380 1917 1482 1985 Slesia
1502 1916 1587 1985 circa
1607 1915 1732 1984 Novum
1754 1915 1858 1984 iorum
1871 1917 1948 1984 sitte
1962 1918 1997 1983 in
2010 1916 2078 1984 suis

522 2020 644 2090 iuribus
675 2022 853 2108 pociuntur.
895 2019 1038 2106 lnsuper
1069 2021 1248 2089 addidimus
1274 2021 1397 2106 prelato
1430 2021 1567 2088 sculteto
1595 2038 1715 2105 sueque
1741 2020 1922 2104 posteritati
1949 2020 1983 2086 in
2003 2019 2081 2086 villa
2212 2066 2214 2073 -

525 2129 694 2210 prenotata
713 2126 840 2192 racione
858 2124 1029 2193 loeacionis
1050 2131 1175 2194 sextum
1193 2145 1337 2193 mansum
1359 2132 1393 2193 et
1414 2127 1547 2194 tercium
1568 2125 1733 2193 denarium
1751 2124 1791 2192 de
1813 2144 1848 2193 re
1868 2123 2012 2209 qualibet
2030 2124 2080 2191 iu·
2212 2162 2216 2171 ι

523 2227 639 2310 dicam,
661 2227 721 2296 sibi
739 2230 808 2296 iure
829 2228 1021 2296 hereditarie
1042 2229 1264 2313 possidendum
1294 2228 1423 2314 pacifice
1449 2234 1483 2296 et
1505 2229 1618 2313 quiete
1663 2228 1816 2296 Dedimus
1846 2228 1946 2296 eciam
1969 2226 2081 2295 incolis

525 2331 560 2398 in
581 2329 723 2416 predicta
743 2330 819 2398 villa
848 2331 1124 2416 commorantibus,
1146 2352 1167 2400 a
1187 2332 1269 2401 leste
1291 2334 1393 2400 sancti
1416 2332 1550 2400 Martini
1579 2332 1720 2417 proxime
1745 2338 1879 2399 venturo
1907 2349 1963 2398 sex
1988 2330 2082 2398 annis
2213 2299 2219 2395 l

525 2432 567 2502 ab
587 2433 753 2501 macione
775 2434 985 2501 omnimodam
1009 2434 1199 2504 libertatem
1244 2434 1324 2504 ltem
1347 2455 1404 2520 per
1423 2434 1576 2504 enodem
1597 2436 1673 2501 anni
1695 2434 1797 2502 tribus
1827 2434 1947 2501 vicibus
1971 2439 2082 2501 noster
2214 2482 2219 2515 ,

524 2542 709 2624 pmcunater
729 2543 787 2606 aut
808 2543 917 2606 nester
937 2539 1071 2608 nuncius
1091 2539 1161 2608 loce
1183 2540 1287 2607 nostri
1308 2540 1425 2607 habere
1447 2537 1542 2606 debet
1562 2537 1712 2605 iudicium
1735 2538 1769 2604 in
1798 2537 1874 2604 villa
1902 2541 2080 2622 prenotata
2214 2524 2220 2648 Ξ

524 2640 687 2727 Expimtis
704 2646 812 2709 autem
832 2642 1016 2710 memoratis
1037 2643 1128 2710 annis
1148 2643 1317 2726 libertatis,
1347 2661 1402 2710 sex
1422 2660 1588 2710 menemus
1613 2641 1748 2726 siliginis
1769 2645 1804 2707 et
1825 2658 1881 2706 sex
1909 2658 2007 2708 avene
2024 2657 2083 2706 no·
2215 2678 2233 2734 5„

530 2732 580 2813 bis
601 2744 733 2830 singulis
754 2745 845 2812 annis
863 2750 898 2813 et
919 2743 1072 2813 fertonem
1093 2746 1218 2831 arpenti
1238 2746 1278 2814 de
1300 2745 1441 2831 quolibet
1461 2764 1571 2813 manse
1594 2744 1715 2812 solvere
1737 2743 1938 2812 tenebuntur.
1968 2741 2007 2809 In
2028 2761 2082 2810 cu-
2124 2770 2137 2802 ·
2215 2763 2217 2767 ’

528 2847 579 2916 ius
600 2848 648 2914 rei
669 2848 895 2930 testimonium,
917 2855 1096 2933 presentem
1117 2848 1264 2933 paginam
1286 2848 1388 2916 nostri
1409 2848 1506 2933 sigilli
1526 2847 1699 2914 munimine
1718 2847 1848 2931 dignum
1862 2846 2009 2914 duximus
2030 2864 2082 2913 ro·

525 2948 707 3018 borandam
740 2950 860 3018 Datum
874 2952 908 3018 in
922 2951 1024 3036 Dlusg
1038 2970 1120 3019 auno
1133 2951 1263 3020 Domini
1276 2951 1442 3021 millesimo
1455 2951 1671 3020 ducentesimo
1685 2949 1919 3035 septuagesimo
1932 2947 2081 3033 secundo,
2214 3017 2219 3035 ,

525 3052 647 3122 decimo
667 3053 738 3140 (sic)
757 3052 865 3122 Nonas
886 3053 974 3124 Maii
1699 3087 1701 3092 ⁴

629 3258 824 3346 Bomykevo,
855 3265 1048 3344 Borzytorvo.
1107 3259 1233 3330 Novum
1264 3260 1378 3344 iomm,
1409 3264 1584 3339 limmata
1621 3265 1700 3344 eapti
1734 3243 1836 3328 drodc
1861 3280 1905 3327 nc
1937 3262 2080 3350 Statius
2097 3357 2109 3362 ΙΝ
2274 3344 2276 3351 Ι

392 3437 394 3442 ,
527 3361 641 3450 illusa,
659 3365 770 3430 orma

1206 3645 1282 3764 Nn.
1312 3643 1415 3733 449.

628 3841 767 3927 ilebna
794 3841 944 3926 ducissa
970 3843 1119 3927 Palania
1146 3847 1282 3925 1272
1307 3841 1385 3960 dul
1411 3846 1460 3941 3,
1485 3842 1529 3926 in
1548 3843 1714 3947 Poenam
1736 3860 1846 3930 aaut
1865 3859 2082 3929 senemaud

526 3982 617 4033 mam
637 3963 728 4032 blata
747 3962 858 4081 Gdrlsa
878 3963 974 4032 militi
996 3964 1102 4047 Petro,
1124 3963 1189 4032 lilio
1210 3963 1241 4032 b.
1265 3983 1307 4032 m.
1330 3962 1486 4048 Milessae,
1505 3983 1638 4050 mmque
1658 3965 1753 4033 villae
1774 3964 1875 4050 ipsius
1888 3963 1992 4033 datae
2006 3963 2083 4033 Tar·

520 4086 616 4256 ‚em
630 4065 912 4251 Iqelblebaublllpia.
958 4174 1034 4236 lima
1055 4175 1183 4236 sanati
1195 4172 1365 4253 pedandae,
1384 4174 1537 4254 pimus
1552 4175 1678 4254 Mona,
1700 4175 1794 4255 daupi
1806 4192 1970 4255 czerrooay,
1984 4194 2005 4237 2
2017 4171 2085 4240 lotd-
2226 4201 2232 4267 3

450 4362 454 4370 Δ
530 4275 607 4358 rpcb
625 4275 690 4339 ubic
707 4278 861 4359 pieczpcic
880 4277 994 4355 mileto.
1585 4277 1595 4289 '

637 4379 780 4443 θπὲωιο.
824 4380 942 4441 habia
969 4380 1103 4460 Capituli
1126 4380 1283 4458 Metropot
1306 4379 1358 4441 Νν.
1380 4378 1432 4440 35.

629 4580 668 4650 In
689 4583 815 4650 nomine
835 4582 963 4648 Domini
984 4603 1085 4651 amen.
1130 4581 1324 4666 Malignandi
1346 4601 1473 4665 presens
1494 4588 1564 4651 etas
1585 4590 1636 4652 est
1656 4582 1771 4652 nmen
1793 4589 1827 4651 et
1848 4584 1957 4651 studet
1977 4584 2085 4653 dolum

529 4685 642 4754 cudere
663 4703 734 4751 cum
758 4684 888 4751 deberet
917 4686 1103 4771 simpliciter
1128 4685 1304 4765 ambulare;
1334 4684 1404 4751 idco
1427 4705 1488 4770 que
1514 4689 1633 4754 nostris
1661 4686 1855 4771 temporibus
1880 4693 1972 4771 gesta
2000 4696 2085 4772 sunt,

529 4789 648 4874 scripto
668 4788 819 4855 memorie
841 4787 988 4855 duximus
1011 4789 1238 4857 commendare.
1268 4786 1423 4855 Noverint
1444 4790 1542 4872 igitur
1563 4791 1701 4858 universi
1723 4795 1790 4856 tam
1812 4797 1976 4875 presentes
1990 4811 2086 4876 quam

530 4892 648 4978 posteri
666 4890 706 4958 ad
729 4909 808 4974 quos
830 4910 958 4975 presens
980 4894 1134 4977 seriptum
1156 4893 1343 4977 pervenerit,
1367 4891 1451 4976 quad
1474 4911 1531 4959 nos
1550 4893 1673 4961 llelena
1693 4892 1754 4971 Dei
1766 4893 1873 4977 gratia
1887 4893 2013 4960 ducissa
2026 4894 2086 4962 Po·

530 4994 621 5078 lonis,
643 5012 798 5061 unacum
825 5013 978 5060 consensu
1007 4997 1108 5062 nostri
1135 4994 1243 5061 dilecti
1273 4994 1380 5060 mariti
1411 4995 1613 5062 extrahentes
1642 5002 1784 5064 nosuam
1813 4996 2020 5063 beralitatem
2047 4996 2087 5066 de

420 5091 425 5101 ’
532 5098 622 5182 opole
642 5097 729 5181 quod
751 5096 925 5164 Clroeicnkc
945 5097 1118 5182 vulgariter
1139 5098 1322 5165 nominatur
1340 5103 1374 5164 et
1396 5116 1490 5181 quam
1513 5099 1615 5164 nostri
1629 5100 1794 5167 camerarii
1808 5107 1884 5166 ante
1898 5100 2086 5183 imbuerunt,

448 5226 452 5234 ·
531 5199 676 5267 videlicet
698 5201 810 5267 chrae
831 5206 865 5266 ct
886 5198 985 5268 irater
1003 5220 1080 5267 suus
1101 5201 1226 5282 Rarlim,
1247 5200 1342 5267 militi
1363 5208 1473 5268 nostro
1494 5199 1590 5267 Petro
1611 5201 1677 5266 lilio
1698 5202 1832 5271 condam
1854 5202 1947 5269 beata
1968 5222 2085 5270 mema-

533 5303 579 5372 rie
594 5303 723 5374 Milesse
751 5323 808 5389 pro
834 5303 941 5372 decem
963 5317 997 5372 et
1018 5312 1090 5374 acto
1120 5304 1235 5374 nareis
1261 5306 1385 5390 argenti
1413 5305 1609 5374 vendidimus
1635 5304 1696 5372 sibi
1722 5306 1851 5390 suisque
1879 5307 2024 5390 pastoris,
2054 5307 2087 5374 in
