4860 6180
1804 291 1881 368 415

338 492 422 562 cirea
443 489 637 560 territorium
659 491 757 560 Brona
778 492 939 561 eivimtem
962 491 1202 564 construendam
1224 495 1284 565 snb
1305 495 1413 564 eodem
1434 495 1588 579 iureque
1609 499 1717 563 nostre
1738 493 1883 562 civitates

337 600 371 662 et
390 593 465 662 ville
484 593 517 660 in
536 599 645 661 nostro
667 594 804 663 ‹lominio
826 593 1041 680 pertruuntur,
1064 596 1111 663 ita
1127 599 1211 682 quod
1232 599 1335 668 dictus
1355 599 1433 667 baro
1461 604 1569 666 noster
1594 598 1633 664 de
1660 598 1727 664 suis
1751 595 1884 664 lococia-

337 695 440 779 aiom,
460 700 610 780 nuquam
632 715 689 764 nos
710 698 750 766 dc
771 698 899 779 uostris,
922 697 1067 764 omuibus
1089 701 1280 768 utilitatibus
1299 702 1395 769 libere
1416 702 1570 785 puciatur.
1614 699 1765 766 Delicatus
1785 697 1884 764 eciam

337 799 438 868 abiem
456 797 567 867 baroni
588 805 697 868 nostro
718 806 751 870 et
771 803 838 868 suis
857 802 993 886 posteris
1014 801 1047 868 in
1067 802 1214 870 districtu
1236 805 1486 889 supradictarum
1504 802 1727 883 hereditatum,
1750 800 1885 868 Gostina

336 900 485 969 videlicet
504 905 538 970 et
558 900 667 985 Brona,
694 903 721 971 si
750 903 876 988 qnando
903 907 1034 987 questus
1058 902 1164 987 fuant,
1194 906 1400 974 municionem
1430 911 1612 974 construere
1638 902 1809 972 seeundum
1836 901 1886 968 sui

338 1003 462 1073 arbitrii
490 1003 694 1073 voluntatum.
738 1006 787 1074 Ut
811 1015 919 1075 autern
943 1006 1000 1074 bec
1028 1014 1138 1074 nostra
1166 1008 1298 1076 donacio
1327 1010 1482 1094 smulque
1506 1006 1704 1078 continuacio
1730 1007 1886 1092 perpetuo

338 1106 528 1175 inviolabilis
548 1114 736 1192 perseveret,
759 1116 937 1195 presentem
958 1110 1111 1178 cartulam
1139 1110 1241 1177 nostri
1267 1110 1362 1196 sigilli
1388 1113 1561 1180 munimine
1584 1111 1711 1194 dignm
1741 1105 1888 1174 duximus

338 1207 546 1278 roborandam
567 1209 765 1294 presentibus
785 1209 861 1295 hys:
889 1212 1004 1280 comite
1026 1210 1205 1295 Pyotrkoue
1227 1212 1398 1280 castellano
1419 1213 1636 1295 Poananicnsi
1661 1210 1789 1277 domiuo
1809 1207 1888 1276 Vin·

339 1312 446 1380 cencio
467 1309 654 1380 cancellario
675 1311 893 1397 Poznaniensi,
914 1312 1235 1381 domino-Theodrico
1257 1314 1374 1383 lectore
1395 1321 1486 1402 patre
1506 1313 1668 1402 spirituali
1693 1318 1814 1395 nostru,
1837 1328 1888 1379 oo

339 1415 418 1484 mito
437 1413 585 1484 Scedrioo
605 1415 778 1485 matellam
799 1415 839 1485 de
859 1415 987 1500 crinin,
1009 1415 1124 1484 comita
1145 1414 1279 1503 Gevleyo
1299 1418 1340 1486 de
1367 1417 1494 1501 Poreee,
1525 1417 1640 1487 comite
1668 1413 1808 1482 Iohanne
1837 1431 1889 1481 ca·

339 1516 474 1586 atellano
494 1516 535 1585 de
556 1516 673 1603 Dupia.
716 1517 835 1587 Datum
853 1518 888 1586 in
909 1516 1055 1586 Sbauaim
1075 1535 1159 1586 anno
1179 1517 1410 1588 incarnacionis
1437 1517 1566 1587 Domini
1589 1513 1890 1597 nccnxttvnt

340 1617 502 1690 Kalendas
522 1619 651 1707 Aprilis
673 1638 732 1707 per
750 1638 863 1689 manus
884 1617 1026 1688 Thilonis
1046 1619 1185 1687 aotbarii
1203 1621 1289 1689 curio
1309 1627 1426 1691 nosue

345 1863 348 1870 ’
444 1823 589 1910 Mm-
616 1825 736 1908 θωῑνύ·
779 1824 890 1909 Bm.
912 1829 1048 1893 Brmte.
1092 1823 1221 1909 ΟΜ,
1252 1829 1402 1911 llrzovta
1444 1826 1571 1912 Poenae,
1603 1829 1781 1893 Podrzemc
1824 1822 1892 1891 Du·

341 1927 406 2013 pn,
430 1930 542 2010 uapor
586 1925 742 2012 omnim,
765 1927 913 2017 repant

1012 2222 1087 2313 Nr.
1117 2218 1220 2314 475.

445 2417 634 2504 &enudus
659 2419 818 2505 Promisi
845 2421 924 2505 dor
949 2419 1100 2506 Polonlo
1126 2423 1260 2503 1278
1286 2423 1385 2524 sd,
1410 2423 1454 2507 lu
1471 2421 1630 2526 Smtoir'c
1650 2439 1816 2509 maumas
1838 2437 1895 2506 uo

342 2538 501 2609 musam
521 2538 707 2609 hereditatis
728 2539 872 2625 Polilmo‚
894 2560 989 2626 quarn
1007 2541 1119 2610 rauca
1138 2541 1298 2612 bssodolae
1314 2562 1430 2629 genero
1445 2545 1558 2630 ipsius,
1584 2543 1725 2611 Martiae
1749 2541 1894 2624 Paranic,

341 2643 467 2713 ratione
486 2642 571 2711 dotis
592 2641 719 2711 beent
1046 2668 1048 2673 ·
1667 2701 1673 2712 ,

452 2744 606 2830 Wdoscdn,
628 2749 800 2812 Bibliotelrn.
844 2749 965 2827 morso
984 2747 1155 2813 mizordn
1176 2751 1216 2815 do
1244 2750 1614 2830 Woelkopolslrtsoi.19.

446 2949 485 3018 ln
505 2950 633 3020 uomina
653 2951 782 3020 Domini
802 2970 903 3020 amen
946 2950 1087 3019 nmini
1106 2954 1231 3037 generis
1251 2954 1392 3023 actioms
1413 2952 1564 3022 memoria
1585 2956 1740 3036 perpetua
1754 2949 1897 3035 indigen·

344 3059 393 3123 tes
412 3055 598 3141 plerumque
619 3055 660 3124 ab
682 3054 843 3123 bominum
865 3055 984 3123 noticia
1003 3054 1197 3138 dilatatatum,
1226 3056 1255 3123 si
1276 3075 1340 3124 non
1366 3058 1497 3124 testium
1523 3061 1558 3122 et
1585 3054 1766 3123 litterarum
1794 3055 1903 3136 muni-¹

298 3222 299 3225 ,
343 3158 428 3226 minc
448 3162 649 3225 renovsnnn.
693 3157 796 3242 Igitur
817 3174 875 3224 nos
896 3155 1051 3224 secundus
1073 3157 1208 3224 Promisi
1222 3157 1283 3226 Dei
1298 3159 1406 3242 gracia
1418 3158 1484 3226 dux
1496 3157 1626 3225 Polonis
1640 3163 1751 3225 notum
1766 3155 1897 3225 tacimus
1968 3160 1971 3167 “

344 3261 498 3329 universis
527 3260 726 3346 pausantibus
752 3267 788 3328 et
814 3259 931 3327 futuris
958 3258 1000 3325 ad
1025 3278 1105 3343 quos
1135 3278 1265 3345 presens
1286 3261 1440 3346 scriptum
1460 3259 1648 3345 pervenerit,
1677 3257 1761 3343 quod
1788 3259 1900 3327 relicta

345 3362 483 3431 lllodole
502 3362 631 3431 veniens
651 3361 694 3428 ad
714 3369 855 3430 nostram
882 3368 1125 3447 nostrorumque
1153 3363 1308 3432 baronum
1336 3365 1540 3448 presenciam,
1572 3361 1779 3430 hereditatem
1808 3379 1899 3428 suam

344 3463 492 3533 Policnko
512 3464 711 3549 integraliter
731 3483 802 3532 cum
824 3464 971 3532 omuibus
991 3464 1196 3548 utilitatibus,
1219 3465 1367 3534 videlicet
1381 3465 1466 3549 agn‘s
1485 3465 1579 3532 cultis
1592 3470 1627 3531 et
1640 3464 1778 3545 iueulns,
1801 3462 1899 3545 silvis,

345 3566 534 3650 nemoribus,
555 3568 647 3651 aquis
667 3572 701 3634 et
722 3586 876 3652 aquarum
898 3566 1091 3649 decursibus,
1114 3567 1313 3650 molendinis,
1332 3567 1509 3649 munificiis,
1532 3573 1566 3634 et
1586 3566 1732 3635 omnibus
1751 3564 1824 3633 aliis
1839 3582 1901 3649 qne

345 3669 476 3737 suntin
496 3669 606 3738 wem
627 3669 804 3738 hereditate
823 3670 872 3736 vel
894 3670 928 3735 in
949 3669 1092 3736 futurum
1113 3670 1257 3754 poterint
1277 3669 1420 3751 inveniri,
1449 3668 1591 3736 Martino
1617 3667 1750 3735 Parauic
1768 3685 1826 3735 suo
1846 3685 1901 3752 ge·

347 3790 434 3855 nero,
457 3790 528 3839 cum
550 3771 617 3839 filia
638 3789 696 3839 sua
715 3771 776 3838 sibi
798 3772 953 3856 legittime
973 3772 1093 3852 iuncto,
1114 3770 1365 3838 irrevocabiliter
1385 3767 1525 3852 donavit
1551 3768 1612 3836 sibi
1633 3769 1761 3853 suisque
1783 3767 1901 3852 legitti-

346 3875 405 3941 mis
423 3873 656 3941 mceessoribus
678 3873 746 3939 iure
766 3873 958 3940 hereditario
979 3873 1012 3939 in
1033 3879 1222 3956 perpetuum
1243 3872 1472 3956 possidendam
1501 3870 1569 3939 Nos
1588 3890 1661 3938 vero
1682 3869 1815 3940 Martini
1830 3888 1901 3955 pre·

346 3975 422 4044 dicti
441 3976 581 4043 serviciis
602 3975 693 4043 uobis
714 3975 865 4042 exhibitis
887 3972 1070 4041 sadalacere
1096 3975 1269 4058 cupientes,
1296 3973 1501 4043 donacionem
1529 3992 1635 4041 coram
1663 3973 1754 4040 uobis
1785 3972 1901 4039 factam

347 4078 571 4163 perpetualiter
592 4077 821 4158 confirmamus,
845 4076 946 4144 eidem
968 4077 1108 4143 Martino
1130 4076 1164 4143 in
1182 4075 1360 4144 hereditate
1381 4077 1468 4144 dicta
1488 4076 1619 4142 Policlro
1641 4075 1774 4142 liberum
1790 4076 1902 4142 dantes

347 4179 504 4263 navigmm
523 4185 557 4245 et
577 4178 768 4260 theloneum,
790 4184 848 4247 aut
869 4180 933 4245 alia
950 4184 1059 4245 nostro
1078 4178 1217 4245 dominio
1243 4178 1436 4262 pertinentia
1458 4178 1508 4244 bis
1536 4177 1661 4260 similia,
1692 4176 1742 4244 vel
1771 4176 1902 4254 maiora

347 4278 495 4349 Pretereo
512 4279 722 4356 hereditatum
744 4299 819 4364 sepe
841 4281 1035 4347 nominatam
1058 4279 1189 4346 Policko
1212 4299 1284 4348 curn
1305 4281 1418 4348 incolis
1439 4280 1506 4346 suis
1527 4279 1718 4347 absolvimus
1749 4285 1903 4364 perpetuo

346 4380 388 4449 ab
408 4382 494 4449 omni
515 4384 647 4450 servicio
669 4391 702 4450 et
724 4384 896 4463 exactione,
919 4381 1069 4448 alaburc
1091 4382 1200 4462 castri,
1223 4401 1244 4449 a
1265 4382 1416 4450 citatione
1439 4383 1499 4448 nisi
1520 4388 1630 4450 nostro
1657 4381 1762 4466 sigillo
1784 4379 1904 4465 specia-

348 4482 422 4551 liter
443 4492 621 4566 svoccntur,
643 4505 663 4551 a
683 4491 814 4552 vectura
842 4502 990 4551 curruum
1015 4488 1207 4565 nostrorum,
1228 4503 1250 4550 a
1271 4490 1388 4566 stroza,
1411 4505 1432 4552 a
1453 4504 1560 4569 naras,
1578 4504 1600 4551 a
1619 4484 1781 4569 porndlne,
1809 4490 1843 4551 ct
1863 4483 1905 4550 ab

349 4587 492 4654 omnibus
513 4586 586 4652 aliis
604 4586 851 4670 obligaeionibus
873 4585 1111 4669 quibuscunque
1129 4586 1309 4652 nominibus
1331 4593 1533 4654 censeantur:
1564 4587 1605 4653 de
1626 4586 1740 4671 quibus
1760 4585 1905 4653 omnibus

351 4688 561 4755 oblacionibus
593 4695 627 4755 ct
646 4690 786 4754 serviciis
805 4687 905 4754 eidem
932 4687 1073 4754 Maltino
1099 4687 1283 4756 satisfacere
1314 4694 1493 4756 teneantur.
1538 4687 1746 4756 Venationcm
1773 4689 1905 4756 liberam

350 4789 382 4855 in
404 4792 497 4858 metis
518 4790 635 4858 babeat
651 4793 798 4858 continue
821 4807 989 4873 parvarum
1010 4794 1044 4854 et
1065 4807 1250 4873 magnarum
1269 4790 1439 4858 cuiuslibet
1459 4790 1584 4874 pencris
1614 4790 1775 4857 volucrum
1801 4797 1835 4858 et
1860 4788 1905 4857 le·

349 4911 464 4962 rarum.
509 4893 658 4961 Liberum
676 4896 776 4961 eciam
798 4893 914 4958 trabat
937 4890 1103 4957 arbitrium
1133 4894 1388 4975 prenominatam
1411 4894 1517 4977 sepius
1547 4892 1756 4959 luerulitatem
1784 4892 1906 4975 integre

350 4996 520 5064 etdivisim
541 5015 613 5064 cnm
634 4996 719 5063 omini
741 4995 888 5061 libertate
910 4993 969 5059 sibi
990 4993 1066 5058 duta
1088 4993 1216 5076 donare,
1239 4995 1375 5062 vendere
1396 5012 1454 5062 seu
1481 4999 1674 5061 mmmutarc
1699 4993 1727 5058 si
1757 5010 1906 5077 processa

352 5100 499 5183 tonupon's
521 5099 581 5183 ipsi
604 5098 760 5164 videbitur
780 5098 936 5181 expetire,
958 5094 1153 5178 sruuvlietum
1176 5095 1350 5164 Martinam
1372 5097 1414 5164 ab
1435 5095 1582 5164 omnibus
1612 5093 1752 5161 serviciis
1773 5100 1807 5161 ct
1828 5093 1908 5160 obli·

353 5201 543 5284 nacionibus,
565 5201 656 5267 nobis
677 5200 726 5267 vel
741 5207 844 5267 castro
860 5205 969 5266 nostro
985 5198 1227 5283 pertinentibus,
1250 5199 1480 5285 perpetualiter
1493 5197 1701 5265 absolventes.
1732 5194 1779 5261 Ut
1800 5201 1907 5264 auwvn
