4860 6180
529 466 605 544 tsi

537 669 649 740 hstice
671 668 876 754 Lanndcnsi,
898 669 1029 739 iliberto
1045 668 1271 755 archidyacono
1290 667 1500 754 Lancicieasi,
1522 668 1609 738 iares
1630 665 1761 738 hedeno
1774 673 1895 752 nostre,
1921 669 2074 755 magistro

538 772 666 842 merea
685 773 725 842 de
744 772 904 858 cracovia,
926 781 960 842 et
979 774 1051 842 aliis
1072 773 1319 865 quamplurimis.

631 928 681 997 De
709 928 846 1012 haurn,
880 934 919 996 de
946 927 1125 1018 Jqdrzejdo.
1174 925 1312 1011 liabens,
1346 929 1475 1018 Leibini,
1508 952 1526 994 z
1552 933 1718 996 nicomede
1748 930 1873 994 hadria
1924 926 2075 1012 Wangez,

535 1035 695 1121 Wpehnck.
739 1032 946 1118 Captivuicia,
969 1038 1199 1115 Κορνιφικίου.
1236 1032 1335 1117 Scips,
1359 1038 1440 1114 Zipv.
1478 1031 1611 1114 cirinen,
1633 1036 1809 1113 Statumae.
1845 1031 1946 1113 Reda,
1969 1035 2071 1098 Βιιιία.

527 1134 709 1219 Iemiluicia,
733 1140 897 1203 Iniddcn
941 1135 1077 1221 Suieieu,
1097 1134 1235 1215 sunjon.
1272 1137 1446 1221 Zagoraue,
1467 1140 1655 1217 mazaria.
1689 1133 1872 1216 (iomeiuvo,
1907 1135 2073 1202 Komaria.

528 1237 657 1323 (iamed,
679 1245 729 1307 nie
746 1244 945 1321 adomnane.
990 1240 1182 1321 Predidievo,
1209 1246 1327 1321 pmcne
1348 1246 1517 1320 Przeczoiu,
1543 1243 1745 1320 poprrednira
1762 1242 1932 1321 przyieoip.
1975 1236 2075 1304 Seke-

526 1341 604 1427 hoa,
626 1347 777 1409 Sokelim
820 1342 999 1425 Stuasoviei,
1023 1343 1203 1410 Streezkdn.
1247 1342 1462 1410 Moleudiiiuiu
1483 1341 1645 1423 Gredisee,
1661 1347 1864 1423 przypemiae
1885 1345 2074 1428 nrejdvpiiey

527 1452 573 1535 alp
604 1455 665 1512 reia
702 1449 829 1529 maipa
861 1447 941 1527 pria
973 1447 1099 1517 Wilem.
1131 1446 1225 1533 (misr.
1258 1450 1312 1513 dr.
1344 1449 1411 1512 138
1439 1455 1470 1511 et
1493 1447 1584 1526 aad.)
1628 1444 1827 1530 Smegerevo,
1862 1448 2076 1526 Sisaponem.

527 1548 723 1634 Bmhoncr
746 1553 932 1619 aaran.

1095 1849 1169 1938 Ni.
1201 1845 1302 1937 594
1347 1843 1510 1952 (iuda)

634 2046 830 2153 diagonus
855 2048 919 2154 Pp.
945 2048 1000 2133 IX
1024 2050 1159 2132 1238
1184 2047 1272 2131 Mai·
1297 2053 1384 2146 25,
1419 2047 1611 2150 buteram
1631 2070 1740 2133 monet
1766 2062 1939 2133 Henrieum
1965 2063 2076 2132 ducem

528 2165 669 2252 Silesiiie,
696 2174 735 2237 ιιι
761 2169 995 2255 archiepiscopo
1021 2169 1210 2251 (immensi,
1237 2188 1294 2254 pro
1324 2168 1448 2236 damnis
1476 2167 1627 2237 eeclmhe
1653 2168 1722 2236 eius
1742 2187 1765 2236 a
1784 2174 1876 2254 petie
1900 2184 1959 2236 suo
1979 2167 2011 2236 b.
2034 2185 2076 2263 ua

528 2269 608 2341 duee
625 2271 763 2342 Henrico
780 2271 890 2355 illatis
912 2273 1160 2341 satisfactionem
1181 2277 1333 2357 praestet

635 2378 772 2444 neve.
793 2379 990 2442 amnia
1010 2380 1113 2443 nan.
1132 2381 1287 2459 naam,
1312 2378 1415 2452 nio.
1439 2378 1492 2443 ιι.

630 2528 802 2616 Gregorius
830 2529 994 2616 episcopus
1022 2540 1095 2615 etc,
1120 2530 1244 2599 dilecta
1262 2529 1330 2599 filio
1356 2528 1454 2597 nobili
1483 2528 1551 2596 viro
1577 2526 1619 2596 n
1648 2528 1722 2596 duci
1748 2526 1849 2596 Zlesie
1869 2533 1904 2596 et
1924 2526 2074 2595 Oscensis

474 2633 476 2637 ’
529 2630 666 2702 salutm
688 2643 745 2701 etc.
790 2631 970 2717 Cupientes,
992 2625 1031 2701 ut
1050 2634 1092 2702 ab
1112 2633 1324 2703 adolescentia
1345 2638 1402 2700 tus
1424 2633 1531 2700 timori
1551 2630 1680 2700 Domini
1702 2638 1737 2700 et
1749 2632 1849 2699 amori
1869 2629 2079 2699 muniadam

440 2755 452 2775 ’
529 2735 742 2822 temetipsum,
772 2736 856 2823 apud
882 2736 985 2804 Deum
1011 2742 1045 2804 et
1073 2736 1214 2805 homiues
1240 2737 1286 2804 sie
1312 2733 1459 2821 proficias
1488 2734 1644 2820 sapientia
1664 2740 1699 2802 et
1724 2739 1820 2816 etate,
1845 2740 1884 2801 ιιι
1908 2733 2009 2818 patris
2031 2733 2079 2800 tui

528 2837 672 2924 rauna,
694 2840 861 2924 presertim
879 2839 913 2907 in
935 2839 1172 2924 oppresienibus
1186 2839 1388 2907 eeclesiarum
1407 2844 1442 2906 et
1455 2837 1638 2907 clericorum
1652 2855 1716 2905 nen
1730 2836 1894 2918 imihnda,
1909 2837 2077 2921 reliquens,

439 2975 441 2978 ·
529 2941 676 3010 eeclesim
697 2948 732 3011 et
752 2960 903 3028 personas
920 2942 1149 3010 ecclesiasticas
1179 2942 1232 3026 pio
1253 2959 1377 3026 semper
1398 2948 1432 3009 et
1453 2947 1599 3026 prompto
1621 2938 1778 3008 venereris
1798 2938 1923 3023 adecti,
1944 2938 2080 3007 libenter

529 3049 565 3114 te
592 3045 770 3115 salubribus
798 3046 927 3115 monitis
952 3046 1261 3130 pandamusque
1287 3051 1378 3112 ιιιιιο
1400 3043 1497 3112 altius
1516 3044 1603 3113 cordi
1624 3049 1682 3111 tuo
1702 3041 1819 3111 dehent
1840 3038 1936 3127 infigi,
1959 3049 2079 3127 quanto

431 3156 436 3166 '
528 3145 644 3217 mitius
671 3148 822 3219 honorem
848 3155 937 3216 tuuin
966 3150 1140 3234 respiciunt
1167 3154 1201 3216 et
1224 3147 1375 3216 salutem:
1397 3153 1431 3214 et
1451 3146 1507 3231 qui
1527 3145 1592 3214 diis
1612 3166 1646 3241 es
1667 3145 1739 3215 aliis
1761 3145 1963 3228 constitutis,
1983 3144 2080 3213 duca·

530 3255 600 3320 tum
628 3256 719 3320 tuum
746 3257 780 3320 et
804 3251 955 3338 quicquid
980 3251 1085 3335 hebes,
1113 3253 1209 3319 inimo
1237 3249 1386 3335 quiequid
1409 3268 1454 3333 es,
1476 3249 1518 3318 ab
1539 3250 1756 3317 uniuersorum
1776 3247 1911 3317 Domino
1933 3266 2081 3335 recogno

528 3371 630 3438 sams,
660 3355 705 3423 sic
731 3356 867 3441 teipsum
897 3373 954 3441 per
974 3354 1172 3424 rectitudinis
1193 3354 1275 3422 viam
1297 3353 1404 3436 ducas,
1430 3354 1515 3440 quod
1535 3353 1576 3423 ab
1596 3354 1664 3421 eius
1685 3351 1890 3437 beneplacitis
1911 3371 1974 3421 non
1995 3371 2081 3420 reee-

392 3472 396 3477 ·
529 3455 596 3526 das
640 3455 722 3525 Saue
752 3457 828 3526 elim
854 3477 918 3526 non
945 3457 1063 3544 absque
1090 3457 1205 3525 meritis
1234 3456 1444 3525 amaritudine
1464 3456 1634 3540 intellecto,
1656 3456 1742 3542 quod
1761 3454 1882 3524 nobiles
1904 3456 1963 3522 viii
1984 3454 2080 3523 duces

420 3564 432 3570 ”
520 3558 661 3629 ‘Palem
681 3560 823 3629 homiues
844 3560 1071 3630 cathedralium
1093 3567 1127 3629 et
1145 3561 1280 3629 aliarum
1301 3560 1504 3629 ecclesiarum
1525 3560 1719 3629 Gneanensis
1737 3559 1907 3646 provincie,
1927 3558 2076 3644 augariis,

532 3662 725 3749 perangariis
747 3669 781 3731 et
800 3664 1005 3749 vectigalibus
1031 3665 1170 3749 graviter
1191 3662 1367 3749 affligendo,
1388 3664 1484 3749 ipsos,
1507 3669 1546 3732 ιιι
1565 3670 1732 3732 venatores
1753 3683 1861 3732 eorum
1882 3664 1915 3730 iii
1936 3662 2080 3730 domibus

445 3784 447 3788 “
530 3765 597 3834 suls
626 3767 801 3851 reciperent
829 3786 866 3834 ac
893 3768 938 3835 eis
964 3767 1199 3852 procurationes
1219 3766 1375 3836 indebitas
1396 3766 1590 3850 exhiberent,
1611 3786 1670 3835 nec
1688 3785 1751 3836 nou
1773 3767 1808 3835 iii
1828 3764 2078 3852 expeditionibus

532 3868 599 3937 suls
620 3869 757 3954 propriis
781 3871 956 3938 militarent
975 3869 1149 3954 stipendiis,
1177 3889 1216 3938 ae
1236 3870 1407 3938 eorundem
1428 3869 1655 3938 munitionibus
1677 3876 1711 3939 et
1731 3870 1875 3939 darnibus
1896 3874 2080 3937 construen-

531 3968 581 4039 dis
610 3971 802 4056 insisteient,
832 3980 944 4041 eontra
971 3973 1126 4041 iustitiam
1157 3973 1352 4055 cantabant,
1378 3978 1412 4038 et
1436 3972 1516 4040 alins
1537 3991 1595 4058 per
1614 3992 1669 4041 eos
1691 3979 1757 4041 tam
1779 3975 1950 4041 enormiter
1969 3990 2080 4057 grava·

532 4071 659 4157 hautun
687 4075 773 4160 quod
797 4095 855 4143 nec
883 4076 949 4143 suis
979 4081 1128 4160 poterant
1156 4093 1267 4143 vacare
1295 4075 1439 4159 negotiis,
1469 4095 1528 4143 nec
1556 4076 1688 4162 pietatis
1715 4084 1752 4144 ut
1773 4082 1922 4145 tenentur
1942 4075 2080 4144 ecclesiis

531 4173 698 4259 deservire,
725 4194 764 4244 ac
788 4177 1009 4245 nichilominus
1037 4177 1079 4245 ab
1100 4179 1146 4245 eis
1166 4184 1201 4245 et
1222 4178 1361 4262 ipsorum
1379 4177 1565 4246 officialibus
1586 4179 1801 4248 indifferenter
1822 4187 1983 4263 tanquan
2004 4197 2078 4262 pro·

532 4278 594 4364 prii
623 4279 705 4347 servi
732 4279 920 4366 {eorumdem
942 4282 1208 4366 compellebantur
1225 4282 1383 4365 obsequiis
1403 4289 1438 4348 et
1459 4283 1582 4350 iudiciis
1601 4284 1776 4352 subiacere:
1799 4283 1968 4351 venerabili
1989 4282 2081 4349 iratii

530 4387 681 4451 amhn..
703 4383 848 4469 episcope
872 4385 1028 4469 quendam
1051 4386 1231 4453 Mutinensi
1257 4386 1479 4469 penitentiario
1506 4394 1625 4470 nostre,
1651 4388 1823 4472 apostalice
1853 4387 1943 4454 Sedis
1964 4386 2079 4471 legate,

536 4484 662 4554 litteras
687 4493 813 4554 nostras
841 4487 1012 4554 direximus
1038 4490 1244 4569 continentes,
1268 4494 1305 4554 ut
1333 4489 1441 4572 aliqua
1469 4491 1704 4573 consuetudine,
1731 4510 1801 4582 'que
1831 4490 2009 4575 corruptela
2032 4489 2081 4555 di-

519 4588 632 4657 ·eeuda
653 4595 702 4656 est
723 4590 839 4673 potins,
868 4608 929 4656 neii
952 4589 1107 4673 obstante,
1129 4590 1268 4675 prelatos
1294 4591 1389 4659 duces
1409 4593 1450 4658 ab
1472 4591 1651 4661 huiusmodi
1673 4595 1825 4662 molestiis
1848 4595 2003 4661 dictorum
2024 4592 2081 4660 ho-

534 4692 659 4759 minam
688 4691 877 4760 coherceret.
923 4692 1063 4777 Cumque
1092 4694 1195 4760 dictus
1222 4694 1394 4778 episeopus,
1420 4695 1462 4763 ad
1486 4697 1669 4765 instantiam
1689 4698 1875 4765 venerabilis
1896 4696 2004 4764 fratris
2025 4715 2081 4763 no

536 4796 597 4862 stri
612 4845 645 4863 ..
679 4795 873 4862 Gueancusis
895 4795 1130 4881 archiepiscopi,
1158 4803 1254 4880 pinet
1275 4796 1306 4862 id
1329 4797 1361 4862 iii
1383 4805 1492 4865 uestra
1513 4802 1676 4884 preposuit
1696 4802 1856 4886 prasentia
1878 4800 2080 4880 constitutus,

536 4899 692 4986 quendam
733 4900 903 4966 ilciiii'cuin
941 4900 1051 4967 duinni
1088 4901 1188 4967 Zlisie
1226 4908 1260 4966 ct
1296 4900 1445 4969 Cracovie
1486 4910 1609 4986 patrem
1647 4910 1735 4970 tuum
1775 4922 1870 4986 sapei·
1902 4901 2080 4969 huiusmodi

434 5056 438 5060 .
532 5002 784 5089 oppressionibus
815 5003 933 5088 pluries
959 5023 997 5070 ac
1022 5004 1230 5087 pcicnipteric
1258 5003 1298 5069 ad
1327 5023 1415 5071 suain
1442 5007 1635 5089 presentiam
1657 5007 1827 5087 citavisset,
1850 5007 2003 5089 quianon
2024 5024 2081 5088 pei

531 5121 576 5188 se,
607 5125 667 5173 uec
698 5125 754 5190 per
786 5112 1019 5190 piriciiiatoiviii
1053 5107 1196 5172 idoneum
1230 5125 1334 5173 eoniiii
1364 5127 1401 5173 co
1431 5108 1532 5174 voluit
1561 5128 1741 5193 comparere
1769 5109 1809 5176 nil
1835 5109 1944 5175 irivolc
1972 5109 2079 5193 appel·

532 5206 661 5276 lationis
687 5208 849 5291 ilitiugiuiii
879 5229 912 5275 se
944 5215 1137 5291 conveiteiis,
1171 5210 1203 5274 iii
1235 5228 1307 5276 euru
1337 5212 1481 5291 exigente
1514 5212 1613 5295 ipsiin
1645 5213 1843 5280 contumacia
1872 5213 2081 5280 cxcoiiimuni·
2142 5223 2144 5226 ’

532 5311 665 5378 cationis
700 5314 888 5378 seutentiam
925 5312 1143 5394 promulgavit.
1201 5312 1318 5380 nolon
1354 5315 1450 5396 igitur
1484 5314 1718 5399 archipiscopo
1750 5323 1783 5382 et
1815 5316 1947 5400 privlicti
1980 5314 2080 5400 patris

532 5415 580 5484 tui
610 5416 863 5501 procurationibus
896 5417 980 5500 apud
1014 5417 1125 5483 Sirium
1158 5418 1363 5500 apsistiiliiriui
1395 5419 1588 5499 constitutis,
1620 5418 1769 5485 (liliatum
1802 5419 1899 5486 iiliuiii
1938 5425 2080 5485 nostruin
