4860 6180
674 153 680 166 ’
815 204 890 282 aaa

1485 418 1560 506 Nr.
1592 415 1691 505 334.

921 611 1078 697 Promid
1104 613 1180 697 dux
1205 613 1355 698 Polonia
1382 620 1520 699 1260
1548 616 1630 717 (sin)
1656 615 1757 699 Febr.
1784 617 1865 710 24,
1891 607 2090 710 Ponnan103
2124 626 2228 693 munia
2255 624 2363 727 nare

816 737 933 806 ditatas
955 737 1137 803 murmurii
1159 736 1199 804 de
1217 737 1327 804 &kun
1346 738 1546 823 amplissimis
1568 737 1777 806 libertatibus.

869 868 873 875 ·
927 842 1117 925 qurcniea
1140 844 1258 907 Archiv.
1273 846 1452 907 marmorarii.
1475 847 1676 906 Proiceollmn
1689 843 1862 921 secundum,
1881 841 1933 916 sol
1948 839 2001 900 36.
2023 835 2139 919 (Kopia
2152 857 2171 900 2
2184 839 2366 915 perpauu'nu

817 950 999 1028 crppimnlu,
1021 963 1043 1007 u
1064 943 1188 1023 lctdre'go
1205 947 1279 1024 byta
1294 951 1522 1027 przqmieszma
1535 947 1726 1010 murmuria
1742 942 1987 1024 pdtj‘cdmobnpm
1999 945 2144 1021 ziclcnym
2161 939 2313 1023 pieczpd.)
2325 975 2364 991 -

825 1052 1020 1138 quroniec.
1044 1050 1170 1112 Arellio.
1192 1053 1332 1127 mteJ'adie.
1371 1052 1568 1131 diammmpt
1586 1052 1814 1131 potmicrdzoug
1827 1065 1940 1128 prm:
1960 1042 2140 1112 animirus
2160 1059 2217 1108 rex
2238 1040 2367 1112 Polonie

819 1149 904 1221 1846
925 1149 1001 1219 Jun.
1024 1146 1056 1232 6,
1077 1149 1111 1215 in
1132 1148 1247 1216 Pizdri.

921 1355 960 1422 In
981 1353 1108 1421 nomina
1127 1352 1256 1422 Domini
1276 1356 1378 1423 nostri
1399 1356 1494 1425 ihesu
1509 1355 1629 1424 christi
1643 1374 1744 1424 amen.
1773 1353 1853 1423 cum
1865 1353 1987 1441 petitur
2006 1352 2091 1437 quod
2103 1352 2223 1419 iustum
2244 1352 2369 1421 videtur

818 1464 854 1531 at
873 1458 1055 1539 honesturn,
1081 1456 1174 1524 iustis
1201 1460 1379 1543 peteneium
1403 1461 1567 1529 desideriis
1590 1461 1719 1546 dignum
1748 1465 1798 1528 est
1818 1459 1942 1528 nollem
1964 1456 2096 1542 prebere
2116 1473 2314 1538 eonsensum,
2336 1463 2370 1525 et

819 1567 896 1632 vota
915 1579 1019 1647 quea
1047 1560 1181 1628 racionis
1210 1563 1339 1630 tramite
1362 1583 1425 1632 nan
1453 1565 1649 1648 discordant,
1677 1562 1793 1632 affeetu
1819 1566 2030 1649 pmsequente
2059 1559 2224 1645 complere
2267 1558 2371 1642 Igitur

820 1684 878 1734 nos
899 1664 1033 1732 Promisi
1052 1663 1112 1730 Dei
1132 1664 1239 1748 gracia
1259 1664 1324 1732 dux
1344 1667 1473 1735 Polanie
1499 1674 1610 1735 notum
1635 1686 1704 1736 esse
1729 1666 1874 1736 volumus
1899 1664 2054 1733 universis
2083 1669 2150 1730 tarn
2171 1663 2371 1748 presentibus

670 1799 672 1804 ¹
820 1787 916 1854 quam
937 1765 1053 1834 bituris
1081 1773 1260 1851 presentem
1285 1769 1431 1853 paginam
1458 1770 1656 1855 inspecturis,
1684 1769 1770 1854 quod
1789 1769 1839 1844 ob
1868 1767 2078 1836 manentiam
2109 1765 2170 1832 Dei
2202 1771 2236 1833 et
2262 1771 2372 1834 sancte

819 1870 932 1940 matris
954 1868 1095 1937 Ecclesia
1111 1886 1150 1936 ac
1168 1867 1260 1937 beate
1281 1869 1410 1955 virginis
1432 1870 1534 1939 blarie
1547 1891 1605 1940 nee
1619 1890 1683 1939 non
1697 1872 1798 1956 patris
1818 1871 1981 1939 reverendi
2001 1869 2122 1939 domini
2140 1868 2228 1936 Patri
2246 1867 2372 1937 abbatis

820 1973 862 2044 dc
882 1973 997 2043 Lukna
1018 1973 1181 2058 tociusque
1210 1979 1382 2042 conventus
1407 1972 1543 2042 fratrum
1570 1975 1686 2043 ibidem
1711 1975 1990 2056 commorandum,
2015 1978 2051 2042 et
2069 1972 2170 2040 oeiam
2191 1976 2372 2039 arcanorum

822 2078 1057 2165 progenitorum
1078 2075 1162 2143 iacta
1183 2075 1324 2144 salubria
1345 2078 1397 2162 pio
1423 2083 1649 2163 prosequentes
1670 2078 1796 2161 adiectu,
1823 2079 1985 2145 unium
2006 2074 2128 2163 prefate
2148 2075 2261 2143 domus
2282 2073 2373 2142 bere·

822 2178 940 2248 ditatas
958 2177 1000 2246 ad
1021 2195 1150 2264 presens
1170 2177 1297 2245 babitus
1325 2184 1360 2246 et
1386 2177 1558 2262 habendas,
1579 2180 1620 2248 ab
1646 2181 1731 2248 omni
1752 2181 1915 2249 exactione
1936 2185 1971 2247 et
1989 2179 2164 2260 solucione,
2193 2175 2373 2261 aprewod,

822 2281 1020 2369 cpcdwodi,
1042 2299 1063 2348 a
1083 2299 1196 2364 narna,
1223 2281 1455 2366 apodvorove,
1482 2284 1626 2369 acapite
1647 2283 1706 2352 tali
1727 2282 1842 2351 forma:
1871 2281 1957 2367 quod
1982 2281 2103 2366 siquis
2129 2278 2293 2361 occiditur,
2316 2298 2373 2363 pro

823 2387 884 2456 boc
904 2403 1020 2471 penam
1047 2383 1176 2451 minime
1201 2382 1322 2452 solvere
1353 2391 1518 2453 tenentur:
1548 2406 1570 2454 a
1594 2387 1818 2473 preparacione
1849 2391 1884 2453 et
1909 2385 2112 2469 reputacione
2138 2385 2315 2451 castrorum
2336 2399 2375 2449 ac

823 2488 981 2576 poncium,
1003 2506 1024 2554 a
1041 2484 1200 2554 solucione
1221 2505 1283 2571 que
1304 2491 1454 2555 montone
1474 2487 1601 2569 dicitur,
1631 2494 1666 2556 et
1686 2487 1727 2554 ab
1745 2487 1890 2556 omnibus
1911 2486 2033 2554 iuribus
2053 2487 2088 2554 in
2108 2485 2240 2554 Polonia
2258 2482 2376 2552 consti·

824 2591 905 2660 tutia
926 2588 1164 2675 quibuscunque
1185 2594 1373 2656 censeantur
1393 2589 1582 2671 nominibus,
1604 2589 1733 2674 dignum
1755 2590 1901 2657 dommus
1923 2590 2050 2674 penitus
2070 2587 2286 2658 absolvendas.
2331 2586 2377 2655 Et

824 2693 1039 2780 quindenum
1060 2690 1128 2758 Deo
1150 2690 1299 2759 collatum
1328 2709 1393 2758 non
1421 2690 1548 2775 expedit
1574 2691 1696 2776 legibus
1720 2694 1938 2760 universorum
1964 2692 2140 2775 subiacere,
2170 2691 2314 2760 volumus
2339 2693 2378 2756 ut

824 2814 917 2864 nemo
937 2799 1118 2862 nostmrum
1143 2793 1281 2860 iudicum
1309 2797 1368 2860 aut
1396 2793 1648 2876 casullauomm,
1676 2795 1726 2863 vel
1754 2795 1967 2880 cuiuscunque
1994 2797 2121 2864 racione
2149 2792 2302 2874 beneficii,
2335 2790 2378 2859 nd

824 2897 911 2984 ipsas
932 2895 1124 2965 hereditates
1146 2895 1180 2962 in
1200 2900 1388 2980 perpetuum
1411 2901 1589 2979 respectum
1607 2896 1745 2982 aliquem
1766 2896 1873 2965 adem
1893 2897 2050 2980 obtinere3
2072 2897 2155 2965 etsi
2176 2896 2246 2964 sine
2258 2894 2377 2963 annulo

824 3007 935 3070 nostro
956 2999 1047 3069 citati
1068 2997 1200 3082 iruerint,
1224 2999 1354 3067 minime
1379 2997 1613 3082 comparebunt
1656 2998 1705 3068 Ut
1729 3000 1789 3068 bec
1815 3019 1837 3067 a
1862 3000 1953 3068 nobis
1980 2998 2067 3069 facta
2090 2998 2252 3067 multans
2280 2996 2378 3065 robur

825 3102 1001 3184 obtineant,
1017 3101 1160 3170 dedimus
1174 3106 1351 3186 presentem
1372 3100 1519 3185 paginam
1540 3101 1689 3186 predictis
1707 3101 1858 3172 fracibus
1879 3104 1920 3171 de
1940 3102 2056 3171 Lulma
2075 3102 2178 3171 nostri
2198 3100 2296 3187 sigilli
2309 3119 2379 3168 nra·

825 3205 943 3274 nimina
954 3204 1144 3273 roboratam.
1168 3203 1288 3271 Datum
1300 3202 1457 3271 Poznauie
1465 3221 1549 3272 anuo
1563 3204 1668 3288 gracie
1682 3204 1848 3273 millesimo
1863 3205 2077 3274 ducentesimo
2087 3205 2281 3289 sexagesimo
2293 3203 2378 3287 (sic),

826 3308 873 3376 vi
892 3307 1054 3376 Kalendas
1071 3306 1194 3375 Marcii.
1239 3305 1320 3375 Cum
1341 3305 1399 3374 bec
1420 3305 1534 3374 darent
1553 3306 1599 3373 bii
1621 3311 1720 3375 testes
1741 3313 1903 3394 presentes
1925 3310 2110 3377 astiterunt:
2140 3307 2303 3391 Dirsicray
2322 3325 2379 3390 pa·

825 3411 945 3480 latinns
965 3410 1170 3493 Gneznensis,
1192 3409 1302 3479 Simon
1323 3410 1513 3478 castellanus
1535 3409 1740 3492 ananensis,
1761 3411 1965 3480 Sventcslans
1985 3412 2026 3480 de
2044 3410 2159 3491 nmen,
2181 3407 2379 3477 Domcradns

826 3513 930 3597 index,
953 3513 1105 3582 Zbiludus
1125 3513 1166 3581 dc
1186 3513 1304 3582 Kaaelz
1326 3517 1360 3582 et
1380 3513 1436 3581 alii
1457 3513 1681 3600 quamplures
1701 3512 1764 3581 lida
1784 3514 1881 3601 digni

851 3776 855 3784 .
930 3715 1055 3802 numa,
1076 3715 1635 3801 consummaremur,
1662 3668 1820 3788 rosan,

1407 3955 1413 3966 ·
1501 4029 1576 4117 Nr.
1608 4025 1708 4117 335.

931 4207 1090 4292 Pronilsl
1124 4207 1201 4290 dux
1234 4205 1383 4290 Polonio
1418 4211 1555 4290 1256
1589 4208 1699 4292 biart
1733 4212 1805 4308 18,
1834 4209 1877 4293 in
1903 4209 2070 4314 Poanau3
2103 4226 2382 4296 emanationem

828 4328 1036 4399 baereditatis
1051 4327 1175 4396 comitis
1195 4326 1372 4411 Dyrslronis
1394 4325 1451 4393 filii
1472 4327 1656 4414 Dyrsconis,
1674 4329 1778 4397 datae
1799 4329 2004 4414 Lubicniclro,
2025 4349 2084 4417 pro
2099 4329 2296 4398 immutate
2316 4347 2384 4398 mo

828 4432 962 4501 antarii
982 4431 1023 4498 de
1044 4429 1236 4512 Gontiebow,
1258 4430 1344 4498 dicta
1366 4429 1463 4513 Gdra,
1489 4437 1592 4499 ratam
1611 4431 1716 4500 babet

932 4536 1074 4615 Parparia
1096 4538 1212 4615 ornain
1239 4535 1369 4598 liziaarlrt
1384 4537 1426 4598 od
1437 4540 1634 4602 mimmius
1643 4539 1781 4622 panacea·
1793 4539 1908 4622 Regulo
1921 4534 2158 4618 kunnum,
2172 4533 2263 4600 lctdra
2276 4536 2385 4601 moino

830 4640 1028 4715 modenana·
1050 4646 1195 4715 mimos
1212 4647 1295 4712 xvp
2217 4679 2218 4682 κ

935 4738 1074 4806 nomm.
1097 4740 1263 4804 nantem
1289 4737 1462 4821 anzano.
1486 4742 1627 4822 aalma
1648 4744 1684 4818 a,
1705 4743 1735 4806 a
1761 4776 1807 4792 -
1829 4739 2013 4822 mamm
2038 4745 2110 4811 coo.
2134 4745 2253 4825 apum
2276 4743 2386 4806 uase.

934 5030 973 5099 ln
994 5028 1120 5098 nominc
1140 5027 1268 5097 Domini
1290 5029 1350 5098 Dei
1371 5031 1473 5099 eterni
1494 5049 1597 5101 amen.
1644 5029 1798 5113 Quoniam
1817 5031 1923 5115 sepius
1941 5051 1962 5099 a
1982 5032 2134 5101 memoria
2154 5031 2317 5102 hommum
2338 5050 2388 5099 re·

835 5132 919 5202 cadit
949 5132 1035 5219 quod
1069 5131 1187 5216 scripto
1212 5138 1270 5200 aut
1296 5131 1378 5200 bono
1408 5134 1589 5204 testimrmio
1619 5153 1683 5202 nan
1709 5132 1923 5218 confirmatur,
1951 5140 2145 5221 quapropter
2169 5152 2228 5204 nos
2256 5133 2389 5202 Promisi
