4860 6180
698 219 772 297 360

697 421 820 491 acione
840 421 1045 507 annectimus,
1066 420 1150 507 qnod
1165 420 1240 508 poci
1261 427 1295 490 et
1316 419 1528 505 tranquilitnti
1541 417 1655 506 prointl
1668 417 1849 488 monosterii
1863 416 1897 486 in
1910 416 2052 486 futurum
2064 414 2229 486 umorem

696 522 932 610 prospicientes,
953 526 1057 594 omnia
1076 525 1239 612 priuilegia
1259 529 1294 592 et
1314 542 1421 592 omncs
1440 524 1603 592 libertates
1622 541 1702 608 quas
1719 542 1740 590 a
1756 521 1846 590 nobis
1867 528 1901 590 ct
1914 540 1934 589 a
1948 520 2045 589 inette
2059 525 2166 589 nostro
2180 519 2231 604 pic

616 615 621 625 ⁴
696 626 845 695 memorio
865 627 944 696 duco
966 629 1113 697 Premislo
1136 631 1168 697 in
1189 628 1332 697 omnibus
1360 626 1586 696 hereditatibus
1614 644 1697 694 nuuc
1719 625 1845 708 habitis,
1867 630 1924 692 aut
1942 626 1975 692 in
1994 622 2100 692 iuturo
2117 641 2157 690 ex
2175 621 2231 689 do-

696 731 828 799 nacione
844 730 996 801 bonorum
1016 734 1175 802 hominnm
1196 731 1348 802 habendis
1369 731 1584 812 obtinuerout,
1611 729 1746 797 fideliter
1770 735 1884 796 cuncta
1908 727 2137 808 confirmantes,
2159 744 2232 811 pre·

697 833 780 900 senti
800 835 960 904 autentico
977 836 1156 904 solemniter
1176 835 1369 903 sanxivimus
1390 834 1500 901 cidem.
1544 832 1592 901 Ut
1611 832 1709 918 im'tur
1727 830 1832 898 nullus
1852 831 1886 898 in
1907 838 2066 916 posterum
2084 847 2163 898 ausu
2184 834 2233 894 te·

697 937 833 1004 merorio
854 935 963 1005 frivole
984 937 1135 1006 obviando
1154 958 1228 1023 sepe
1249 937 1442 1006 nominatum
1473 937 1698 1004 monasterium
1721 934 1762 1002 de
1789 934 1849 1002 boc
1871 934 1991 1002 cambio
2016 938 2050 1001 et
2070 930 2233 1001 confirma·

698 1037 787 1108 done
803 1039 985 1107 libertatum
1003 1057 1041 1108 ao
1060 1040 1245 1109 iudiciorum
1266 1048 1428 1127 presumat
1448 1040 1625 1121 molestare,
1652 1056 1780 1122 presens
1800 1037 1953 1123 scriptum
1974 1053 2122 1121 supereo
2142 1035 2234 1101 inssi·
2358 1034 2365 1063 ¹

698 1159 769 1210 mus
791 1141 944 1210 conscribi
966 1147 1000 1209 et
1027 1142 1122 1226 sigilli
1146 1145 1247 1211 nostri
1274 1144 1465 1228 inpressione
1494 1140 1649 1223 roborari,
1677 1140 1812 1208 testibus
1840 1140 2058 1208 nichilominus
2086 1136 2235 1206 adhibitis
2360 1164 2365 1236 ss

698 1263 832 1330 quornm
853 1245 911 1313 hee
931 1250 1006 1312 snut
1025 1247 1164 1315 nomina:
1194 1248 1385 1316 Eustochiae
1415 1246 1522 1328 iudex,
1552 1245 1695 1313 Andreas
1716 1243 1823 1326 index,
1848 1242 2004 1311 lohannes
2032 1239 2235 1311 eomundus
2359 1249 2366 1341 ξ

698 1352 816 1430 ιιιιιιιιιι,
835 1346 993 1415 Martinus
1015 1349 1200 1418 castellanus
1222 1350 1262 1419 de
1281 1349 1453 1435 Sturigrod,
1470 1365 1574 1416 comes
1596 1345 1804 1431 Bedigostins,
1825 1345 1981 1415 Iohnnnes
2001 1344 2085 1413 lilius
2105 1342 2236 1411 iliconis
2361 1348 2366 1417 ἶ

699 1453 734 1516 et
751 1449 807 1517 alii
827 1468 923 1535 quam
944 1450 1058 1536 plures
1104 1453 1187 1521 dcte
1214 1453 1345 1521 suntin
1370 1453 1495 1521 Pounnn
1522 1469 1605 1519 anno
1633 1450 1786 1517 dominice
1813 1449 2046 1519 lucarnacionis
2072 1446 2237 1516 millesimo

699 1550 1915 1641 nonnemomememooreo,aexou0ms1nn1nureo0nemxu
2358 1532 2368 1569 ⁶

802 1723 985 1810 Ριιιιῑιιε,
1014 1733 1165 1810 emsa.
1201 1727 1385 1811 chrumno,
1419 1733 1614 1815 mzpem.
1650 1725 1816 1807 Quotuvo,
1847 1727 1980 1800 norm,
2009 1726 2105 1789 oneo
2133 1722 2238 1786 mara
2360 1708 2368 1805 'i

700 1847 729 1893 u
748 1830 865 1911 Μία]
885 1849 922 1894 nt
942 1831 1120 1911 mmet,
1141 1832 1208 1896 dztl
1228 1833 1327 1918 oljpta
1347 1853 1374 1894 ro
1401 1834 1532 1913 Olendrp
1553 1831 1753 1917 qurorrekie.
1775 1824 1996 1908 Olbrnchtovc,
2018 1829 2111 1891 orode
2131 1827 2239 1890 zacheo
2361 1812 2368 1871 ἵ

701 1950 730 1996 n
745 1934 861 2015 noum
881 1953 918 1998 ιι
933 1935 1033 2022 repr.
1053 1932 1215 2018 emoneo,
1235 1939 1343 2000 leaeo
1368 1937 1523 2002 moues
1552 1931 1704 2016 smero,
1728 1935 1839 1998 moon
1862 1929 2036 2016 suumn,
2057 1927 2237 2011 bernw·
2362 1951 2369 2054 ἑ

1367 2232 1441 2320 Νι.
1471 2227 1573 2318 409.

649 2497 654 2507 .
685 2429 689 2437 ’
807 2423 979 2512 llrbanns
1006 2425 1069 2532 l’p.
1085 2426 1141 2512 Π
1166 2429 1303 2512 1263
1328 2428 1411 2513 lieo
1428 2432 1473 2526 9,
1498 2429 1598 2533 apud
1623 2425 1759 2511 Urbem
1781 2427 1958 2528 nehrcm3
1981 2439 2146 2510 commeo
2166 2459 2240 2510 eon
2366 2378 2373 2388 ’

704 2545 877 2615 oessionem
896 2547 974 2618 iuris
994 2553 1180 2635 patronatus
1200 2549 1235 2616 in
1255 2548 1405 2632 bospitsli
1425 2549 1602 2617 Gnmnensi
1621 2546 1779 2632 quondum
1793 2565 1814 2615 a
1826 2547 1906 2614 duce
1919 2543 2075 2628 Boleslno,
2095 2549 2129 2612 et
2142 2545 2242 2630 ipsiius

704 2648 871 2736 hospitalis
892 2669 963 2721 cnm
983 2651 1227 2738 possessionibus
1249 2652 1389 2720 eiusdem
1410 2672 1431 2720 a
1451 2651 1482 2720 b.
1502 2671 1545 2720 nn
1566 2651 1706 2721 ibicone
1726 2649 1960 2736 umbiepiscopo
1984 2647 2171 2732 (hennensi,
2191 2666 2242 2716 ec·
2368 2654 2375 2749 ζ

704 2750 820 2822 ιὶοιίω
839 2752 986 2822 dominici
1006 2752 1169 2839 Sepulchri
1190 2755 1223 2821 in
1244 2753 1398 2823 bilecbdrr
1418 2754 1544 2825 factm

808 2858 971 2925 unone.
996 2860 1160 2924 nemu
1178 2877 1250 2940 pap.
1272 2859 1348 2925 roe.

808 3023 958 3095 Urbanus
978 3027 1141 3115 episcopus
1167 3044 1275 3096 servus
1305 3045 1466 3096 servorum
1491 3026 1566 3112 Dei,
1593 3026 1718 3096 dilectis
1744 3026 1819 3096 liliis
1847 3027 2007 3112 preposito
2034 3031 2069 3097 et
2095 3024 2244 3094 iratribus
2371 3032 2379 3096 i

705 3125 826 3196 Domus
856 3128 1093 3200 Miecboviensis
1123 3130 1166 3198 ad
1195 3127 1359 3199 ecclesium
1387 3129 1536 3198 dominici
1573 3127 1716 3215 Sepulcri
1750 3121 2029 3217 Hierosolymitnni
2061 3129 2245 3216 spectantis,
2376 3186 2379 3191 .

706 3230 834 3300 Ordinis
854 3234 956 3301 sancti
977 3233 1155 3320 Augustini,
1178 3231 1394 3302 Gracoviensis
1412 3231 1554 3316 diocesis,
1573 3232 1708 3301 mlnoem
1721 3239 1755 3301 et
1768 3235 1973 3319 apostolicam
1987 3232 2244 3301 benedictionem

706 3332 804 3402 Iustis
824 3337 999 3421 petentium
1016 3336 1178 3404 desideriis
1199 3334 1328 3420 dignum
1348 3340 1398 3404 est
1418 3353 1476 3402 nos
1501 3334 1625 3403 fenilem
1647 3335 1777 3421 prebere
1798 3355 2000 3421 consensum,
2026 3341 2061 3404 et
2085 3341 2161 3404 vota
2184 3353 2246 3420 que

707 3436 878 3505 arationis
904 3440 1031 3507 tramite
1054 3457 1117 3506 non
1145 3437 1335 3519 dominam,
1357 3437 1471 3507 ellectu
1490 3443 1698 3522 prosequente
1718 3439 1880 3525 complere
1925 3439 2005 3508 cum
2029 3439 2136 3524 igitm,
2164 3439 2247 3506 dont

707 3539 821 3625 petitio
837 3545 945 3609 vestre
964 3542 1054 3609 nobis
1075 3540 1215 3609 exhibita
1235 3538 1426 3636 continebat,
1444 3539 1558 3608 nobilis
1578 3540 1628 3608 vir
1648 3540 1818 3610 Boleslans·
1831 3548 1866 3611 et
1885 3543 2043 3627 quondam
2061 3542 2159 3610 buter
2172 3541 2247 3610 Pre-

707 3642 812 3712 mislui
833 3643 921 3712 dnus
939 3645 1130 3712 (incunensis
1151 3643 1191 3711 de
1213 3661 1367 3711 consensu
1387 3643 1467 3711 bone
1488 3644 1638 3712 memorie
1653 3643 1801 3712 Fuloonis
1814 3645 2041 3731 mebiepheopi
2054 3645 2248 3714 (in-ensis

707 3744 759 3813 lun
779 3751 979 3843 mnemon!
988 3747 1071 3832 quod
1090 3746 1247 3814 hebebant
1266 3747 1299 3814 in
1318 3746 1467 3832 hospitali
1487 3748 1520 3814 in
1541 3747 1682 3831 Gumnu,
1703 3753 1737 3816 et
1755 3747 1840 3816 idem
1857 3750 2109 3836 archiepiscopus
2128 3747 2249 3815 dictum

708 3846 864 3934 hospitale
885 3842 957 3918 cum
974 3851 1115 3932 decimis,
1143 3851 1247 3931 terris,
1270 3848 1527 3933 possessionibus,
1548 3851 1727 3920 hominibus
1747 3851 1863 3921 ibidem
1885 3853 1920 3921 in
1940 3852 2106 3922 chchova
2125 3869 2248 3919 moren-

708 3949 804 4035 tlbns,
822 3951 997 4020 redditibus
1011 3958 1044 4020 et
1059 3952 1130 4020 aliis
1151 3952 1272 4019 iuribus
1293 3957 1327 4019 et
1347 3953 1547 4036 pertinentiis
1566 3956 1632 4024 suis
1652 3961 1748 4039 prout
1768 3956 1933 4042 spectabat
1951 3956 1994 4024 ad
2013 3976 2096 4039 enm,
2116 3956 2166 4025 sui
2188 3953 2249 4023 On·

708 4055 803 4141 pituli
824 4055 864 4123 nd
885 4057 918 4124 id
939 4058 1105 4125 accedente
1126 4075 1289 4139 consensu,
1318 4056 1406 4124 vobis
1428 4067 1461 4124 et
1482 4076 1539 4142 per
1559 4076 1614 4125 vos
1634 4059 1751 4127 Domui
1767 4065 1871 4127 vestre
1892 4060 1947 4144 pia
1966 4066 2001 4129 ct
2020 4059 2150 4144 provida
2169 4057 2248 4125 deli·
2382 4039 2386 4047 ’

708 4157 871 4227 bentiom
891 4159 1039 4229 duxerint
1060 4159 1263 4242 concedenda,
1286 4161 1369 4228 sicut
1383 4160 1416 4227 in
1431 4161 1531 4227 literis
1551 4160 1625 4227 inde
1640 4161 1789 4230 confectis
1810 4163 1928 4230 diuitem
1943 4162 2066 4247 plenius
2082 4161 2248 4229 contineri:

709 4280 768 4331 nos
790 4264 903 4331 restris
924 4263 1201 4349 supplicationibus
1227 4264 1386 4346 inclinati,
1408 4264 1638 4332 concessionem
1663 4265 1855 4347 huiusmodi,
1881 4267 1965 4333 sicut
1986 4266 2039 4349 pie
2064 4284 2102 4333 oc
2121 4263 2251 4348 procide

709 4364 795 4434 bots
815 4373 874 4448 est,
895 4372 999 4434 ratem
1016 4386 1053 4435 ac
1074 4367 1195 4434 firmum
1217 4366 1377 4448 habentes,
1400 4386 1469 4435 eam
1490 4367 1679 4436 auctoritate
1697 4368 1872 4453 apostolica
1893 4369 2112 4437 confirmemus
2133 4373 2167 4436 et
2179 4386 2250 4451 pre·

710 4469 810 4537 sentis
831 4469 942 4552 scripti
963 4471 1135 4553 patrocinio
1157 4469 1394 4551 commuuimus,
1416 4470 1502 4536 salve
1520 4470 1555 4536 in
1575 4469 1725 4552 predictis
1745 4471 1960 4540 moderatione
1978 4471 2110 4540 Gondlii
2123 4489 2251 4557 genera·

709 4569 760 4639 l'm
804 4570 892 4638 Nulli
921 4590 996 4656 ergo
1021 4573 1145 4639 omnino
1175 4570 1336 4638 hominum
1359 4572 1454 4639 liceat
1479 4570 1559 4638 hunc
1579 4572 1725 4656 paginam
1747 4580 1855 4642 nostre
1877 4574 2122 4643 confirmetionis
2143 4573 2253 4641 inirin-

710 4692 785 4760 gere
805 4673 855 4741 vel
873 4674 903 4741 ei
921 4692 1001 4741 ausu
1023 4673 1187 4740 temerario
1218 4675 1384 4741 contraire.
1428 4672 1554 4758 Siquis
1579 4679 1686 4740 autem
1712 4675 1771 4744 hoc
1797 4683 1989 4762 attemptare
2017 4677 2251 4763 presumpserit,

711 4776 957 4862 indignationem
978 4777 1199 4861 omnipotentis
1221 4776 1280 4844 Dei
1302 4782 1336 4845 et
1355 4776 1519 4844 beaterum
1540 4775 1627 4843 Petri
1649 4783 1684 4844 ct
1703 4778 1794 4846 Pauli
1814 4781 2029 4865 apostolorum
2057 4780 2125 4848 eius
2144 4798 2179 4847 se
2197 4797 2253 4846 no-

711 4880 793 4948 verit
811 4880 1017 4949 incursurum.
1047 4880 1163 4948 Datum
1176 4879 1261 4964 apud
1280 4878 1400 4947 Urbem
1415 4885 1552 4947 veterem
1570 4877 1600 4945 V
1623 4879 1697 4949 idus
1718 4882 1909 4969 Decembris,
1927 4884 2130 4970 pontificatus
2150 4881 2251 4951 nostri

712 5000 795 5052 enno
817 4983 922 5051 tertio.

665 5129 667 5134 ’
816 5154 1063 5239 bilechovicnsis,
1083 5160 1121 5223 de
1140 5158 1292 5222 Hicetaon.
1329 5156 1501 5241 Zilcchova,
1524 5159 1725 5225 Zdzieehouo.
