4860 6180
1836 315 1911 394 445

365 515 462 586 atium
483 517 601 586 sanctis
622 516 698 586 viris
717 517 749 586 in
771 537 871 602 agam
884 516 978 586 liuius
993 514 1088 585 seculi
1107 515 1311 597 certantibus,
1334 514 1530 602 opportunis,
1553 517 1761 601 perversitate
1775 516 1911 602 qualum
1938 573 1941 578 .

363 619 520 689 diabolica
540 620 689 704 invidere,
712 622 857 691 videlicet
877 623 1038 688 musarum
1060 626 1094 686 et
1114 639 1259 705 agrorum
1281 620 1494 704 dissipatores,
1516 618 1758 703 depopulatores
1781 639 1837 686 seu
1857 619 1911 685 de·

364 727 538 790 structores
559 730 728 790 nocturnos
747 731 781 791 et
801 725 940 805 diurnas,
963 722 1104 807 publicos
1124 729 1158 790 et
1179 724 1328 806 occultos,
1351 723 1681 790 excommunicationis
1694 723 1852 791 sententia
1865 723 1913 788 iu·

362 824 530 908 nollemus3
551 845 573 892 a
593 845 666 910 qua,
689 834 855 913 postquam
878 826 1088 893 satisfecerint
1108 824 1256 892 damnum
1278 827 1388 910 passis,
1411 830 1445 892 et
1464 824 1504 891 dc
1525 823 1659 909 publicis
1682 825 1825 892 idoneam
1841 845 1912 911 prc-

363 929 507 996 stitarint
528 930 715 1011 cautionem,
738 930 823 1014 quod
845 930 960 996 similia
981 929 1020 995 de
1041 934 1145 996 cetero
1166 945 1229 994 nou
1245 928 1453 1009 committent,
1475 928 1603 993 valeant
1621 946 1641 992 a
1660 927 1725 992 suis
1739 926 1913 994 diocoeanis

365 1030 519 1115 episcopis
540 1030 631 1097 iuxta
651 1031 784 1098 formam
803 1032 942 1098 Ecclesia
961 1036 1142 1098 consuetam
1160 1029 1367 1096 absolutionis
1388 1029 1572 1096 bevrchcium
1594 1028 1745 1096 obtinere

472 1136 601 1199 mdo
622 1141 816 1200 ecclesianam
837 1141 908 1198 iura
928 1142 958 1198 et
982 1139 1151 1213 numenio.
1196 1131 1299 1211 Quum
1318 1133 1524 1199 universalem
1547 1132 1720 1199 Ecclesiam
1735 1148 1830 1214 quam
1852 1129 1912 1196 sibi

367 1233 560 1320 Redemptor
581 1240 689 1302 noster
710 1255 767 1305 suo
788 1237 940 1321 sanguine
962 1235 1129 1319 copulavit,
1152 1234 1202 1300 cui
1224 1234 1368 1301 Itanum
1389 1234 1521 1302 ecclesia
1542 1233 1620 1301 adeo
1643 1232 1787 1316 specialis
1801 1239 1836 1299 at
1849 1234 1913 1299 sin·

364 1336 484 1421 gularis
504 1338 731 1422 preemincutia
749 1340 903 1424 privilegii
925 1343 975 1406 est
995 1337 1127 1422 prelata,
1149 1336 1232 1420 quod
1248 1342 1350 1403 mater
1363 1336 1408 1402 sit
1421 1337 1560 1403 omnium
1575 1341 1608 1403 ct
1622 1335 1784 1419 magistra,
1799 1335 1914 1418 ipsius·

366 1456 428 1522 que
448 1440 572 1524 prelati,
594 1441 782 1524 mcenlotas,
805 1442 920 1523 clerici,
942 1441 1007 1507 sint
1031 1445 1149 1523 putres,
1172 1446 1316 1522 pastores
1345 1446 1379 1506 et
1405 1439 1525 1506 iudices
1549 1439 1724 1505 animarum
1753 1437 1914 1520 religionis

364 1538 552 1619 christicole
577 1560 673 1627 snper
693 1562 782 1628 regas
804 1549 838 1611 ct
859 1544 982 1627 reginas
1003 1540 1153 1607 dimnitus
1171 1540 1314 1623 exaltati,
1336 1541 1500 1625 dictosque
1520 1540 1660 1625 prelatos
1681 1544 1835 1606 sacrosan
1855 1539 1914 1605 mi-

364 1643 489 1727 nistros,
512 1643 626 1728 quibus
646 1652 788 1730 potestas
808 1645 925 1729 ligandi
947 1649 1043 1727 atque
1064 1643 1204 1710 solvendi
1224 1643 1385 1709 animosa
1405 1642 1609 1709 Domincest
1638 1658 1794 1721 conemsa,
1825 1658 1914 1724 reges

364 1747 425 1831 ipsi
444 1750 478 1815 et
495 1748 652 1832 principes
670 1767 708 1815 ac
729 1747 837 1815 fideles
858 1748 966 1833 populi
988 1746 1160 1814 Christiani
1187 1746 1342 1813 honorare
1365 1751 1462 1829 atque
1488 1744 1624 1810 revereri
1650 1762 1709 1828 pro
1737 1744 1913 1811 animuum

364 1855 532 1917 tenmuhrr
552 1850 671 1918 salutm
693 1851 828 1918 multum
849 1849 989 1935 profecto
1003 1866 1184 1934 presumere
1209 1866 1247 1915 ac
1274 1849 1446 1915 enormiter
1471 1845 1621 1914 excedere
1648 1851 1733 1912 suut·
1756 1844 1913 1927 censendi,

363 1952 541 2019 iimaxime
554 1949 616 2036 'qui
636 1952 815 2038 gloriantur
834 1953 961 2020 nemine
982 1950 1174 2034 Christiano,
1201 1949 1299 2034 quum
1321 1950 1468 2017 ecclesias
1490 1949 1527 2016 et'
1545 1948 1696 2034 personas
1716 1948 1914 2015 'acclaiasu-
1975 1949 1991 1955 ”

364 2071 427 2136 cas,
449 2052 625 2137 quibusda
646 2055 735 2123 bouis
756 2055 816 2123 sibi
836 2075 858 2122 a
878 2056 946 2123 Deo
966 2056 1050 2123 caus
1071 2073 1200 2140 megara
1219 2073 1337 2138 easque
1357 2055 1423 2121 suis
1445 2053 1669 2120 favorabilibus
1687 2051 1860 2136 privilegiis
1881 2058 1915 2119 et

365 2155 616 2225 immanitatibus
636 2160 825 2242 premonita
845 2165 942 2242 atque
961 2157 1003 2226 ab
1023 2159 1155 2240 iniuriis,
1178 2158 1303 2225 damnis
1324 2175 1380 2224 seu
1400 2155 1559 2223 violentiis
1578 2173 1635 2221 sue
1657 2154 1827 2239 potestatis
1842 2153 1914 2223 bra·

364 2256 434 2325 chio
451 2255 615 2327 defensare
636 2265 794 2343 teumtnr,
817 2280 873 2345 par
891 2266 1024 2343 statuta
1046 2261 1160 2341 micea
1182 2260 1424 2342 coniurationes,
1449 2256 1728 2339 confederationes,
1755 2258 1915 2342 conspira-

365 2361 476 2444 tiones,
499 2361 724 2446 coll'gatioues,
744 2363 990 2430 machinationes
1016 2362 1130 2430 acilas
1154 2361 1206 2428 vel
1232 2379 1407 2446 expressas,
1434 2359 1484 2425 val
1511 2359 1575 2426 aba
1602 2360 1693 2427 varia
1719 2358 1915 2427 diversorum

364 2463 580 2545 gravaminum
604 2483 720 2550 genera
748 2465 944 2549 perturbant,
971 2465 1159 2549 inquietant,
1188 2464 1372 2549 opprimunt
1397 2464 1447 2530 vel
1469 2463 1650 2545 molestant,
1679 2481 1737 2530 scu
1767 2463 1915 2530 ecclesias

366 2563 452 2648 ipsas
473 2571 532 2634 aut
552 2566 635 2634 bona
656 2567 794 2651 ipsarum
815 2568 865 2636 vel
879 2566 1161 2636 emissusticarum
1176 2585 1381 2652 personarum
1402 2566 1453 2632 vel
1472 2566 1543 2632 iura
1561 2566 1702 2650 ipsarum
1721 2565 1914 2650 occupando,

364 2665 539 2735 invadendo
559 2667 610 2736 val
631 2669 671 2736 de
692 2669 776 2737 facto
796 2670 936 2737 indebite
956 2669 1135 2752 aufcmndo,
1158 2676 1218 2737 aut
1238 2670 1272 2736 in
1292 2671 1379 2754 ipsus
1393 2669 1540 2736 ecclesias
1554 2673 1589 2734 et
1602 2668 1830 2735 ecclesiasticas
1844 2687 1916 2752 per-

364 2786 457 2836 sonas
478 2788 536 2838 seu
555 2769 639 2838 bona
658 2772 808 2855 ipsarum,
830 2790 892 2856 que
913 2771 1041 2839 subesse
1062 2790 1124 2839 uon
1143 2771 1259 2840 debent
1279 2771 1401 2856 legibus
1421 2777 1456 2838 et
1475 2769 1631 2837 iudicibus
1653 2770 1815 2851 laicorum,
1844 2771 1916 2840 iura

294 2935 297 2939 ,
364 2869 414 2937 vcl
434 2871 535 2956 magis
554 2871 687 2940 iuiudas
708 2873 876 2941 statuendo
896 2874 946 2940 vel
966 2874 1133 2941 iudicando
1151 2874 1297 2958 deipsis,
1318 2879 1417 2957 atque
1438 2890 1561 2957 queque
1582 2872 1647 2940 alic
1660 2873 1694 2938 iu
1708 2873 1915 2958 prciudicium

364 2978 399 3039 et
418 2991 587 3056 gravamen
605 2975 806 3043 ecclesiarum
829 2980 863 3043 et
880 2995 1084 3060 personarum
1103 2979 1242 3061 ipsanrlh
1264 2976 1404 3060 quelibet
1425 2975 1644 3060 presumendc.
1687 2973 1755 3042 Nos
1774 2975 1916 3043 volentes

364 3076 539 3144 animuum
560 3077 658 3144 saluti
675 3077 825 3144 laieorum
846 3079 986 3162 ipsorum
1002 3097 1123 3146 amnon
1145 3078 1348 3147 ecclesiamm
1365 3083 1400 3144 et
1413 3095 1619 3162 personarum
1633 3077 1916 3146 ecclesiasticarum
2003 3063 2006 3070 ’

364 3178 535 3263 privilegiis
556 3183 589 3246 et
610 3179 863 3247 immunitatibus
883 3187 994 3249 couba
1008 3181 1186 3248 huiusmodi
1207 3183 1391 3266 gravamina
1411 3186 1445 3248 et
1464 3181 1548 3248 mala
1569 3179 1748 3248 salubribus
1769 3181 1916 3249 mmediis

364 3278 537 3364 providere,
566 3285 691 3348 sumta
715 3282 811 3364 edita,
841 3283 1081 3366 muiurationes,
1108 3285 1365 3369 conspirationes,
1392 3283 1670 3365 confederationes,
1697 3283 1915 3367 obligationes,

339 3380 614 3456 machinationes
635 3385 750 3452 tacitas
770 3385 821 3453 vel
842 3404 1005 3471 expressas
1026 3393 1060 3454 ct
1084 3387 1149 3455 alia
1169 3405 1366 3473 quacumque
1394 3385 1589 3455 diversorum
1617 3386 1834 3471 gravaminum
1858 3406 1917 3472 ge-
2022 3430 2032 3444 -

364 3501 442 3551 nera
462 3484 513 3551 his
531 3485 657 3569 similis,
679 3505 737 3554 nec
759 3506 822 3556 uon
844 3489 1029 3571 iuramenta,
1051 3489 1259 3574 obligationes
1280 3509 1338 3558 seu
1357 3491 1581 3576 promissiones
1610 3508 1706 3574 super
1730 3490 1916 3557 aemuone

365 3605 421 3654 seu
442 3587 659 3656 observatione
679 3589 829 3674 ipsarum,
851 3612 872 3659 a
894 3592 1036 3676 quolibet
1055 3592 1136 3661 inita
1155 3595 1222 3661 sive
1249 3593 1383 3677 prestita
1404 3598 1438 3660 et
1465 3593 1537 3660 aliis
1558 3593 1807 3677 quibuscumque
1827 3593 1917 3678 penis

364 3689 491 3772 vallata,
513 3709 674 3760 cassam
695 3699 729 3761 et
749 3694 920 3776 irritamus,
943 3701 978 3762 et
995 3715 1085 3764 cossa
1104 3702 1138 3764 et
1150 3696 1245 3763 irrita
1258 3694 1455 3776 nunciamus,
1476 3694 1680 3762 decernentes
1694 3693 1766 3762 illos
1780 3695 1822 3761 ad
1842 3713 1914 3762 exe·

366 3791 523 3860 cntionem
544 3812 600 3860 seu
621 3793 663 3861 ad
685 3795 933 3865 observationem
956 3798 1068 3865 talium
1086 3818 1149 3865 non
1173 3799 1283 3867 teneri.
1327 3797 1373 3864 Et
1392 3817 1434 3865 ne
1456 3797 1568 3865 talium
1589 3795 1777 3865 detestanda
1790 3815 1916 3881 perver-

365 3894 444 3960 sitas
465 3900 607 3963 transeat
627 3897 792 3982 impunita,
815 3917 923 3967 omnes
945 3908 979 3968 et
999 3900 1139 3985 singulos
1160 3901 1216 3986 qui
1238 3901 1271 3967 iu
1292 3899 1444 3984 predictis
1470 3901 1536 3967 sive
1566 3899 1780 3985 predictorum
1811 3897 1918 3981 aliquo

365 3995 517 4064 hactenus
538 4006 739 4067 acesserunt
758 4003 956 4070 macedando
977 4009 1011 4071 et
1031 4002 1199 4071 statumdo
1224 4003 1273 4070 val
1295 4002 1470 4069 ordinando
1492 4002 1643 4086 predicta,
1665 4001 1726 4068 nisi
1742 3999 1826 4067 infra
1838 4000 1918 4068 duos

365 4116 487 4167 meuses
508 4106 676 4185 postquam
696 4103 742 4169 eis
763 4103 986 4172 denunciatum
1006 4104 1103 4173 fuerit
1120 4124 1178 4190 par
1197 4105 1337 4190 prelatos
1359 4105 1408 4170 vel
1435 4104 1514 4172 alios
1544 4122 1767 4188 quoscumque,
1794 4109 1919 4171 statuta

365 4200 450 4267 edita
472 4220 530 4270 nec
550 4221 614 4270 non
636 4205 782 4271 universa
801 4201 985 4289 gravamina
1005 4209 1186 4293 supradicta
1208 4208 1432 4288 revocaverint,
1454 4206 1628 4274 deleverint
1656 4212 1753 4289 atque
1774 4224 1918 4274 cassave-

367 4303 441 4384 rint,
462 4299 512 4371 v'el
533 4304 573 4372 de
595 4312 699 4373 cetero
720 4307 799 4374 talia
819 4309 921 4393 alere,
943 4316 1083 4376 statuere
1105 4310 1154 4376 vel
1175 4309 1322 4376 ordinare
1342 4309 1601 4404 presumpserint,
1624 4315 1681 4375 aut
1702 4309 1917 4374 statuentibus

366 4422 422 4472 seu
443 4407 661 4475 ordinantibus
680 4411 856 4492 consilium,
878 4413 1030 4479 sardium
1051 4419 1085 4479 et
1105 4413 1242 4479 favorem
1272 4412 1460 4496 impendere,
1487 4417 1545 4479 cut
1568 4411 1646 4479 talia
1672 4412 1838 4479 observare
1866 4412 1918 4478 vel

365 4506 524 4575 observari
545 4507 648 4577 facere
665 4515 923 4598 presumpserint,
945 4515 1275 4582 excommunicationis
1296 4515 1485 4582 mamutium
1510 4514 1668 4582 incurrere
1680 4514 1825 4581 volumus
1846 4514 1917 4598 ipso

367 4607 460 4693 facto,
479 4612 620 4696 ipsorum
642 4621 676 4682 et
696 4615 832 4682 tiliorum
856 4617 937 4683 lilios
959 4617 999 4683 ad
1022 4617 1224 4684 obtinendum
1253 4618 1381 4701 aliquod
1406 4615 1590 4685 benchmum
1616 4617 1862 4685 ecclesiasticum
1884 4618 1918 4684 in

366 4729 461 4796 regno
482 4720 516 4780 et
536 4715 608 4781 aliis
631 4717 724 4784 terris
746 4725 854 4784 nostre
875 4719 1022 4802 legationi
1044 4719 1204 4800 subiectis,
1226 4720 1286 4786 nisi
1306 4719 1389 4786 forte
1411 4719 1443 4786 in
1465 4720 1609 4788 domibus
1630 4720 1797 4804 regalibus,
1817 4721 1918 4789 donec

366 4813 442 4881 dicti
463 4817 648 4885 excedentes
670 4822 774 4886 omnia
796 4821 937 4904 prodicta
958 4822 990 4887 in
1016 4821 1128 4906 quibus
1144 4822 1336 4889 excesserint
1348 4823 1573 4905 revocaverint,
1596 4827 1629 4888 ct
1644 4822 1783 4889 ecclesiis
1797 4827 1832 4890 ct
1847 4841 1918 4906 pcr-

369 4917 454 4984 souis
474 4919 695 4989 ecclesiasticis
712 4922 753 4988 orl
776 4923 958 4991 nrandatum
981 4924 1121 4991 lhclesie
1146 4923 1186 4990 de
1207 4924 1352 4992 omuibus
1373 4924 1497 4991 (lamnis
1515 4929 1548 4991 et
1570 4923 1697 4991 eliensis
1718 4943 1799 5009 quas
1821 4924 1919 4993 cccle-

367 5017 413 5085 sic
433 5027 467 5087 et
488 5022 697 5089 ecclesiastica
719 5042 851 5107 persone
872 5026 1034 5092 occasione
1056 5025 1262 5093 incurrissent
1282 5026 1424 5112 prodicta
1446 5023 1667 5110 satisfecerint,
1689 5027 1843 5095 irritabiles
1863 5028 1917 5095 da·

367 5123 535 5205 cemend03
554 5132 587 5191 et
608 5126 663 5210 qui
686 5125 796 5193 talium
819 5127 893 5193 liliis
912 5127 962 5194 vel
984 5127 1150 5211 nepotibus
1172 5134 1248 5194 ante
1268 5128 1516 5197 satisfactionem
1531 5131 1717 5213 condignam
1732 5130 1917 5199 beneficium

366 5225 610 5295 catafaticam
631 5228 768 5296 scienter
789 5230 929 5297 conferve
947 5231 1204 5315 prusurnpserint,
1226 5249 1282 5298 scu
1304 5251 1413 5298 uorum
1430 5233 1553 5316 aliquos
1575 5233 1614 5300 nd
1637 5234 1745 5317 aliqua
1767 5234 1918 5304 mnchcia
