4476 6180
1809 481 1883 572 idi

284 777 289 786 ,
338 695 437 773 citum
458 700 577 771 domini
599 702 746 788 episcopi,
768 692 962 788 prelatorum
983 707 1016 770 et
1037 698 1269 783 cunonioomm,
1289 694 1323 769 iii
1345 701 1512 786 sepedictis
1534 700 1618 769 viliis
1632 704 1666 768 ot
1679 698 1757 766 locis
1770 696 1888 764 iuemnt

340 807 445 890 locuti,
472 827 530 893 per
559 807 669 874 terras'
691 814 816 874 nostins
846 811 880 873 et
903 825 1003 890 aquas
1024 825 1093 874 cum
1117 806 1326 873 mercimoniis
1348 811 1559 887 transeuntes,
1581 805 1622 871 ab
1643 803 1729 870 omni
1751 799 1889 868 thelonei

340 910 504 980 exactione
533 909 623 977 liberi
654 916 747 977 ciunt
777 909 903 992 penitas
931 913 964 976 ct
985 908 1153 989 insinues
1183 927 1247 976 non
1276 907 1476 975 obstantibus
1496 906 1668 990 privilegiis
1689 903 1834 972 omnibus
1855 906 1890 970 et

338 1012 556 1082 instrumentis
587 1013 686 1097 patris
716 1012 817 1079 nostri
850 1017 883 1078 et
914 1012 1047 1078 oliorum
1075 1012 1311 1096 progenitorum
1344 1017 1534 1091 nostrorum,
1566 1009 1625 1076 sub
1648 1028 1757 1076 eorum
1778 1005 1890 1091 sigillis

338 1115 498 1199 coniectis,
519 1137 581 1203 que
601 1115 709 1184 omnia
731 1119 765 1182 et
786 1114 910 1199 singula
932 1115 963 1180 in
985 1114 1184 1198 presentibus
1205 1132 1396 1194 nosocomus,
1412 1118 1446 1180 et
1460 1112 1657 1179 decernimus
1671 1129 1733 1177 non
1747 1109 1890 1177 obtinere

339 1218 460 1289 roboris
487 1219 683 1297 firmitatum
713 1235 775 1283 uon
797 1216 995 1285 obstantibus
1016 1216 1116 1282 eciam
1136 1216 1268 1283 statutis
1289 1221 1324 1282 et
1340 1212 1628 1295 constitutionibus,
1651 1211 1744 1280 iactis
1765 1212 1814 1280 sel
1834 1229 1891 1297 ρετ
1999 1281 2009 1298 ,

339 1341 396 1391 nos
417 1329 451 1390 et
472 1328 597 1389 nostros
619 1338 813 1387 successores
836 1320 1048 1403 inposterum
1070 1317 1230 1401 iaciendis,
1249 1323 1284 1384 et
1304 1337 1367 1385 non
1389 1318 1590 1386 obstantibus
1604 1316 1749 1385 omnibus
1764 1314 1891 1382 auxiliis

339 1425 417 1492 iuris
439 1424 580 1493 mnonici
603 1433 635 1490 et
657 1422 781 1506 iugalis,
803 1440 859 1505 per
878 1441 939 1505 que
960 1420 1114 1504 presentis
1136 1418 1212 1487 iacti
1233 1419 1364 1489 donacio
1385 1425 1420 1487 et
1451 1420 1649 1488 renunciatio
1670 1419 1774 1486 saliat
1794 1420 1893 1503 impe-

340 1528 411 1596 diri.
455 1529 571 1594 llctam
592 1526 624 1593 in
648 1525 811 1593 Cmsvicia
829 1543 912 1591 anno
934 1522 1061 1590 Domini
1083 1520 1341 1603 mccnxvin,
1364 1524 1577 1607 presentibus:
1603 1522 1730 1589 donnino
1761 1520 1893 1588 Sambo-

340 1629 389 1696 rio
419 1627 498 1696 duee
525 1628 720 1708 Pomoranie',
750 1627 880 1694 Matheo
899 1626 1052 1711 palatino,
1080 1625 1265 1692 Virchoslco
1284 1625 1387 1693 iudice
1406 1626 1492 1693 curie
1510 1633 1629 1707 nostre,
1651 1624 1747 1693 Petro
1767 1624 1893 1691 thesau-

341 1733 436 1815 rario,
459 1731 615 1798 Pii'bislao
637 1739 669 1798 et
691 1730 790 1798 Paulo
812 1727 963 1796 frutribus
984 1729 1077 1797 dictis
1091 1728 1272 1811 Weszelicz,
1295 1727 1425 1796 Rafaele
1447 1731 1533 1798 carie
1559 1735 1667 1796 nostre
1685 1728 1892 1810 cancellario,

341 1833 417 1901 Vita
438 1835 608 1918 preposito,
631 1833 764 1901 Alberto
786 1832 915 1913 deceno,
936 1831 1097 1915 Stephano
1116 1831 1346 1912 archidiacono,
1369 1831 1535 1899 Scadislao
1556 1832 1698 1914 custode,
1723 1830 1892 1898 Windisla·

339 1935 512 2018 vienaibus3
535 1937 673 2005 Iohanne
694 1937 865 2022 preposito,
888 1933 1005 2002 Goslao
1026 1934 1154 2017 decano,
1176 1934 1335 2019 Lipbnido
1356 1935 1586 2017 archidiacono,
1608 1934 1740 2003 Alberto
1755 1941 1893 2012 cantore,

341 2038 523 2122 venceslao,
554 2039 719 2122 Michaele,
747 2038 890 2120 ailberto,
917 2036 1067 2121 Iohanne,
1099 2036 1377 2121 cnusiciensibus,
1403 2039 1528 2107 etallis
1550 2037 1811 2124 quamplurimis
1832 2036 1895 2106 lide

341 2141 453 2229 duna

445 2348 724 2458 wladislaviensis,
747 2354 786 2414 de
812 2351 1009 2416 Wloclanel.

909 2702 983 2788 Ni.
1016 2699 1117 2789 609.
1166 2700 1322 2810 (mue)

445 2895 636 2982 boleslaus
663 2900 742 2984 dux
768 2899 917 2983 Polonie
951 2905 1087 2984 1269
1122 2900 1219 3006 Sept
1245 2911 1282 3000 1,
1313 2902 1357 2985 ia
1383 2897 1561 3004 drusiam
1582 2918 1749 2987 confirmat
1769 2918 1895 3004 prime

346 3037 409 3122 giu,
430 3054 511 3121 quae
531 3036 661 3105 dederat
681 3036 821 3106 eeclesiis
841 3038 882 3105 de
904 3037 1104 3107 Wloclasek
1126 3043 1160 3106 et
1180 3038 1363 3108 Kreusica
1385 3021 1648 3106 Zembmllliiull
1676 3022 1755 3106 dlix
1781 3020 1896 3127 Cllyb-

261 3251 274 3263 .
346 3139 410 3223 vlo
436 3139 999 3242 1268ed,indrusvicla

455 3262 645 3327 mosaice.
690 3265 815 3328 Archia
839 3265 978 3342 Capituli
1021 3266 1112 3330 Liber
1127 3269 1265 3346 privilcp.
1283 3269 1340 3345 sol.
1361 3267 1430 3333 d2o.

448 3482 613 3553 Boleslaus
641 3482 701 3552 Dei
729 3485 838 3569 gruem
863 3485 928 3554 dux
957 3486 1095 3570 Polonie,
1126 3487 1281 3556 universis
1301 3477 1418 3556 'sancte
1445 3488 1558 3556 manis
1586 3486 1729 3555 Ecclesie
1754 3485 1898 3554 fidelibus

351 3604 479 3671 presens
508 3588 659 3672 scriptum
688 3588 846 3656 audituris
874 3607 930 3656 sea
957 3590 1072 3657 esuris
1098 3591 1235 3658 salutem
1257 3591 1291 3658 ia
1318 3609 1365 3672 eo,
1391 3591 1447 3674 qai
1472 3597 1523 3658 est
1543 3591 1684 3659 omnium
1704 3609 1781 3658 sera
1801 3590 1894 3657 salus

346 3689 553 3759 Uuiseisitati
573 3693 678 3759 vestre
700 3698 809 3760 tenore
831 3695 1026 3778 presencium
1049 3700 1159 3761 notum
1180 3694 1424 3777 essevolumus,
1446 3694 1531 3778 quod
1553 3712 1623 3761 cam
1643 3695 1677 3760 in
1699 3693 1794 3778 plena
1814 3711 1898 3762 esse·

345 3811 416 3862 nius
444 3793 540 3861 castri
565 3798 599 3860 et
621 3794 698 3860 iuris
732 3795 915 3863 castellanie
943 3793 1159 3862 Omsficiensis
1184 3798 1390 3881 possessione,
1419 3794 1606 3863 venerabilis
1632 3804 1724 3880 pater
1753 3795 1899 3863 dominus

346 3894 398 3964 W.
422 3893 688 3963 Wlaeuaviensis
717 3898 846 3965 ecclesie
873 3899 1036 3983 episcopus
1063 3898 1175 3982 suique
1195 3899 1310 3982 prelati
1332 3899 1541 3966 communiter
1562 3903 1596 3965 et
1616 3899 1758 3967 canonici
1778 3899 1820 3965 ad
1840 3917 1899 3966 nos

345 3999 538 4082 accedentes,
568 3998 729 4066 humiliter
756 4001 845 4068 nobis
869 4019 907 4068 ac
935 4002 1045 4068 devote
1065 4002 1330 4086 supplicaverint,
1362 4008 1400 4068 ut
1418 4021 1476 4068 nos
1497 4020 1606 4069 omnes
1628 4001 1899 4070 wladislaviensis

347 4109 382 4172 et
403 4101 620 4172 Crusticiensis
646 4102 846 4171 ecciesiamm
875 4104 1021 4171 villarum
1041 4110 1074 4171 et
1096 4104 1235 4171 iocorum
1256 4105 1426 4173 eorundem
1448 4104 1621 4187 libertates,
1643 4124 1665 4172 ε
1685 4106 1899 4188 predictarum

348 4206 549 4276 ecclesiarum
572 4205 757 4273 fundacione
782 4205 822 4274 ab
844 4207 988 4274 omnibus
1009 4213 1042 4274 et
1063 4208 1195 4291 singulis
1213 4208 1355 4289 dacibus,
1382 4207 1530 4275 videlicet
1547 4213 1630 4274 terre
1650 4206 1788 4292 Cuyavie
1811 4208 1900 4275 liere-

348 4308 440 4377 dibus
468 4328 524 4377 sea
548 4309 790 4393 possessoribus,
817 4309 974 4392 obtentas,
1004 4317 1090 4377 ratas
1113 4311 1233 4395 ¹trabere
1255 4313 1455 4396 dignaremur
1475 4330 1514 4378 ac
1542 4311 1659 4376 uostris
1681 4312 1899 4378 instrumentis
2037 4297 2043 4308 ’

346 4412 479 4498 publicis
501 4412 693 4480 confirmare.
740 4413 806 4479 Nos
828 4432 901 4480 sero
923 4433 1030 4480 eorum
1052 4414 1223 4481 humilibus
1245 4421 1278 4481 et
1298 4415 1420 4483 devotis
1440 4414 1584 4498 precibus
1599 4414 1746 4481 alacriter
1759 4432 1898 4480 annuere

348 4515 519 4600 cupientes,
547 4514 587 4581 ad
617 4513 766 4582 horrorem
796 4517 1020 4600 omnipotentis
1049 4516 1107 4583 Dei
1133 4524 1168 4584 et
1186 4517 1278 4585 beate
1299 4519 1428 4602 virginis
1451 4518 1553 4586 Murie
1575 4522 1609 4585 et
1625 4517 1666 4584 ob
1688 4518 1900 4584 reverenciam

348 4617 433 4687 beati
453 4619 540 4688 Petri
562 4619 708 4704 apostoli,
732 4620 881 4703 inspectis
903 4621 1125 4704 predictoium,
1148 4622 1265 4689 domini
1287 4621 1425 4705 episcopi
1445 4622 1699 4705 prelatornmquc
1716 4626 1751 4687 et
1772 4621 1899 4688 canoni·

350 4740 468 4807 corum,
490 4725 613 4809 maguis
636 4723 773 4790 seisiciis
796 4724 885 4790 iiobis
904 4724 1072 4792 affectuose
1094 4726 1251 4808 impensis,
1274 4744 1381 4792 omnes
1403 4732 1436 4791 et
1456 4724 1781 4809 singulaslibertatns,
1797 4744 1817 4790 ε
1831 4725 1901 4809 qui·

347 4824 486 4894 buslibet
505 4827 647 4909 ducibus,
678 4826 844 4894 lierelibas
870 4828 991 4894 scilicet
1012 4834 1096 4894 terre
1119 4827 1258 4912 eupasia
1275 4847 1331 4894 seu
1351 4828 1592 4911 possessoribus,
1611 4828 1728 4894 eisdem
1750 4833 1784 4894 ct
1802 4827 1900 4894 eccle·

350 4928 405 4994 siis
426 4930 652 5013 prenominatis
674 4929 775 5012 datas,
799 4937 885 4995 ianas
907 4936 940 4994 et
961 4936 1067 5009 erutus
1084 4930 1244 5012 liabemus,
1260 4951 1314 4997 ens
1331 4938 1439 4998 teiiore
1460 4932 1655 5016 presencium
1670 4932 1900 4997 continuamus.

350 5031 395 5098 et
414 5051 454 5099 ne
474 5031 515 5097 de
533 5033 667 5101 illustris
691 5035 840 5118 principis
863 5034 1059 5100 Zeiiieiiiislni
1080 5034 1168 5099 illicis
1191 5033 1329 5117 cupane
1355 5035 1463 5100 lintris
1484 5036 1585 5101 nestri
1612 5035 1821 5116 libertatibus,
1845 5034 1901 5099 do·

349 5135 434 5203 mino
454 5136 609 5221 episcopm,
633 5138 761 5220 piulutis
782 5144 815 5203 et
837 5137 993 5203 canonicis
1017 5137 1216 5220 ecclesiisque
1236 5156 1360 5221 quoque
1387 5138 1567 5204 memoratis
1590 5137 1673 5203 datis
1702 5144 1736 5203 et
1755 5138 1897 5217 assigna·

349 5241 402 5324 tis,
428 5240 585 5325 aliquibus
619 5241 650 5306 iii
677 5248 836 5324 pasterum
861 5247 990 5324 psopter
1017 5240 1084 5305 eius
1111 5240 1304 5306 inseiitnteni
1335 5240 1465 5307 dubium
1492 5241 1541 5306 vel
1559 5240 1747 5323 ambientibus
1768 5241 1899 5321 emautur,

350 5361 404 5410 eris
435 5344 614 5429 specialiter
636 5344 867 5423 ciiiitiimniiiiis,
897 5349 1035 5408 tesimeni
1059 5343 1212 5426 privilegii
1234 5343 1275 5409 sb
1298 5344 1366 5426 ipso
1384 5344 1451 5409 ilciti
1477 5343 1648 5426 supindieti
1679 5342 1719 5407 de
1748 5343 1843 5409 serbo
1861 5342 1902 5408 nd

351 5445 478 5515 verbum
500 5445 698 5532 presentibus
720 5448 894 5515 inscientis
914 5447 946 5513 iii
969 5446 1025 5514 liec
1047 5447 1151 5514 cerba
1196 5453 1355 5526 (b'epin'iur
1377 5452 1509 5528 iliptonur
1533 5452 1586 5512 lb.
1609 5452 1699 5520 dds.)

1710 5565 1746 5624 7²
