4860 6180
1816 221 1898 297 429

438 425 483 488 de
502 441 663 488 sosanna
679 405 847 504 'iraupimvm
868 428 960 487 outa
1005 418 1190 503 suademus,
1213 424 1251 486 ut
1270 419 1529 504 quotiescumque
1558 415 1686 482 etc-rios
1717 420 1897 501 courtier-rit

332 526 426 598 simul
446 528 494 593 vel
517 527 720 609 singulariter
742 527 884 594 incedere
905 535 981 592 autu
999 524 1101 593 altare
1123 544 1179 591 seu
1197 524 1330 606 durarum
1353 523 1444 589 beate
1467 519 1607 600 viarius
1622 522 1793 590 autetiam
1811 522 1896 591 Cru-

334 629 427 709 eitlxi,
450 635 483 695 ct
505 629 639 695 oruxiruc
661 649 758 712 quum
780 650 837 715 pro
859 629 974 695 divinis
996 629 1108 696 elliciis
1130 631 1251 695 intrant
1270 628 1409 705 clroruur,
1440 624 1595 690 inclinant
1620 625 1727 707 capuita
1752 647 1814 694 sura
1836 627 1892 693 de·

335 731 445 821 pusilis
467 730 558 814 pilcis
578 744 767 813 reverenter,
789 737 885 816 utque
908 732 1069 798 instruant
1090 738 1124 797 et
1144 731 1294 797 ivnlucant
1315 730 1412 797 laicos
1434 728 1611 809 diligenter.

438 835 540 898 Dicte:
563 841 622 898 duc
647 837 757 910 Murio,
778 839 989 914 inflectendum
1011 845 1120 914 carpana·
1141 844 1171 898 et
1193 855 1250 912 prro
1265 845 1377 897 orarutu
1390 837 1530 896 stantium
1546 835 1577 894 in
1592 833 1690 893 ulcero.
1721 830 1887 914 Volumus,

334 934 417 1023 quod
438 953 546 1002 omnes
567 935 682 1016 clerici,
702 937 959 1020 quotiescumque
982 937 1014 1002 io
1037 936 1150 1002 divinis
1171 935 1283 1002 oficiis
1306 937 1371 1001 dvc
1392 935 1495 1001 binaria
1516 931 1705 1009 audiverint,
1728 930 1817 999 flexis
1831 954 1885 1012 ue·

334 1038 425 1107 nibus
446 1055 481 1103 sc
499 1042 678 1104 reverenter
698 1038 864 1119 iucliueut;
888 1039 1099 1122 proluibcutcs,
1119 1039 1283 1105 neoterici
1305 1038 1481 1104 beneticiati
1508 1042 1565 1104 aut
1595 1034 1627 1098 in
1649 1035 1746 1100 sanctis
1767 1037 1885 1103 ordini·

334 1145 392 1210 bus
414 1140 589 1222 constituti,
610 1140 790 1208 discalceati
813 1162 869 1208 seu
890 1143 983 1207 undis
1005 1142 1136 1225 pedibus
1155 1141 1285 1205 clrcnuru
1308 1141 1427 1206 intrare
1449 1159 1504 1205 seu
1527 1139 1560 1203 iu
1582 1137 1650 1218 ipso
1668 1143 1754 1204 stare
1776 1157 1884 1222 prosu·

340 1248 429 1312 naut
448 1242 524 1308 dum
543 1243 612 1325 ipsa
632 1241 738 1308 divina
759 1243 863 1311 officia
883 1244 1091 1310 celebrantur.
1121 1242 1211 1323 Iteur,
1232 1242 1315 1325 quod
1338 1243 1513 1326 anesbyteri
1536 1241 1604 1305 siue
1619 1240 1726 1322 cappis
1742 1239 1885 1306 rotumliu

336 1344 385 1413 vel
406 1343 634 1428 superpelliciis
655 1345 695 1411 ad
723 1345 919 1430 psallendum
949 1346 1043 1413 boras
1072 1346 1246 1426 canonicas,
1276 1346 1409 1410 maxime
1437 1361 1595 1427 vesperas,
1626 1341 1808 1422 matutinus,
1835 1341 1884 1408 uel

335 1449 471 1527 naissum,
493 1447 641 1513 ecclesius
663 1441 785 1531 ingredi
807 1449 856 1515 vel
877 1449 909 1514 in
932 1449 978 1514 eis
1000 1449 1113 1515 vavlere
1134 1467 1196 1514 non
1219 1452 1419 1532 presumant;
1442 1446 1503 1511 nisi
1524 1446 1607 1511 torte
1622 1450 1728 1510 esseut
1742 1443 1883 1510 extranei

335 1553 471 1617 uiatores
492 1554 549 1616 out
570 1549 665 1615 etiam
689 1551 854 1634 peregrini.

436 1654 483 1716 lle
504 1656 667 1716 merwala
688 1654 726 1716 ab
748 1657 898 1733 episcopis
919 1657 1054 1718 dioecesi.
1099 1652 1251 1731 Quoniam
1272 1652 1356 1719 sicut
1376 1651 1553 1717 audivimus
1574 1648 1718 1717 uouuulli
1738 1646 1884 1714 eeclesia·

335 1772 405 1822 rum
426 1753 540 1837 prelati
562 1758 596 1820 et
613 1771 747 1838 persone
768 1753 979 1821 ecclesiastice
992 1760 1101 1821 nostre
1116 1753 1291 1836 legationis,
1314 1760 1348 1820 et
1361 1755 1495 1820 maxime
1509 1753 1598 1837 regui
1613 1750 1763 1835 Ungarie,
1787 1767 1884 1833 quum

335 1859 410 1924 suas
431 1854 570 1922 dioceses
591 1855 640 1922 vel
661 1855 827 1939 parochias
848 1856 981 1922 visitatu
1001 1856 1050 1923 vel
1074 1874 1113 1923 ex
1135 1856 1206 1922 aliis
1227 1859 1330 1923 causis
1361 1857 1402 1924 ad
1427 1857 1574 1924 ecclesias
1601 1855 1686 1938 ipsas
1715 1852 1884 1933 declinant,

334 1956 480 2044 grambus
501 1962 536 2024 et
555 1956 798 2041 inportabilibus
816 1957 881 2024 iere
902 1956 1112 2040 descensibus,
1135 1978 1198 2026 nou
1218 1960 1320 2026 solum
1346 1961 1378 2026 iu
1399 1960 1530 2043 prelatis
1551 1964 1586 2024 et
1613 1955 1745 2036 clericis,
1774 1971 1881 2020 verum

335 2061 431 2128 etiam
449 2060 482 2125 in
503 2058 603 2140 laicis,
625 2059 829 2143 repmbaudis
851 2065 948 2143 atque
969 2059 1155 2127 damnandis
1176 2062 1323 2129 ecelesias
1344 2062 1393 2129 vel
1415 2060 1580 2144 pmoebias
1603 2061 1687 2143 ipsas
1701 2057 1885 2141 plerumque

336 2167 511 2246 aggravant
531 2164 564 2228 et
585 2160 770 2228 molestant:
793 2180 851 2228 uos
873 2161 1052 2230 huiusmodi
1071 2163 1238 2230 descensus
1251 2182 1371 2247 graves,
1394 2181 1553 2244 onerosos,
1575 2160 1719 2227 difficiles
1731 2164 1765 2225 et
1779 2157 1885 2242 inpor-

336 2263 449 2333 tabiles
469 2262 538 2331 ficii
558 2262 598 2330 de
616 2268 721 2330 cetero
742 2263 945 2348 prohibentes
966 2267 1145 2349 statuimus,
1165 2267 1248 2351 quod
1268 2285 1365 2351 quum
1384 2267 1523 2351 prelatos
1545 2272 1579 2333 et
1599 2280 1749 2349 personas
1764 2259 1884 2344 predic·

337 2374 385 2434 tas
406 2385 445 2434 ex
471 2366 564 2433 iustis
590 2372 624 2433 et
649 2367 889 2442 rationabilibus
916 2369 1020 2435 cumis
1044 2369 1086 2435 ad
1116 2370 1264 2437 eeclesias
1291 2371 1376 2453 ipsas
1401 2368 1558 2436 declinare
1579 2365 1755 2450 contigerit,
1784 2363 1829 2430 sic
1850 2380 1885 2429 se

336 2471 465 2537 honeste
485 2467 624 2536 habeant
647 2474 682 2536 et
702 2469 853 2551 modeste,
881 2488 915 2536 se
936 2487 1073 2555 suasque
1099 2469 1234 2539 boribus
1256 2470 1460 2556 asuperfluis
1487 2477 1520 2538 et
1545 2470 1665 2537 illicitis
1695 2467 1885 2547 cohibentes,

336 2571 419 2657 quod
440 2588 497 2654 per
518 2570 742 2638 immoderatos
763 2572 931 2638 descensus
951 2572 1130 2641 huiusmodi
1151 2574 1281 2642 ecclesie
1307 2573 1541 2660 inportabiliter
1561 2591 1625 2639 non
1645 2576 1829 2655 graventur:
1853 2569 1885 2633 iu

336 2672 485 2759 predictis
505 2679 539 2740 et
558 2673 631 2740 aliis
652 2673 762 2740 taliter
782 2691 817 2740 se
834 2673 997 2757 habentes,
1016 2675 1101 2759 quod
1123 2677 1193 2760 ipsi,
1221 2695 1285 2744 non
1311 2693 1372 2759 que
1399 2695 1457 2743 sua
1487 2676 1553 2742 sint
1579 2675 1634 2741 sed
1660 2673 1732 2740 Iesu
1756 2670 1886 2751 Christi,

337 2775 441 2859 potius
466 2792 597 2859 querere
626 2774 800 2842 videantur.
846 2776 906 2856 Qui
932 2783 1040 2845 autem
1066 2778 1100 2844 in
1129 2778 1278 2862 predictis
1305 2779 1506 2860 excesserint,
1532 2796 1590 2862 per
1614 2775 1791 2861 superiores
1812 2791 1886 2839 suos

337 2877 495 2944 abstinere
516 2882 613 2960 atque
634 2876 795 2958 desistere,
818 2884 852 2944 et
870 2877 910 2944 de
930 2879 1028 2946 illatis
1049 2880 1282 2962 gravaminibus
1304 2880 1485 2948 satisfacere
1500 2880 1573 2948 lasis
1588 2886 1621 2947 et
1635 2879 1775 2964 gravatis
1789 2877 1887 2945 eccle·

337 2979 400 3061 siis,
423 2998 481 3063 per
500 2997 665 3046 censuram
682 2980 927 3047 ecclesiasticam
949 2986 983 3048 et
1003 2981 1067 3048 alia
1088 2988 1235 3067 prompta
1255 2984 1404 3066 remedia,
1426 2982 1552 3051 subluto
1571 2981 1739 3050 cuiuslibet
1753 2980 1887 3047 frustra·

337 3082 417 3148 toric
438 3080 659 3165 appellationis
680 3082 853 3164 obstaculo,
877 3084 1114 3166 compellantur.

440 3187 485 3249 Ile
504 3189 640 3250 arcenda
662 3191 829 3250 torosiore
851 3192 883 3249 lo
903 3191 1082 3252 sacerdotio.
1118 3186 1332 3269 Prohibemus‚
1355 3207 1395 3256 ue
1416 3189 1532 3272 aliquis
1554 3189 1724 3270 abbatiam,
1747 3185 1888 3272 preposi-

338 3292 451 3368 turam,
473 3287 658 3370 prioratum,
680 3287 893 3371 plebanatum,
922 3289 1127 3372 capellaniam
1148 3289 1197 3357 vel
1218 3289 1347 3374 aliquod
1369 3290 1553 3358 beneficium
1580 3290 1826 3357 ecclesiasticum
1847 3287 1887 3353 de

337 3407 433 3456 manu
453 3389 585 3473 recipiat
606 3388 771 3456 laieorum:
795 3396 982 3471 statuentes,
1005 3392 1089 3475 quod
1110 3392 1347 3477 archiepiscopi,
1370 3393 1507 3477 episcopi
1529 3393 1647 3474 etalii,
1678 3392 1720 3458 ad
1744 3409 1824 3476 quos
1847 3391 1887 3456 de

338 3491 405 3557 iure
426 3491 475 3558 vel
494 3491 719 3559 consuetudine
741 3511 797 3559 seu
818 3493 991 3576 privilegio,
1013 3493 1163 3561 abbatum
1186 3495 1234 3562 vel
1255 3495 1393 3562 alioruin¹
1421 3495 1627 3576 confirmatio,
1654 3494 1815 3561 institutio
1837 3492 1887 3560 vel

338 3594 472 3678 provisio
494 3599 625 3678 spectat,
646 3592 768 3661 nullum
789 3595 973 3662 confirmare
994 3595 1044 3662 vel
1066 3595 1232 3664 instituere
1254 3604 1446 3681 presumant,
1470 3598 1532 3665 nisi
1556 3598 1602 3664 eis
1624 3598 1713 3681 prius
1734 3580 1774 3662 de
1795 3614 1888 3662 cauo·

338 3698 409 3765 nica
429 3697 567 3781 ipsorum
590 3696 743 3764 electione
764 3703 798 3762 et
820 3697 1001 3780 eligentium
1022 3716 1061 3764 ac
1081 3698 1173 3767 electi
1193 3700 1372 3767 conditione
1389 3700 1473 3766 inter
1494 3719 1548 3766 eos
1567 3699 1659 3784 plene
1674 3703 1813 3777 constet;
1835 3716 1888 3764 ve-

336 3800 381 3864 ris
401 3803 553 3885 patronis,
580 3802 614 3868 iu
641 3802 706 3868 illis
733 3802 874 3868 ccelesiis
897 3804 930 3868 iu
952 3797 1067 3887 quibus
1088 3801 1174 3868 illius
1204 3800 1348 3868 obtinent
1375 3807 1590 3886 patronatum,
1616 3801 1741 3868 iustitia
1760 3819 1799 3867 ac
1819 3801 1888 3866 iure

337 3902 428 3986 plene
449 3906 581 3971 servatis
604 3924 642 3972 ac
663 3905 769 3987 salvis,
792 3924 854 3988 que
875 3906 921 3972 eis
943 3925 963 3972 a
984 3907 1083 3973 saeris
1105 3904 1276 3972 canonibus
1298 3903 1512 3971 conceduntur
1533 3910 1631 3988 atque
1653 3908 1828 3970 servantur.

440 4012 485 4072 De
506 4013 715 4073 comtvvnendo
735 4014 907 4074 residendo.
953 4008 1054 4087 Quum
1070 4007 1110 4074 od
1124 4007 1274 4075 benefida
1288 4006 1510 4089 ecclesiastiea,
1534 4025 1641 4074 curam
1657 4005 1807 4073 habentia
1820 4005 1888 4071 ani-

338 4127 460 4176 marum
481 4127 645 4191 annexam,
667 4110 748 4176 tales
769 4110 860 4194 queri
882 4108 1018 4177 debeant
1032 4116 1065 4176 et
1082 4110 1218 4191 admitti,
1241 4110 1295 4192 qui
1317 4110 1349 4175 iu
1372 4110 1448 4193 ipsis
1479 4109 1637 4176 beneticiis
1660 4108 1759 4175 velint
1781 4114 1814 4175 et
1835 4129 1889 4176 va-

337 4210 425 4277 lcant
448 4212 584 4279 residere
605 4219 638 4278 ct
660 4212 870 4296 personaliter
887 4233 944 4296 per
966 4231 1000 4279 se
1022 4213 1107 4295 ipsos
1128 4219 1162 4279 et
1184 4232 1246 4278 nou
1267 4232 1324 4296 per
1341 4212 1419 4279 alios
1442 4213 1610 4294 deservire,
1638 4213 1819 4279 ordinamus
1840 4221 1889 4279 at·

338 4333 399 4395 que
420 4317 618 4399 precipimus,
641 4322 678 4380 ut
700 4334 807 4380 omnes
830 4322 863 4380 et
884 4315 998 4399 singuli
1020 4314 1155 4398 plebani,
1178 4321 1315 4381 ractores
1338 4322 1371 4380 et
1389 4315 1543 4397 mpellani
1574 4315 1776 4381 eeclesiarum
1796 4334 1888 4399 poro·

339 4415 486 4484 elrialium
507 4419 605 4483 totius
626 4418 792 4499 legationis
814 4417 905 4482 rrobis
927 4417 1100 4498 commisse,
1121 4418 1152 4482 iu
1177 4418 1254 4499 ipsis
1274 4416 1453 4482 deserviant
1475 4437 1532 4501 per
1553 4435 1588 4484 se
1609 4418 1694 4501 ipsos
1708 4424 1742 4485 et
1756 4436 1818 4482 nou
1833 4437 1890 4500 per

338 4519 477 4587 sicarios.
522 4521 737 4600 Probibcutes,
761 4540 799 4586 ne
821 4520 919 4604 aliqui
939 4520 1050 4585 talium
1072 4520 1273 4585 ecclesiarum
1296 4526 1435 4585 rectores
1456 4520 1495 4586 de
1510 4526 1626 4601 cetero,
1650 4521 1768 4604 absqw
1787 4519 1889 4585 dioce-

338 4641 483 4690 sauorum
506 4643 658 4690 consensu
680 4624 793 4706 quibus
814 4624 943 4688 ecclesie
965 4623 1031 4706 ipsc
1053 4622 1197 4703 subsunt,
1219 4624 1343 4706 aliquos
1366 4623 1536 4690 instituant
1559 4625 1703 4705 vicarios,
1726 4623 1775 4688 vel
1799 4623 1889 4687 insti·

341 4731 426 4792 tutos
447 4728 479 4792 iu
498 4728 544 4792 eis
564 4733 693 4793 uocarat
715 4727 762 4791 vel
784 4727 975 4791 sustineant:
1008 4731 1041 4791 et
1064 4727 1117 4808 qui
1140 4732 1250 4792 coldra
1280 4725 1421 4806 saeco-int,
1452 4727 1606 4793 trudibus
1629 4733 1662 4791 et
1687 4727 1890 4809 proventibus

341 4827 423 4895 illius
441 4830 570 4896 ecclesie
593 4849 650 4914 per
671 4849 787 4896 arrarum
810 4831 874 4895 siut
896 4830 963 4911 ipso
986 4829 1053 4894 iure
1075 4829 1199 4911 privati,
1226 4828 1366 4910 dictique
1387 4829 1520 4909 fructus,
1545 4829 1584 4893 dc
1612 4829 1760 4894 mamiato
1786 4829 1889 4894 dione·

340 4934 406 4996 sani
426 4933 573 5017 episcopi,
597 4935 630 4998 iu
653 4934 741 4998 libris
763 4939 796 4998 et
816 4933 1009 4998 oruaumutis
1033 4931 1252 4997 ecclesiasticis
1273 4940 1330 4998 aut
1351 4931 1392 4998 ad
1414 4949 1493 5013 opvs
1508 4930 1647 4996 eiusdem
1663 4931 1792 4996 ecclesie
1812 4931 1889 4994 irr·e·

340 5034 521 5100 v·outbilltcr
539 5035 771 5118 exp·n‹taoau·;
794 5054 851 5100 nce
871 5040 968 5100 ruvvtva
992 5035 1165 5116 percipiant
1184 5034 1223 5097 cle
1240 5035 1392 5100 fructibus
1407 5034 1607 5100 eeclesiarum
1626 5036 1772 5115 ipsuum,
1792 5052 1888 5114 quarn

340 5137 529 5204 sufficienter·
551 5139 691 5204 oraverint
708 5139 791 5222 qued
815 5136 996 5203 lruitsurodi
1015 5138 1276 5203 corstitutionum
1299 5137 1521 5204 iuviolabiliter·
1549 5137 1770 5202 obmrvabuut.
1814 5135 1890 5202 Illos
