4860 6180
576 367 650 445 388

572 567 751 640 babuerunt
771 515 851 654 ergo
867 571 1041 656 predictam
1063 569 1190 638 clomum
1212 569 1265 656 pio
1284 532 1509 654 pmsequcntes
1530 565 1659 649 ellectu,
1680 561 1872 634 conferimus
1884 561 2038 630 ulvocata
2053 579 2128 647 sepe

572 672 657 740 dicte
675 672 815 740 civitatis
841 676 967 762 plumam
994 676 1217 744 auctoritatem
1247 673 1466 758 suspendendi,
1489 670 1674 751 decollandi,
1703 666 1839 749 rotandi,
1867 665 2063 748 exoculandi,
2091 683 2149 732 ac·

572 775 783 844 membrorum
806 778 1040 847 mutilacionem
1062 779 1156 847 simul
1177 784 1211 845 et
1231 778 1338 845 omnia
1358 777 1473 842 indicia
1495 772 1669 854 exercendi,
1700 771 1781 838 nulli
1807 767 2050 837 castellanorum
2071 772 2130 834 aut

574 874 713 944 iudicum
742 876 809 946 siue
834 878 1057 948 aluocaturum
1080 880 1113 947 in
1136 880 1224 948 nulla
1245 878 1350 946 revel
1372 897 1467 947 eausa
1488 879 1538 944 ius
1559 876 1686 960 aliquod
1713 874 1748 940 in
1773 874 1844 957 ipso
1872 871 2002 938 civitate
2030 887 2130 938 resm-

573 983 694 1048 vuntes.
739 979 832 1048 ciros
853 1002 926 1050 voro
948 984 1069 1068 profeta
1096 984 1234 1050 civitatis
1264 1000 1419 1066 nusquam
1447 982 1539 1049 citari
1567 996 1728 1047 censemus
1755 976 1816 1042 nisi
1843 981 1918 1042 ante
1942 974 2154 1043 advocatum·

505 1088 508 1093 ’
574 1099 650 1168 sepe
671 1083 756 1150 dicte
776 1084 925 1167 civitatis,
945 1086 1047 1170 ipsum
1069 1104 1143 1153 vcro
1165 1085 1351 1154 edmcotum
1372 1103 1527 1168 nusquam
1549 1081 1640 1150 citari
1660 1081 1804 1149 uolumus
1832 1078 1893 1145 nisi
1922 1083 1998 1144 ante
2018 1077 2131 1143 ducem

575 1203 647 1253 curu
674 1184 773 1270 ipsius
798 1186 904 1253 saulo.
950 1187 1096 1256 Ceterum
1125 1208 1210 1274 vero,
1235 1195 1273 1255 ut
1302 1194 1468 1272 parentum
1497 1192 1678 1252 nostrorum
1704 1183 1882 1249 imitatores
1909 1178 2023 1265 ydonei
2048 1177 2131 1247 effici

574 1305 762 1371 mereamur,
788 1305 846 1372 pro
875 1289 944 1356 eius
965 1309 1072 1358 umore
1092 1291 1127 1358 in
1148 1293 1237 1360 cuius
1258 1291 1381 1358 dicione
1399 1295 1513 1357 cuncta
1539 1292 1615 1353 sunt
1639 1285 1745 1370 posita
1770 1283 1962 1352 absolvimus
1988 1281 2131 1349 homines

574 1387 792 1473 prenominute
813 1389 952 1458 civitatis
980 1393 1014 1459 iu
1041 1400 1230 1479 perpetuum
1251 1394 1292 1462 ab
1321 1392 1465 1460 omuibus
1491 1387 1711 1470 solucionibus,
1738 1385 1965 1468 auctionibus,
1993 1384 2132 1452 vecturis

574 1509 612 1558 oc
633 1490 747 1558 ceteris
768 1491 908 1574 engonis
929 1493 996 1561 sive
1014 1496 1159 1563 omnibus
1179 1497 1301 1565 iuribus
1320 1496 1352 1562 in
1374 1493 1505 1562 Polonis
1532 1490 1723 1572 constitutis,
1752 1496 1884 1573 excepto
1911 1489 1971 1555 boc
1997 1486 2075 1568 solo,
2103 1485 2131 1553 si

488 1616 492 1624 ·
573 1591 690 1680 diquis
711 1599 822 1662 oontm
843 1594 1017 1664 dominium
1039 1606 1182 1668 nostrum
1204 1601 1357 1667 insultum
1376 1598 1496 1678 lecerit,
1527 1595 1611 1680 quod
1638 1593 1781 1660 homines
1807 1591 1893 1659 dicte
1916 1589 2054 1659 civimtis
2075 1587 2132 1656 do-

574 1695 707 1764 minium
727 1703 872 1764 nostrum
893 1718 959 1766 una
979 1700 1140 1770 nobiseum
1160 1703 1353 1771 tenebuntur
1373 1700 1545 1768 defensare.
1590 1698 1638 1766 Ut
1657 1702 1765 1763 autem
1780 1695 1840 1763 hoc
1854 1695 1972 1762 iactum
1986 1699 2132 1761 aosmua

576 1797 610 1867 iu
632 1796 784 1867 bonorem
805 1798 866 1867 Dei
888 1808 1059 1888 sancteque
1077 1805 1240 1888 genitricis
1261 1804 1402 1872 eiusdem
1424 1820 1548 1886 semper
1568 1800 1699 1884 virginis
1720 1797 1823 1866 Maris
1849 1804 1956 1866 ratum
1977 1803 2012 1866 et
2032 1796 2133 1864 iunio-

571 1899 717 1974 lebiliter
732 1899 926 1986 observetur,
948 1911 1127 1990 presentem
1145 1906 1288 1975 cedulam
1310 1904 1406 1990 sigilli
1427 1904 1529 1972 nostri
1549 1901 1721 1969 munimine
1742 1900 1890 1967 duximus
1911 1899 2131 1967 roborandum

575 2004 692 2072 Actum
720 2003 755 2072 iu
783 2004 875 2073 Kalis
908 2025 991 2075 sano
1020 2007 1148 2075 Domini
1180 2007 1400 2075 meclxnru
1450 2006 1551 2074 Adest
1578 2009 1613 2072 et
1644 2003 1785 2071 fidelium
1820 2003 1951 2070 testium
1976 2001 2132 2087 ustipula·

578 2106 644 2174 cio:
664 2104 820 2174 lohannes
842 2110 1033 2178 castellanus
1054 2110 1215 2192 deliciis,
1238 2109 1356 2195 synon
1377 2108 1568 2177 castellanus
1586 2106 1627 2174 de
1645 2105 1786 2187 Gueuaa,
1809 2104 1963 2172 Ubizlcus
1985 2103 2133 2172 castelle·

576 2226 638 2277 uus
658 2207 700 2277 de
719 2208 822 2293 Rada,
845 2211 964 2298 Syrtus
985 2220 1117 2282 uenator
1137 2214 1178 2281 de
1198 2213 1300 2296 Kalis,
1324 2212 1516 2281 Gecbozlsm
1541 2211 1693 2297 pincerna
1719 2208 1847 2292 ibidem,
1875 2207 2035 2294 Nycolaus
2058 2205 2133 2275 sub·

482 2360 484 2365 -
576 2309 709 2398 depilet,
730 2317 765 2380 et
785 2312 858 2380 ιιίἰίι
878 2315 989 2382 multis
1009 2316 1118 2401 probis
1138 2322 1172 2384 et
1193 2313 1344 2384 honestis

679 2549 799 2636 laid&
820 2555 899 2641 lad.
944 2553 1072 2637 Cosaol,
1090 2559 1169 2637 czgli
1186 2559 1290 2636 sonem
1311 2555 1390 2620 beuti
1411 2555 1537 2630 decolori,
1558 2551 1759 2633 Meosne&
1778 2572 1822 2618 aa
1838 2549 1943 2631 Ιιιόνέῑ
1953 2555 2133 2617 ινιιιίηὲωιο

576 2656 817 2744 werpum
862 2655 1105 2757 mmmm
1986 2704 1990 2713 .

1251 2989 1326 3078 Νι.
1364 2987 1465 3090 441,

596 3303 600 3309 ι
632 3301 634 3306 ,
679 3197 875 3284 Bolosluus
902 3202 981 3285 iux
1006 3201 1157 3285 Polouic
1184 3208 1313 3284 127?
1339 3202 1427 3307 Apr.
1453 3207 1542 3298 28,
1567 3199 1765 3302 inimum
1787 3215 2135 3285 tuscanensem

576 3320 762 3389 monuerit
779 3319 971 3389 Lubinensis
992 3322 1110 3389 dotum
1132 3322 1283 3408 Krzywin
1301 3322 1477 3390 consulari
1498 3321 1644 3390 eunadis
1666 3326 1832 3406 pergentes
1853 3338 1875 3386 a
1894 3318 2052 3387 solutione
2066 3316 2135 3386 the-

577 3421 674 3506 louei,
698 3423 818 3490 civibus
839 3442 914 3492 vero
936 3425 1036 3511 ipsius
1057 3425 1182 3510 amplas
1203 3425 1368 3493 libertates
1389 3424 1520 3494 confert

683 3529 822 3606 Pergase
846 3533 965 3609 crocia
1009 3532 1139 3593 Bzr'urki
1160 3533 1202 3593 od
1217 3534 1458 3610 przymieszeaio
1472 3527 1586 3609 jedad‘
1604 3532 1747 3615 pieczfci.

680 3628 818 3694 eomas
871 3633 1037 3696 nocuum
1065 3630 1235 3711 naemei.
1290 3636 1429 3711 mproma
1460 3636 1493 3696 n.
1524 3633 1574 3695 re.
1598 3665 1643 3679 -
1670 3628 1855 3711 manuscr.
1911 3631 1981 3694 coo.
2013 3631 2135 3709 αιριω.

581 3732 693 3797 uuor.
716 3732 822 3797 Polou.
845 3737 899 3799 55.
921 3769 966 3784 -
987 3732 1125 3809 Potasti,
1148 3733 1274 3813 Kenios
1304 3738 1409 3798 Secuto
1432 3738 1522 3799 Arca
1550 3735 1647 3799 zeum
1673 3736 1726 3799 47.
1771 3734 2003 3811 (Tracusronpt-
2019 3736 2135 3812 orygis

574 3836 801 3920 meduno
825 3853 939 3915 prm:
970 3835 1149 3902 Kezimirus
1181 3855 1238 3903 rex
1264 3834 1394 3928 Polonie
1422 3843 1483 3904 etc.
1511 3835 1596 3901 1353
1625 3835 1717 3904 Febr.
1749 3835 1802 3919 la,
1823 3834 1857 3901 in
1880 3833 2010 3917 costen,
2035 3837 2136 3916 pode-

572 3936 652 4022 jgcg
672 3942 723 4000 teu
745 3939 898 4016 duplum
914 3942 983 4018 pod
1001 3943 1116 4013 roliers
1136 3941 1246 4016 1270).

683 4155 721 4223 ln
746 4157 873 4225 nomine
901 4157 1030 4226 Domini
1055 4178 1157 4227 amen.
1201 4158 1269 4226 Nos
1297 4158 1463 4227 Boleslam
1494 4158 1554 4227 Dei
1584 4159 1688 4243 gratia
1713 4159 1777 4227 dux
1807 4158 1946 4240 Polonie,
1979 4156 2136 4225 uniuersis

499 4307 502 4314 .
580 4255 701 4325 Christi
722 4257 867 4326 fidelibus
889 4268 1068 4344 presentem
1090 4261 1216 4328 literam
1238 4262 1428 4344 inspecturis
1448 4263 1550 4345 gmtic
1571 4279 1628 4328 sue
1655 4261 1883 4346 plenitudinem
1910 4267 1944 4328 et
1970 4279 2063 4327 omne
2080 4260 2136 4327 bo-

577 4378 663 4428 nurn.
707 4359 826 4428 Vestra
847 4364 970 4430 noverit
993 4364 1191 4445 universitas,
1214 4382 1271 4429 nos
1293 4363 1334 4429 ob
1352 4364 1538 4447 peticionem
1560 4364 1679 4431 domini
1693 4365 1799 4432 Iacobi
1814 4365 1940 4432 abbatis
1954 4367 1988 4430 ct
2001 4361 2137 4429 imnum

578 4460 619 4530 de
639 4461 743 4530 Lubin
765 4469 798 4532 et
818 4464 859 4532 ob
881 4465 1134 4532 melioracionem
1156 4467 1296 4532 civitatis
1309 4484 1367 4531 suo
1382 4464 1516 4547 Cmivin,
1539 4468 1684 4533 omatibus
1698 4487 1769 4534 curn
1784 4466 1995 4534 mercimoniis
2010 4465 2052 4531 ed
2067 4483 2137 4532 cem

581 4565 784 4651 pergentibus
802 4585 854 4632 res
875 4568 1054 4634 scindendus
1074 4575 1108 4635 ct
1129 4569 1277 4635 emendos
1299 4569 1331 4634 in
1353 4568 1480 4634 annuali
1503 4568 1571 4634 loro
1592 4569 1771 4637 libertatem
1800 4570 1971 4638 contulisse
1992 4588 2014 4635 a
2035 4567 2137 4635 thelo-

578 4669 630 4736 nei
649 4670 815 4738 exaccione
836 4677 870 4736 ct
892 4678 1028 4751 moneto,
1050 4678 1083 4737 ct
1105 4673 1203 4738 eciam
1227 4680 1262 4738 ut
1284 4673 1367 4738 ciues
1396 4671 1536 4755 predicte
1558 4672 1697 4739 civitatis
1723 4692 1779 4756 per
1807 4678 1908 4739 tutum
1937 4677 2055 4738 terrum
2077 4671 2137 4738 Po-

577 4769 661 4839 louie
683 4771 865 4839 theloneum
889 4792 951 4840 non
974 4774 1163 4857 persolvant.
1210 4775 1364 4841 Volumus
1384 4779 1501 4854 auitum,
1525 4780 1560 4838 ut
1580 4775 1718 4841 nundine
1739 4781 1911 4841 memorate
1927 4774 2067 4841 civimtis
2081 4793 2139 4859 per

578 4878 714 4957 quatuor
736 4873 803 4940 dics
825 4881 912 4940 sture
933 4876 1050 4941 ‹ielmnt
1077 4897 1097 4941 a
1123 4877 1230 4959 vigilia
1259 4876 1469 4942 l‘untaeostcs.
1514 4877 1659 4958 Proinde,
1687 4897 1726 4944 nc
1756 4878 1872 4961 aliquis
1901 4876 2063 4961 palatinus
2086 4876 2137 4944 vel

578 4975 770 5044 castellanus
792 4995 847 5043 scu
870 4977 1089 5044 beneficiarius
1111 4978 1152 5043 ab
1174 4978 1353 5062 hospitibus
1376 4979 1415 5045 ud
1439 4978 1593 5062 prelatum
1609 4981 1770 5046 civitatem
1784 4979 1982 5048 venientibus
1996 4979 2137 5064 aliquem

578 5079 775 5146 exaccioncm
796 5080 914 5147 audeat
934 5088 1123 5164 extorquere
1145 5088 1201 5147 aut
1220 5081 1305 5164 ipsos
1327 5081 1360 5146 in
1383 5081 1490 5165 aliquo
1517 5082 1657 5148 (latinum
1679 5083 1728 5148 uel
1750 5082 2017 5167 pertu1·burc,vel
2038 5082 2137 5149 eciam

485 5174 490 5182 ’
577 5179 710 5264 predicti
733 5182 818 5247 ciues
840 5181 872 5247 in
895 5182 1020 5265 prelato
1043 5181 1188 5249 ttulomo
1210 5183 1382 5266 abaliquo
1404 5184 1436 5249 in
1459 5184 1641 5250 ciuitatibus
1670 5185 1787 5251 nostris
1817 5187 2039 5270 impediantur,
2067 5201 2138 5270 pre·

578 5289 698 5350 sentem
719 5282 846 5350 litorum
869 5285 970 5350 nostri
993 5285 1088 5368 sigilli
1111 5287 1284 5352 munimine
1305 5285 1456 5354 claruimus
1478 5287 1696 5356 rolmmndum.
1728 5288 1844 5356 Datum
1868 5291 1901 5356 in
1924 5289 2032 5357 Smem
2054 5307 2138 5358 enno
