4860 6180
1923 170 1996 248 397
2094 169 2097 176 ’

456 366 555 438 abrs:
583 367 697 438 comite
721 366 890 455 Prclpelco
911 367 1053 456 palatino
1075 366 1290 455 Pocuanicnsi,
1319 370 1435 439 comite
1464 369 1598 439 laurone
1620 373 1791 443 mustellam
1819 372 2000 454 linl’miensl
2092 445 2098 466 ι

455 472 582 540 domino
608 471 704 542 Petro
738 474 926 544 cancellario
951 473 1140 555 Gnerneusi,
1170 475 1285 543 comite
1313 475 1452 542 blartiuo
1473 482 1620 543 verrutore
1642 476 1857 560 Peenameus,
1886 476 2001 544 comita

457 575 596 643 Iohanne
621 576 792 644 castellano
818 576 1032 658 Beehoviensi
1062 576 1176 644 comita
1201 575 1342 661 Voyahro
1372 578 1542 645 castellano
1568 577 1726 663 liseuensi,
1758 580 1792 646 in
1826 578 2002 647 harerlitata

458 676 687 746 cruciferorum
709 697 770 763 quo
790 680 908 748 elicitur
927 679 1126 747 Simanovici.

559 882 678 966 Lubus,
699 887 827 968 Miror,
848 909 867 952 z
888 891 1052 953 memiectc
1075 887 1178 953 cetra
1223 884 1337 969 Oadce,
1359 893 1409 953 nie
1425 892 1622 968 Mondrrionr,
1651 893 1733 953 more
1762 891 1860 954 Ozccz
1880 890 1930 953 lab
1950 891 2001 952 tei

458 990 613 1063 Kaezkorc,
633 1010 652 1053 z
672 993 759 1053 niem
780 994 964 1057 Kctrrhkcu.
1009 990 1111 1057 Parva
1131 989 1216 1070 villa,
1239 996 1289 1055 nie
1308 996 1501 1070 recoctione.
1544 989 1774 1073 Beobovieuais
1793 993 1831 1055 de
1854 989 1999 1057 Biechon.

459 1089 633 1172 Ksesensis,
655 1093 693 1156 de
714 1096 815 1178 Krhpt
860 1092 1058 1176 Simanovici,
1081 1094 1309 1173 Szpmasroror‘ce.

1127 1497 1200 1580 Nr.
1233 1491 1333 1580 452.

559 1691 782 1776 mutemus
809 1691 1090 1775 Pcmrranorum
1117 1692 1194 1775 oux
1221 1697 1355 1775 1278
1381 1692 1477 1796 Sept
1494 1695 1543 1790 3,
1569 1692 1612 1776 in
1636 1696 1746 1796 ponto
1774 1692 1924 1796 braum
1952 1729 2002 1778 ra-

417 1904 421 1908 ,
457 1813 562 1899 signat
583 1819 684 1880 terras
698 1832 772 1880 suas
787 1811 907 1897 Slupsk
921 1819 955 1880 et
969 1812 1095 1881 Slaunc
1117 1814 1348 1881 marchionibus
1363 1813 1713 1897 andenburgensibus
1728 1810 1872 1895 Iohanni,
1891 1813 2002 1881 Ottnui

458 1923 492 1984 et
513 1914 656 1984 Conrado
678 1920 712 1983 et
732 1915 857 1984 easdem
873 1914 966 1983 titulo
981 1914 1097 1985 feudali
1119 1917 1245 2002 recipit;
1266 1917 1417 1985 auxilium
1439 1935 1563 2002 quoque
1581 1935 1673 1983 suum
1695 1925 1807 1985 eontra
1820 1916 2003 2002 quemlibet,

434 2009 568 2089 'cenna
594 2017 774 2086 Boleslanm
802 2019 912 2086 ducem
941 2018 1090 2088 Poloniao
1118 2039 1200 2102 vero,
1239 2020 1422 2089 sicausam
1448 2039 1511 2088 non
1540 2021 1657 2087 iustam
1686 2026 1797 2089 canna
1824 2019 2003 2105 praedictas

459 2120 654 2190 marchiones
673 2122 881 2207 prosequerit,
904 2120 1047 2206 spondet

560 2227 671 2291 meet
698 2228 768 2292 coc.
789 2229 909 2307 aproni
933 2228 1161 2308 amarorum.
1196 2231 1226 2293 n
1246 2230 1273 2304 1,
1292 2247 1368 2309 pap.
1387 2229 1459 2292 rar.
1503 2230 1547 2306 (z
1563 2231 1675 2310 roprr).

560 2430 597 2500 In
615 2431 742 2501 nominc
760 2431 889 2501 Domini
911 2450 1013 2499 amen.
1057 2430 1124 2500 lios
1144 2431 1330 2501 blastwinus
1351 2433 1410 2501 Dei
1431 2433 1535 2517 grstia
1554 2431 1799 2500 Pomeruncmm
1813 2430 1878 2500 dux
1892 2437 2003 2501 notum

459 2551 527 2603 mc
546 2533 689 2603 volumus
708 2541 775 2604 tam
796 2534 996 2620 presentibus
1014 2554 1109 2620 quam
1129 2533 1245 2602 futuris
1265 2534 1363 2604 (luisti
1380 2535 1524 2604 fidelibus
1545 2535 1709 2617 universis,
1732 2534 1817 2619 quod
1831 2534 2003 2603 illustrium

459 2637 633 2724 principum
661 2636 858 2706 dominorum
890 2642 1070 2706 nostromm
1102 2636 1267 2721 lobannis,
1303 2639 1430 2707 Ottonis
1462 2645 1496 2706 et
1527 2637 1564 2707 C.
1592 2636 1807 2706 marchionum
1840 2637 2002 2707 Bmualen·

459 2739 658 2826 burgensium
683 2741 896 2809 macentatem
920 2739 1055 2825 fideique
1078 2760 1142 2809 non
1165 2741 1240 2810 licta
1265 2742 1477 2810 constanciam
1497 2741 1697 2810 discretionis
1717 2741 1809 2809 oculo
1826 2742 1933 2808 verius
1954 2742 2002 2809 in·

459 2849 592 2926 mortes,
614 2843 655 2911 ob
674 2861 764 2929 spem
785 2841 900 2912 favoris
921 2850 955 2912 et
974 2844 1077 2930 gratie
1098 2862 1156 2912 uec
1177 2863 1240 2912 non
1262 2845 1411 2912 aoiumrii
1432 2852 1582 2931 perpetuo
1604 2843 1694 2913 nobis
1708 2849 1742 2912 et
1755 2844 1873 2911 nostris
1895 2845 2003 2929 pueris

458 2944 601 3028 faciendi,
622 2945 739 3014 modom
761 2946 992 3015 marchionibus
1014 2953 1119 3016 casua
1139 2953 1174 3014 et
1194 2954 1296 3015 terras
1316 2955 1452 3031 nostras,
1478 2948 1597 3016 sobora
1615 2947 1705 3032 Stolp
1727 2952 1761 3015 et
1781 2946 1907 3015 Zlauen
1930 2967 2001 3016 eum
2027 3004 2029 3009 .

460 3049 602 3117 omnibus
619 3048 788 3117 eorundem
810 3051 989 3118 attinentiis
1014 3055 1047 3118 et
1075 3050 1197 3118 iuribus
1225 3051 1265 3120 (le
1287 3051 1371 3118 bona
1390 3057 1501 3119 nostra
1524 3050 1689 3118 uoluntate
1709 3051 1946 3134 resignavimus,
1968 3055 2003 3118 et

459 3152 583 3221 easdem
602 3159 702 3220 terras
724 3172 795 3221 cnm
816 3145 929 3222 castris
948 3154 1173 3240 prenominatis
1194 3152 1308 3222 feodali
1335 3154 1440 3239 tytulo
1466 3154 1639 3239 recepimus
1667 3151 1708 3220 ab
1728 3152 1857 3236 eisdem,
1879 3152 2002 3238 ornagio

458 3259 492 3323 et
511 3254 662 3323 fidelitate
682 3255 790 3325 debita
810 3257 887 3342 ipsis
909 3255 1003 3324 iacta
1048 3257 1092 3324 lit
1111 3257 1170 3324 boe
1191 3257 1295 3341 ipsum
1314 3257 1432 3324 nostris
1454 3256 1559 3341 pueris
1571 3255 1742 3324 servabunt
1761 3255 1996 3338 inuiolabiliter,

460 3357 567 3426 ecdem
586 3357 670 3425 bona
689 3364 764 3444 post
783 3366 925 3427 nostmm
946 3365 1078 3428 mortem
1097 3358 1174 3443 ipsis
1192 3359 1285 3426 modo
1302 3358 1396 3426 simili
1412 3358 1615 3441 conterentes,
1637 3356 1831 3426 solummodo
1846 3357 1903 3425 illa
1917 3364 2004 3426 tarra
2064 3353 2069 3362 '

460 3467 597 3546 excepta,
629 3479 690 3546 que
718 3459 816 3528 nobili
843 3462 911 3528 viro
938 3462 1064 3529 dominc
1092 3460 1132 3529 ll.
1154 3461 1194 3528 de
1215 3461 1416 3547 Kevemberg
1436 3462 1560 3529 sororio
1588 3465 1698 3528 nostm
1723 3461 1839 3529 dilecto
1864 3480 1886 3528 a
1913 3460 2003 3529 nobis

459 3563 652 3650 nignmcitur
671 3563 841 3648 assignata,
863 3582 984 3650 nosque
1005 3564 1225 3632 nichilominus
1244 3564 1427 3632 babebimus
1447 3564 1542 3632 dandi
1562 3564 1602 3632 de
1623 3564 1741 3632 eisdem
1760 3564 1880 3633 nostris
1901 3564 2002 3647 bonh,

459 3667 540 3736 bono
560 3671 594 3735 et
613 3666 746 3735 honesto
767 3667 869 3751 modo,
901 3688 958 3754 pro
979 3667 1083 3736 salute
1103 3667 1207 3735 anime
1233 3673 1341 3734 nostre
1366 3667 1504 3734 ecclesiis
1521 3667 1572 3735 rel
1592 3665 1730 3736 cenobiis
1750 3666 1883 3735 liberam
1905 3665 2003 3734 maul-

460 3776 565 3838 tatam
607 3768 658 3837 Ad
679 3769 737 3843 hec
758 3771 958 3854 pmmislmus
980 3772 1115 3839 dominis
1136 3769 1367 3837 marchionibus
1396 3769 1473 3836 data
1500 3768 1571 3852 lide,
1601 3770 1686 3855 quod
1705 3769 1790 3855 ipsos
1810 3774 1845 3837 et
1862 3769 2004 3854 ipsomm

460 3871 588 3941 hercules
609 3872 676 3941 sine
694 3872 804 3957 aliqua
829 3874 956 3942 lictiom
981 3879 1016 3942 et
1042 3873 1114 3940 dolo
1136 3890 1232 3938 manu
1252 3872 1436 3955 iubebimus,
1464 3871 1546 3940 infru
1573 3871 1680 3940 elecem
1702 3872 1894 3957 septimanas
1915 3879 2003 3956 post·

460 3994 553 4062 qnam
574 3974 614 4043 ab
635 3975 712 4059 ipsis
734 3977 879 4059 requisiti
900 3975 1050 4044 fuemmus
1070 3981 1103 4042 et
1118 3975 1241 4058 moniti,
1261 3974 1540 4059 cannaqucslibet
1553 3974 1712 4043 hostiliter
1724 3975 1811 4058 ipsos
1823 3980 1858 4043 et
1872 3974 2003 4043 heredes

461 4080 599 4165 ipsorum
618 4078 758 4147 volentes
779 4079 937 4162 invadere,
957 4081 1011 4147 ubl
1033 4079 1111 4163 ipsis
1132 4080 1217 4146 iusta
1234 4079 1283 4146 vel
1306 4077 1482 4146 amicabilis
1503 4077 1734 4162 nequiverimus
1754 4077 1873 4162 placita
1891 4096 2004 4163 procu·

459 4202 543 4264 rara3
565 4180 757 4250 salutamen
779 4183 906 4249 domino
927 4183 1068 4251 Bolizlao
1090 4183 1206 4248 illustri
1227 4181 1306 4248 duce
1325 4180 1452 4247 Polouie
1475 4186 1614 4264 excepto,
1642 4187 1753 4247 contra
1780 4199 1875 4264 quem
1897 4188 2004 4249 tamen

459 4286 559 4353 dietas
580 4285 775 4354 marchiones
791 4286 965 4353 levabimus
985 4293 1023 4352 ut
1044 4285 1230 4370 premissum
1249 4288 1308 4366 est,
1330 4283 1358 4350 si
1380 4301 1504 4350 causam
1521 4289 1632 4351 contra
1646 4283 1841 4351 marcluioues
1856 4284 2004 4368 prosequi

460 4389 592 4456 uoluerit
613 4389 716 4455 minus
738 4389 865 4471 iustam,
888 4396 921 4455 et
943 4407 1065 4455 cessare
1086 4388 1225 4454 monitus
1246 4406 1267 4455 u
1287 4386 1376 4453 nobis
1398 4387 1532 4454 noluerit
1549 4387 1591 4454 ab
1604 4388 1724 4456 eadem.
1759 4387 1849 4467 Quod
1871 4393 1905 4453 et
1926 4386 2004 4454 rlicti

460 4491 652 4559 marchiones
673 4510 738 4559 una
760 4510 830 4559 cum
853 4492 1011 4559 nobilibus
1032 4491 1119 4572 viris,
1141 4489 1268 4556 dominc
1289 4489 1450 4555 Walthero
1470 4490 1509 4556 de
1523 4492 1672 4572 hrasten,
1695 4491 1821 4557 domino
1834 4488 2003 4557 Gunthero

460 4596 572 4664 comite
592 4595 632 4662 ule
648 4595 862 4677 Dorenborclr,
884 4595 946 4663 liele
966 4596 1042 4661 «latu
1063 4595 1153 4661 nobis
1174 4595 1320 4660 similiter
1340 4594 1576 4676 praemittentes
1591 4592 1681 4660 nobis
1703 4600 1736 4660 et
1756 4594 1874 4661 nostris
1896 4593 2003 4678 pueris

459 4701 526 4767 sine
547 4696 687 4783 qualibet
709 4698 835 4766 lictione
857 4705 890 4764 et
908 4699 980 4766 ‹lola
1008 4699 1125 4766 iaciunt
1146 4698 1213 4764 uice
1235 4716 1333 4764 versa
1376 4696 1424 4763 Ut
1446 4697 1541 4780 igitur
1566 4696 1709 4781 prolicta
1734 4698 1842 4765 omnia
1867 4717 1889 4765 a
1915 4696 2004 4764 uobis

460 4809 492 4869 et
512 4820 534 4868 a
554 4800 670 4867 nostris
691 4801 799 4885 pueris
821 4801 852 4866 in
876 4807 1061 4884 perpetuum
1084 4798 1305 4865 inviolabiliter
1326 4797 1538 4880 observentur,
1562 4813 1740 4883 presentem
1763 4801 1908 4885 pagiuam
1931 4818 2003 4866 oon·

459 4904 552 4972 scribi
573 4902 701 4970 lucinius
723 4910 757 4970 et
776 4903 872 4988 sigilli
894 4905 995 4970 nostri
1017 4903 1188 4970 munimine
1211 4902 1362 4982 minuati,
1389 4901 1537 4968 milribitis
1560 4903 1695 4971 testibus
1718 4905 1848 4990 plancis
1869 4923 2002 4988 quonum

460 5009 585 5074 numium
605 5013 679 5072 srrrrt
696 5007 769 5072 hec:
790 5007 934 5073 «lominus
956 5008 996 5074 ll.
1020 5005 1214 5072 curbuliensis
1241 5004 1415 5088 episeopus,
1447 5004 1566 5071 lhteleo
1590 5006 1630 5072 ‹le
1657 5007 1788 5088 licinius,
1816 5007 1949 5073 Grotius·
1971 5011 2005 5073 et

460 5111 647 5196 lllyrlerieus
681 5109 720 5176 ale
754 5110 931 5192 libellulus,
964 5113 999 5177 (i.
1028 5111 1142 5190 (filiast,
1178 5107 1392 5193 lleyaleurieus
1420 5108 1460 5173 sle
1489 5109 1587 5174 lusus
1617 5117 1648 5174 et
1677 5109 1731 5175 alii
1762 5128 1857 5193 quum
1888 5110 2003 5194 plures.
