4476 6180
1808 19 1885 109 ibi

439 230 485 300 be
503 219 713 300 benediccione
733 230 773 298 ab
793 234 943 315 episcopie
964 233 996 298 in
1018 252 1095 300 certo
1116 240 1145 299 et
1158 234 1292 315 prasidio
1310 236 1467 313 sadordo,
1482 241 1512 299 et
1526 236 1565 299 de
1577 239 1694 314 proriis
1707 241 1776 316 post
1786 252 1887 314 pron

339 348 417 410 dm
437 338 621 403 exhibendis.
644 335 729 430 Olim
750 335 873 404 solebat
893 353 985 403 sacra
1005 353 1114 403 mense
1135 336 1274 421 episcopi
1294 337 1447 422 reputari,
1469 341 1502 413 et
1522 335 1562 403 de
1582 336 1681 404 sacris
1702 335 1888 421 episcopalis

339 457 442 514 monae
461 437 605 520 reliquiis
626 437 770 506 solebant
792 438 907 505 infirmi
928 437 1067 523 recipere
1089 438 1272 520 sanitatem:
1295 446 1330 507 et
1343 439 1403 506 hoc
1417 438 1498 505 forte
1519 438 1638 504 virtute
1660 437 1887 507 benediccionis

339 539 532 632 episcopalis,
554 558 650 625 quoru
672 541 706 606 iu
727 541 881 625 principio
902 558 1009 607 mense
1030 559 1087 608 sue
1108 541 1246 624 episcopi
1268 541 1335 607 suis
1348 540 1484 626 propriis
1497 541 1630 606 sacrans
1643 545 1678 606 et
1698 542 1888 609 consecratis

338 640 481 715 manibus
501 659 597 726 super
618 642 818 708 convivantes
847 647 881 709 et
909 641 1050 709 convivia
1076 640 1292 724 effundebant,
1317 649 1351 709 et
1380 642 1414 709 iu
1434 641 1496 708 fine
1516 640 1641 726 prandii
1667 641 1728 726 ipsi
1749 644 1888 729 episcopi

338 744 513 834 psalmum
534 743 678 810 acciones
707 762 762 811 ore
786 743 914 828 proprio
941 750 976 811 et
1004 742 1109 810 sobrio
1132 743 1266 810 Domino
1288 743 1475 812 merebant
1519 744 1611 811 Nunc
1630 751 1737 811 nutem
1758 743 1888 826 quidam

338 845 474 935 episcopi
493 864 584 912 suum
605 845 825 912 erubescentes
847 839 1011 927 honorem,
1033 863 1129 930 super
1149 863 1291 911 mensam
1312 863 1402 913 suam
1428 846 1679 914 benediccionem
1701 845 1805 912 facere
1824 863 1888 912 non

338 952 507 1035 diqmntur
526 946 583 1015 sod
604 966 674 1014 eam
695 947 764 1014 lieri
781 945 902 1014 faciunt
920 968 976 1032 per
996 948 1134 1030 aliquem
1157 944 1365 1029 capellanum,
1387 966 1425 1016 ae
1445 950 1474 1015 si
1495 947 1612 1015 milites
1630 953 1737 1014 essent
1751 946 1801 1014 vel
1816 946 1889 1015 laici

339 1051 450 1141 quibus
467 1067 531 1118 noo
553 1052 695 1135 conpetit
715 1050 799 1117 sicut
819 1051 966 1135 episcopo
987 1049 1168 1118 benedicere
1182 1066 1221 1114 ex
1236 1048 1338 1116 oftieio
1351 1048 1533 1132 dignitatis:
1556 1056 1687 1135 propter
1704 1068 1766 1134 que
1779 1069 1888 1118 eorum

338 1157 513 1239 fragmenta
533 1171 592 1220 nec
612 1170 704 1237 egros
725 1152 899 1220 restituunt
919 1152 1077 1237 sospitati,
1096 1170 1154 1218 nee
1168 1169 1275 1218 mense
1289 1151 1430 1235 ipsorum
1451 1171 1540 1220 sacru
1558 1154 1641 1220 sieut
1655 1153 1796 1236 antiquis
1810 1158 1890 1221 tam·

339 1255 465 1345 poribus
486 1260 684 1340 reputantur.
730 1253 901 1338 Cupientes
921 1254 1021 1340 igitur
1039 1260 1077 1320 ut
1099 1253 1284 1337 episcopalis
1312 1270 1423 1322 menso
1450 1254 1492 1321 ad
1512 1253 1659 1322 effectum
1685 1262 1720 1323 et
1739 1254 1889 1324 bonorem

339 1357 505 1447 pristimm
527 1362 707 1424 revertatur
727 1357 923 1440 mandamus,
945 1362 982 1423 ut
1003 1355 1138 1441 quilibet
1159 1354 1378 1439 episcopusin
1401 1356 1553 1440 principio
1575 1376 1682 1425 meuse
1703 1357 1788 1425 dicto
1801 1378 1823 1427 ιι
1837 1377 1890 1427 ca·

281 1498 285 1506 ·
339 1458 462 1547 pellem
479 1475 538 1526 suo
558 1459 610 1525 vel
630 1458 693 1525 alio
719 1457 931 1540 benedicente,
959 1459 1041 1526 idem
1068 1457 1201 1542 incipiat
1219 1456 1268 1524 uel
1294 1457 1377 1524 alius
1397 1458 1581 1543 capellanus
1610 1461 1644 1526 in
1666 1461 1799 1544 prandio
1821 1481 1890 1530 ver·

339 1581 422 1632 mm:
452 1559 544 1629 Oculi
565 1562 705 1629 omnium
726 1569 799 1644 etc,
821 1567 855 1630 et
875 1562 909 1629 in
927 1580 1005 1630 cena
1025 1581 1164 1628 versum:
1195 1560 1300 1627 Edeot
1320 1580 1474 1646 pauperes
1495 1567 1564 1642 etc,
1584 1561 1633 1628 vel
1655 1563 1684 1628 si
1706 1561 1803 1630 fuerit
1822 1562 1890 1630 dies

339 1663 457 1745 ieiunii,
491 1662 624 1731 eundem
645 1681 788 1731 uersum:
821 1663 927 1730 Edant
959 1681 1113 1747 pauperes
1139 1669 1216 1756 etc,;
1251 1668 1284 1731 et
1315 1663 1401 1731 dicto
1427 1663 1469 1731 ob
1496 1663 1656 1746 episcopo:
1687 1663 1732 1728 Et
1762 1683 1804 1731 ne
1833 1683 1892 1731 uos

339 1772 411 1851 cta,
431 1766 520 1834 diest
541 1767 609 1851 ipse
629 1767 796 1851 episcopus
817 1766 1028 1834 benedicendo
1049 1765 1181 1834 dextera
1209 1785 1306 1834 monn
1336 1785 1412 1834 sua:
1444 1763 1582 1831 Benetlic
1609 1764 1744 1831 Domine
1773 1784 1832 1832 nos
1857 1771 1891 1834 et

338 1869 422 1938 dona
443 1874 501 1938 tua
521 1886 583 1953 qne
603 1868 644 1936 de
665 1874 721 1936 tus
742 1869 892 1954 largitate
912 1887 1020 1935 sumus
1045 1869 1201 1954 sumpturi
1223 1887 1280 1954 per
1301 1867 1465 1936 chfistum
1484 1865 1655 1933 Dominum
1676 1872 1836 1949 nostrum:
1858 1872 1892 1935 et

338 1971 424 2039 dicto
445 1990 467 2039 a
487 1970 619 2038 lectore:
640 1970 718 2038 Iube
739 1970 863 2039 Domne
882 1972 931 2038 rel
953 1971 1087 2037 Domim
1109 1970 1302 2054 benedicere,
1324 1972 1411 2038 dicat
1431 1969 1500 2053 ipse
1520 1969 1685 2053 episeopus
1707 1969 1741 2035 in
1759 1969 1891 2055 prandio

338 2072 603 2142 benediccionem:
636 2072 747 2140 Mense
767 2073 893 2141 celestis
921 2072 1093 2158 participes
1118 2071 1216 2140 facim
1240 2091 1298 2140 nos
1328 2091 1384 2139 rex
1405 2077 1514 2138 eterne
1533 2070 1643 2155 glorie,
1671 2089 1747 2138 uero
1767 2070 1838 2139 cibo
1858 2074 1893 2138 et

339 2180 417 2262 potu
438 2174 597 2260 spirituali
619 2174 742 2242 reficiat
759 2192 818 2242 nos
839 2176 1054 2242 misericordia
1076 2174 1210 2256 Christi:
1233 2182 1267 2243 et
1285 2175 1320 2241 in
1334 2192 1412 2241 cena
1426 2173 1691 2240 benediccionem:
1713 2173 1763 2239 Ad
1783 2191 1893 2242 oenam

338 2276 404 2345 rita
424 2281 533 2344 eterne
551 2275 704 2360 perducat
720 2294 779 2343 nos
794 2294 851 2343 rex
865 2277 998 2360 (eterne)
1012 2277 1121 2362 glorie
1143 2276 1260 2344 Lector
1273 2294 1347 2343 vero
1360 2276 1411 2343 vel
1425 2275 1465 2342 de
1486 2274 1584 2343 biblia
1604 2275 1654 2342 vel
1673 2274 1714 2342 de
1733 2274 1797 2342 alio
1813 2274 1893 2344 libro

338 2395 427 2447 sacru
440 2377 604 2463 Scriptura
617 2378 646 2444 si
658 2378 794 2446 voluerit
807 2379 971 2463 episeopus
991 2378 1093 2462 legat,
1111 2378 1251 2460 alioquin
1265 2379 1375 2446 dlebns
1391 2378 1556 2445 dominicis
1571 2383 1606 2445 et
1619 2377 1740 2443 festivis
1752 2376 1893 2462 aliquam

339 2479 467 2548 brevem
487 2480 655 2548 lectionem
673 2479 714 2547 de
734 2480 882 2565 Epistola
900 2481 950 2548 vel
971 2480 1011 2547 de
1025 2480 1206 2566 Ervougelio
1220 2481 1380 2563 dieat,·et
1395 2481 1429 2547 in
1447 2478 1557 2547 diebus
1570 2479 1695 2546 feriatis
1708 2480 1892 2548 leccionem:

341 2581 427 2650 Dens
448 2582 588 2650 charitas
616 2591 667 2650 est
692 2589 753 2651 eta
797 2583 904 2650 Finito
931 2591 1038 2650 sutem
1069 2582 1201 2667 prandio
1230 2582 1318 2650 dieat
1345 2583 1447 2650 lector
1471 2582 1512 2649 ad
1533 2581 1719 2648 mandatum
1740 2581 1892 2665 episcopi:
1941 2639 1943 2642 Α

340 2683 389 2751 'in
408 2688 516 2751 autem
541 2689 618 2765 eta:
650 2685 700 2752 rel
725 2685 781 2752 ille
808 2686 865 2770 qui
891 2685 925 2751 in
951 2685 1107 2770 principio
1135 2703 1242 2752 meuse
1262 2684 1345 2751 dixit
1367 2684 1536 2751 roccionem
1561 2681 1687 2750 brevem
1709 2684 1893 2767 predictam,

341 2805 411 2856 eam
432 2787 467 2853 in
487 2787 550 2854 fine
570 2785 661 2854 liniat
678 2786 829 2855 dicendo:
851 2786 938 2854 Deus
959 2787 1046 2871 pacis
1067 2793 1101 2854 et
1115 2786 1295 2854 dileccionis
1309 2791 1437 2855 maneat
1457 2803 1581 2870 semper
1593 2803 1665 2853 cnm
1680 2785 1825 2853 omuibus
1838 2804 1895 2852 no·
1964 2836 1966 2840 Α

341 2889 429 2972 stris,
450 2893 487 2955 tn
507 2895 617 2956 antem
638 2887 773 2956 Domirm
785 2889 958 2974 (miserere)
973 2888 1079 2972 nobis;
1107 2894 1140 2956 et
1152 2906 1317 2973 responso:
1332 2888 1400 2955 Deo
1413 2889 1545 2973 gracias,
1560 2894 1714 2972 sequatur
1728 2905 1838 2954 versus
1858 2889 1892 2953 in
1986 2896 1988 2901 '

276 3021 281 3032 ·
341 2989 554 3076 fineprandii:
568 2988 788 3058 Conlitoemur
798 2991 858 3057 tibi
868 2990 1003 3058 Domine
1013 2992 1119 3058 omnia
1129 2997 1189 3058 ate
1203 2990 1248 3056 Et
1257 2992 1291 3056 in
1302 2989 1365 3057 line
1375 3009 1452 3059 eene
1464 2992 1552 3058 dicat
1563 3007 1689 3057 versus:
1710 2987 1895 3056 Memoriam

341 3090 417 3160 fecit
436 3093 492 3159 mi.
513 3110 538 3158 s
559 3098 632 3176 etc,
653 3092 766 3161 Gloria
785 3093 875 3160 Patri
896 3100 955 3161 ete.
979 3113 1093 3178 usque:
1115 3092 1297 3161 Seculorum
1312 3112 1420 3176 amen:
1443 3099 1519 3160 tnnc
1532 3092 1619 3159 dieat
1632 3092 1701 3176 ipse
1715 3091 1895 3175 episeopus:

342 3193 474 3278 Am‘mus
495 3195 555 3261 tibi
575 3195 697 3279 gracias
719 3196 917 3280 omnipotens
931 3195 1017 3263 Deus
1033 3201 1105 3278 etc,
1125 3201 1158 3262 et
1171 3212 1339 3279 rmponso:
1361 3196 1478 3277 Amen,
1499 3194 1648 3261 dicantur
1662 3212 1770 3278 preces
1783 3192 1896 3260 diebus

342 3295 507 3364 dominicis
527 3303 562 3364 et
581 3297 704 3365 festivis
725 3303 760 3365 et
777 3297 908 3365 cottidie
928 3298 962 3364 in
984 3316 1078 3365 cena:
1102 3296 1246 3364 Laudate
1267 3297 1438 3364 Dominum
1452 3315 1561 3364 omnes
1580 3303 1709 3381 gentes:
1731 3297 1765 3363 in
1783 3295 1893 3364 disum

342 3416 417 3467 vcro
437 3397 561 3467 feriatis
581 3405 617 3466 et
637 3399 757 3482 ieiunii,
779 3398 830 3466 vel
849 3399 976 3484 quaudo
995 3418 1067 3467 cum
1088 3399 1233 3483 episcopo
1252 3397 1371 3466 fuerint
1391 3399 1529 3484 religiosi
1550 3400 1585 3466 in
1599 3417 1721 3466 mensa:
1744 3398 1896 3467 Miserere

268 3522 274 3530 ·
343 3501 406 3568 mei
425 3499 522 3568 Deus
565 3501 611 3567 Et
630 3502 687 3586 qui
706 3502 838 3571 cottidie
858 3501 962 3569 dicere
983 3501 1136 3569 voluerit:
1163 3500 1315 3569 Miserere
1334 3503 1397 3569 mei
1419 3501 1515 3584 Deus,
1535 3501 1762 3585 approbamus:
1785 3500 1898 3569 Gloria

342 3601 434 3670 Patri
454 3609 527 3687 etc,
549 3603 648 3689 Kyrie
667 3605 806 3689 eleyson,
829 3604 955 3672 christe
975 3604 1112 3688 eleyson,
1141 3603 1240 3688 Kyrie
1260 3604 1398 3688 eleyson,
1420 3603 1517 3671 Pater
1537 3608 1648 3670 noster
1669 3610 1744 3684 etc:
1775 3604 1896 3687 episco-

344 3722 419 3790 pus:
451 3705 497 3772 Et
517 3724 558 3774 ue
579 3724 637 3773 uos
658 3714 734 3789 eta:
763 3713 797 3775 et
818 3715 929 3792 postea
948 3708 1035 3775 dicat
1056 3725 1163 3792 preces
1186 3714 1366 3774 consuetas:
1397 3706 1566 3792 Dispersit,
1587 3706 1676 3772 dedit
1697 3705 1897 3790 pauperibus,

344 3810 405 3873 eta
449 3805 488 3873 lu
509 3807 586 3874 line:
616 3807 764 3875 Oramus:
794 3809 969 3876 retribuere
989 3809 1119 3893 dignare
1147 3807 1280 3874 Domine
1309 3807 1454 3876 omnibus
1480 3809 1572 3875 nobis
1599 3808 1683 3875 bona
1711 3808 1898 3876 mdendbus

345 3911 478 3991 propter
506 3926 620 3975 nomen
640 3915 785 3976 sanctum
806 3915 896 3976 tuum
917 3909 1015 3976 ιιίιιιιιι
1033 3915 1191 3989 'eternam3
1220 3914 1254 3976 et
1272 3927 1436 3994 responso:
1467 3911 1581 3992 Αιιιιιιι,
1607 3911 1693 3978 dicad
1717 3911 1897 3995 episcopus:

344 4006 571 4076 Bmdicomus
592 4009 737 4093 Domino,
759 4010 829 4077 alii:
852 4011 918 4078 lieo
939 4012 1071 4095 graeias.
1111 4010 1286 4094 Episcopus
1307 4012 1418 4078 statim
1439 4010 1692 4079 benediccionem
1713 4012 1817 4080 dando
1838 4013 1899 4079 eir·

250 4183 254 4189 ,
345 4112 585 4195 mmstautibns,
607 4112 710 4181 dicat:
741 4113 913 4181 Benedicat
938 4131 996 4180 uos
1017 4113 1072 4198 qui
1093 4113 1221 4194 crearit,
1243 4112 1377 4180 redemit
1398 4119 1432 4180 et
1452 4114 1541 4198 pavit
1559 4133 1628 4196 nos,
1654 4133 1755 4181 amen
1799 4113 1845 4180 Et
1865 4114 1899 4180 iu

346 4211 408 4282 bne
441 4213 531 4282 dieat
561 4215 742 4300 episcopus:
774 4216 889 4282 Anime
917 4216 1055 4282 omnium
1085 4213 1223 4280 fidelium
1250 4212 1468 4283 defunctorum
1494 4236 1552 4301 per
1572 4216 1819 4284 misericordiam
1837 4215 1897 4283 Dei

347 4316 511 4399 quiescant
527 4317 561 4384 in
582 4335 670 4401 paee,
688 4336 791 4384 amen.
828 4317 1017 4385 Mandamus
1037 4317 1137 4383 eciam
1159 4315 1257 4398 vobis,
1280 4323 1318 4381 ut
1339 4335 1409 4384 eum
1431 4335 1489 4402 per
1509 4319 1656 4386 ciuitates
1677 4325 1711 4385 et
1732 4318 1824 4384 villos
1844 4336 1897 4384 ve·

347 4422 485 4484 strarum
504 4418 673 4503 dyocesum
694 4419 863 4486 transitum
885 4418 1022 4486 feceritis
1044 4417 1224 4501 equitando,
1251 4417 1418 4486 manifesta
1438 4421 1632 4488 beneilicatis
1654 4419 1805 4505 populum
1827 4419 1899 4486 binc

344 4525 381 4589 et
400 4519 484 4603 ludo,
505 4519 645 4588 dicentes
665 4523 700 4588 in
720 4521 863 4589 silencio:
892 4520 1020 4587 Salvum
1041 4521 1091 4587 fne
1112 4520 1263 4603 populum
1292 4528 1382 4588 tuum
1403 4521 1547 4605 Domine,
1573 4533 1607 4591 et
1625 4522 1755 4590 benedic
1776 4520 1900 4588 hoau-

349 4622 408 4689 tatl
429 4629 501 4691 tue:
531 4629 569 4691 ut
596 4642 654 4708 per
680 4624 932 4692 benediccionem
961 4631 1098 4691 vestram
1126 4622 1305 4691 huiusmodi
1334 4623 1435 4693 eidem
1463 4625 1581 4710 populo
1606 4631 1737 4710 moesta
1766 4622 1901 4691 ιοιιίιιίἱιι

350 4724 561 4793 remittantur.

449 4829 497 4893 ne
517 4833 634 4895 clericis
656 4835 812 4894 afraneir
832 4851 892 4895 non
914 4833 1100 4895 ordireondis.
1130 4828 1281 4896 Novimus
1302 4834 1337 4896 et
1356 4830 1479 4914 experti
1501 4847 1611 4896 sumus
1632 4829 1665 4895 iu
1686 4828 1750 4895 alin
1763 4800 1901 4912 mone,

353 4928 431 5010 qaod
452 4928 545 4996 molti
567 4931 671 4998 elerici
692 4932 726 4998 iu
747 4932 814 5010 suis
834 4932 979 5016 partibas
1000 4932 1169 5016 coniugati,
1191 4934 1257 4999 sire
1278 4933 1550 5016 exeommunicati,
1578 4949 1635 4998 seu
1659 4935 1830 5016 apostate,
1852 4931 1901 4999 rel

1691 5051 1742 5110 ὅθ’
