4860 6180
1237 794 1314 881 Ns.
1345 793 1446 882 315.
1558 779 1560 783 ⁴

669 1005 828 1093 Promisi
855 1007 933 1091 dux
958 1007 1108 1092 Polonie
1135 1012 1268 1090 1253
1294 1007 1384 1090 lini.
1414 1013 1502 1107 20,
1526 1008 1569 1092 in
1594 1005 1826 1111 Pogorollcia
1852 1005 1894 1087 in
1920 1006 2118 1110 colloquia

568 1130 646 1202 facit
664 1128 707 1198 de
727 1147 880 1196 consensu
896 1127 1005 1197 matris
1022 1129 1072 1196 sni
1102 1129 1191 1197 ducis
1218 1129 1355 1197 Boleslai
1381 1131 1656 1196 commutationem
1680 1127 1836 1210 villanum
1864 1125 1944 1193 dans
1970 1126 2118 1195 coenobio

569 1234 608 1303 de
628 1231 740 1299 reim
761 1249 819 1316 pro
840 1231 916 1298 villa
937 1231 1133 1298 Wierzenica
1160 1232 1253 1298 villas
1279 1231 1449 1316 Kobsaany
1471 1238 1505 1299 et
1522 1233 1713 1315 Tonisneuo,
1741 1237 1775 1299 ot
1799 1248 1858 1316 pro
1885 1229 1963 1297 villa
1988 1227 2119 1298 losknn

568 1333 730 1404 dimidiam
750 1332 859 1402 villam
880 1332 1005 1415 Sienno,
1028 1352 1144 1418 easque
1165 1333 1308 1417 pluribus
1331 1333 1503 1418 privilegiis
1526 1336 1679 1402 muniens.

671 1440 812 1517 Perpau.
835 1441 949 1517 crypta
981 1440 1007 1500 Z
1025 1436 1127 1501 dudm
1145 1441 1281 1522 picczfcr‘
1300 1435 1430 1515 nicodyt
1447 1440 1715 1518 przymieszoaycb
1729 1440 1891 1518 potestate
1911 1438 1979 1500 dna
1993 1455 2121 1517 amam

566 1545 715 1624 pinno
741 1560 761 1604 z
783 1558 976 1620 samonaco
1000 1541 1166 1620 jednabtu,
1199 1543 1291 1618 maai
1320 1541 1558 1619 aniebteslcicpo
1578 1547 1591 1606 a·
1610 1543 1737 1625 biatcpo,
1768 1543 1869 1622 tutdy
1896 1544 2122 1623 prmleczony

566 1661 661 1728 prm
681 1645 758 1706 uoce
778 1646 909 1708 &balet

671 1743 808 1814 Kamtt.
852 1748 1027 1811 Bibliotcku.
1072 1748 1212 1825 Brplonm
1233 1747 1288 1811 Nr.
1311 1748 1343 1813 4.

624 2014 628 2020 -
673 1965 712 2036 1n
732 1967 858 2034 nomine
878 1966 1006 2035 Domini
1027 1966 1089 2034 Dei
1110 1966 1212 2034 eterni
1234 1985 1336 2035 amen
1380 1965 1533 2047 Quoniam
1554 1967 1660 2052 sepius
1679 1986 1701 2035 a
1719 1966 1871 2035 memoria
1890 1966 2052 2035 hominnm
2071 1985 2123 2034 re·

475 2093 480 2100 ·
573 2069 656 2140 cedit
675 2067 762 2154 quod
779 2070 898 2154 scripto
919 2076 976 2137 ant
996 2070 1078 2137 bono
1100 2069 1280 2136 testimonio
1302 2088 1365 2136 non
1387 2067 1600 2153 confirmatur,
1622 2070 1695 2138 binc
1723 2077 1773 2137 cst
1800 2069 1886 2154 quod
1913 2088 1971 2137 nos
1991 2068 2123 2137 Premisl

574 2171 682 2241 dlrina
702 2169 828 2239 brenta
850 2172 1018 2239 clemencia
1039 2172 1104 2238 dux
1121 2170 1251 2239 Polonie
1269 2191 1341 2240 cnm
1363 2189 1517 2239 consensu
1537 2171 1646 2240 fratris
1667 2172 1770 2240 nonni
1789 2171 1878 2238 duda
1892 2170 2053 2238 Bolezlavi
2066 2189 2124 2237 no·

573 2280 640 2342 bam
657 2272 792 2342 annm
813 2279 880 2342 tam
901 2273 1100 2359 presentibus
1121 2292 1216 2359 qnam
1237 2273 1363 2355 futuris,
1385 2272 1471 2357 quod
1491 2276 1768 2343 commutacionem
1787 2273 1918 2341 lecimus
1937 2291 2008 2341 cum
2030 2290 2123 2341 vanc·

573 2375 666 2446 rabili
679 2375 748 2444 viro
769 2376 895 2444 domino
916 2376 1012 2445 Petro
1032 2374 1148 2444 abbata
1167 2377 1207 2444 de
1228 2376 1362 2443 Luclma
1382 2394 1442 2443 nec
1461 2395 1526 2444 non
1546 2382 1581 2445 et
1598 2377 1750 2444 tratribus
1764 2375 1905 2443 eiusdem
1918 2374 2050 2457 cenobii,
2064 2393 2124 2460 pro

573 2479 655 2548 villis
676 2498 739 2565 qne
758 2486 912 2548 vocantur
932 2480 1099 2548 Verenicia
1119 2487 1153 2548 et
1173 2479 1330 2548 boscnnia
1350 2479 1465 2547 dantes
1485 2480 1532 2547 eis
1557 2480 1616 2547 bas
1636 2479 1746 2547 villas:
1776 2497 1834 2564 pm
1856 2478 2036 2561 Verenicis,
2063 2477 2124 2546 Ca·

574 2581 683 2651 limant
703 2587 738 2650 et
755 2588 857 2650 sortes
877 2583 999 2651 scillcet
1021 2582 1172 2668 Cypriani
1192 2589 1226 2650 et
1249 2583 1365 2650 Zamae
1385 2600 1448 2666 qna
1465 2581 1623 2650 Doroeino
1637 2587 1869 2666 nuncupantur,
1891 2600 1966 2649 cum
1980 2581 2125 2650 omnibus

575 2683 755 2753 attinenciis
776 2689 810 2752 et
831 2685 1023 2752 utilitatibus
1044 2704 1153 2753 earum
1174 2704 1236 2771 quc
1257 2684 1396 2753 nuncin
1413 2685 1459 2752 eis
1480 2692 1557 2752 sunt
1576 2685 1626 2752 rel
1647 2685 1681 2751 in
1699 2691 1862 2769 posterum
1882 2690 2035 2768 poterunt
2051 2703 2125 2770 pro-

574 2787 688 2870 rmire,
707 2792 740 2854 et
762 2806 833 2855 cum
846 2787 975 2855 decimis
996 2806 1113 2871 earum,
1135 2807 1214 2873 quas
1235 2807 1255 2854 a
1276 2788 1403 2856 domino
1416 2788 1555 2856 Falcone
1569 2787 1804 2873 archiepiscopo
1819 2786 2013 2856 Gnesnensis
2026 2787 2125 2857 eccle·

575 2890 620 2958 sie
639 2907 698 2974 pro
719 2889 852 2958 ecclesia
872 2890 913 2958 de
938 2890 1054 2958 Pacost
1079 2891 1281 2973 obtinuimus,
1307 2892 1377 2958 iure
1407 2890 1597 2958 hereditario
1625 2896 1779 2975 perpetuo
1806 2889 2020 2976 possidendas
2062 2889 2126 2958 Pro

576 2989 742 3075 lucania,
764 2991 927 3058 dimidium
949 2990 1055 3060 Sanno
1085 3012 1156 3061 cum
1183 2999 1269 3061 sorte
1294 2992 1458 3061 adiacente
1485 2991 1626 3060 Onchino
1649 2993 1825 3078 vulgariter
1851 2994 2063 3061 nominatam:
2091 2996 2127 3060 et

576 3092 738 3162 dimidium
760 3113 832 3162 cnm
853 3101 939 3162 sorte
960 3094 1127 3163 Soodrowo
1148 3114 1220 3163 cnm
1241 3094 1386 3163 omnibns
1416 3096 1482 3162 suis
1509 3095 1704 3163 utilitatibus
1728 3101 1824 3163 antea
1849 3095 2127 3179 poosonemnczet

576 3198 759 3283 exponimus
780 3215 834 3265 aas
854 3197 996 3266 mnditia
1017 3199 1058 3267 dc
1088 3198 1280 3266 castessaniis
1309 3198 1369 3264 snb
1393 3197 1509 3282 quibus
1533 3204 1631 3266 antea
1655 3197 1783 3265 manant
1809 3198 1991 3266 mmmmm.
2034 3195 2127 3264 Hanc

577 3299 788 3385 predictarum
810 3301 967 3384 villarum,
990 3301 1113 3370 scilicet
1133 3300 1291 3369 Galissani
1310 3308 1346 3367 et
1365 3299 1470 3367 Sanno
1491 3317 1562 3366 cnm
1577 3300 1718 3367 sortibus
1731 3318 1851 3383 earum,
1872 3298 2003 3367 cenobio
2016 3316 2127 3384 supra·

578 3400 661 3470 dicto
682 3401 717 3469 id
737 3408 788 3470 est
806 3402 936 3470 ecclesie
957 3403 1137 3471 Lucknensi
1158 3403 1346 3471 conferimus
1364 3401 1574 3469 omnimodam
1597 3402 1788 3485 libertatem,
1809 3409 1848 3471 ut
1860 3421 1882 3470 a
1896 3401 2127 3470 succasmribns

578 3504 695 3572 nostris
715 3504 939 3574 inviolabiliter
959 3507 1145 3574 observetur
1161 3512 1196 3574 et
1215 3507 1249 3572 in
1269 3506 1494 3589 sempiternum
1515 3505 1639 3573 stabilis
1666 3511 1855 3589 pemmeret,
1867 3589 1873 3600 Ι
1884 3503 2041 3588 privilegii
2056 3522 2127 3571 mn·

579 3605 696 3675 nimine
719 3613 753 3675 et
772 3607 868 3693 sigilli
889 3609 991 3676 nostri
1012 3610 1215 3693 inpressione
1233 3607 1411 3675 limamus:
1433 3608 1481 3674 ita
1500 3612 1539 3673 ut
1558 3607 1623 3673 iam
1643 3606 1728 3674 dicta
1748 3606 1823 3674 ville
1843 3606 1910 3673 sint
1929 3606 2074 3675 ammodo
2087 3604 2129 3674 ab

579 3709 664 3776 omni
699 3710 863 3779 exactione
889 3730 951 3796 qne
980 3711 1158 3779 bninsmodi
1184 3711 1266 3778 solet
1297 3708 1435 3777 exertam
1460 3709 1588 3794 penitus
1613 3708 1712 3776 libem
1739 3714 1773 3776 et
1796 3708 1951 3792 absoluta,
1983 3709 2130 3777 videlicet

579 3828 601 3877 a
619 3810 805 3897 podvorore,
826 3833 848 3880 a
869 3819 984 3896 straza,
1006 3832 1027 3881 a
1047 3833 1162 3900 panos,
1185 3813 1362 3898 aprewod,
1393 3811 1579 3894 apodvodi,
1601 3830 1623 3879 a
1643 3818 1758 3894 castro,
1786 3813 1828 3880 ab
1857 3812 2068 3896 expedicione,
2095 3816 2129 3880 et

579 3913 662 3998 quod
683 3915 774 3982 citati
797 3934 953 4000 nusquam
974 3922 1061 3984 stare
1083 3921 1251 3984 teneantur
1271 3915 1332 3982 uisi
1353 3915 1442 3982 ducis
1462 3914 1559 3981 anulo
1581 3921 1800 3998 provocentur.
1835 3914 1955 3983 Datum
1976 3915 2011 3983 in
2027 3914 2128 4000 Pogo-

579 4016 689 4084 xolicia
705 4016 740 4084 ln
763 4017 918 4101 colloquio
940 4018 1049 4086 habito
1071 4037 1142 4086 cnm
1162 4017 1333 4085 venerabili
1354 4017 1481 4085 domino
1503 4017 1642 4085 Falcone
1660 4017 1898 4103 archiepiscopo
1912 4025 1947 4086 et
1959 4017 2059 4087 fratre
2072 4036 2130 4084 no·

580 4123 646 4186 stro
663 4117 791 4188 domino
812 4119 988 4202 Boleclavo,
1020 4121 1119 4189 tercio
1147 4121 1267 4188 decimo
1296 4119 1455 4187 Kalendas
1481 4119 1574 4201 Iunii,
1604 4139 1687 4188 anno
1712 4120 1946 4189 lucarnacionis
1974 4120 2128 4189 dominice

580 4221 743 4292 millesimo
764 4222 978 4291 ducentesimo
998 4224 1256 4309 quinquagesimo
1278 4224 1385 4290 tercio.
1430 4223 1533 4290 Huius
1555 4224 1721 4292 ruitantes
1742 4231 1833 4292 sunt:
1856 4225 2028 4310 Dyrsicray
2042 4224 2129 4310 pala·

582 4321 666 4392 liuns
687 4324 891 4408 Gnanensis,
913 4325 1066 4411 Pretpolk
1087 4327 1247 4412 palatinus
1269 4326 1501 4409 Poznnniensis,
1524 4325 1721 4394 Domeradns
1734 4326 1828 4394 index
1843 4329 1939 4411 curie,
1961 4327 2130 4413 Bognpha-

581 4421 630 4494 lus
662 4427 854 4496 castellanus
882 4428 1115 4512 Poznaniensis,
1145 4430 1290 4498 lanusins
1318 4429 1509 4496 castellanus
1534 4429 1574 4497 de
1605 4427 1751 4513 Obricba,
1777 4428 1892 4497 Ysaias
1913 4430 2129 4512 cancellarius,

585 4524 720 4599 liicbael
739 4532 883 4601 notarius
903 4532 992 4601 ducis
1013 4540 1047 4602 et
1067 4535 1123 4602 alii
1141 4553 1237 4619 quam
1254 4532 1372 4617 plnres.

684 4732 827 4821 nmina,
849 4706 1169 4820 schutterensis,
1191 4739 1387 4803 Wterzenlca
1416 4733 1583 4821 Loscuma
1599 4736 1731 4806 balaal.
1761 4699 1929 4820 Calissani,
1952 4739 2130 4816 sammaa.

585 4829 748 4925 Manno,
784 4842 961 4908 rosamo.
1010 4840 1134 4921 sucoso,
1167 4840 1295 4906 emoto.
1348 4837 1462 4922 Senon
1488 4845 1610 4908 simo.
1659 4838 2132 4922 &accomodatarum

587 4945 695 5008 adua
737 4941 914 5028 Soodrowo,
939 4947 1198 5010 Szczodrocbomo.
1242 4941 1447 5026 Pogorolicia,
1471 4949 1676 5027 Poporzellca
1719 4943 1865 5029 Obricbs,
1894 4947 2056 5026 (immolo.
