4860 6180
432 194 508 273 818

431 397 534 480 simle,
555 347 733 481 quicunque
753 395 859 481 inerit,
880 352 969 465 sicut⁸
985 412 1079 463 verus
1099 409 1248 479 possesor
1268 400 1302 465 et
1323 393 1470 465 dominns
1498 412 1556 480 per
1584 353 1693 478 ipsum
1715 389 1916 475 coestibutus,
1938 393 1978 462 de
2117 352 2125 463 Ῐ

431 499 575 568 omnibus
594 491 788 568 utilitatibus
809 500 953 585 superius
974 497 1094 564 notatIs
1115 503 1149 564 ct
1169 497 1209 565 dc
1229 498 1302 565 aliis
1316 516 1378 582 quc
1392 497 1437 565 ibi
1458 496 1674 582 percipiuntur
1694 495 1744 564 sel
1762 495 1796 563 in
1816 501 1979 580 posterum
2119 474 2124 521 ⁵

340 675 344 683 ,
432 604 582 687 poterunt
602 602 721 687 percipi
743 603 776 671 in
798 603 907 671 cadem
929 601 1058 669 civitate
1079 606 1113 667 et
1133 601 1218 683 villa,
1240 602 1281 668 nd
1303 600 1504 686 sepulchrum
1525 599 1612 668 illius
1632 599 1800 667 luminaris
1820 605 1978 683 procuret,
2120 626 2125 687 j

432 702 631 789 usquelibet
651 703 704 773 die
724 711 758 773 et
778 704 1028 774 noctemdesnt
1048 702 1082 769 in
1103 709 1302 788 perpetuum.
1344 703 1510 788 Disposuit
1526 703 1624 771 etiam
1644 701 1705 769 hoc
1725 703 1809 770 idem
1823 700 1911 783 -dux,
1942 707 1980 769 ιιι
2038 705 2042 712 ’
2120 708 2126 783 3

294 860 298 868 .
432 806 466 874 in
487 804 611 892 prelata
631 808 763 876 ecclesia
785 827 843 892 pru
863 807 970 874 anima
991 805 1090 890 ipsius
1111 812 1145 874 et
1166 826 1225 891 pru
1247 806 1369 887 ceteris,
1391 804 1432 873 de
1450 805 1568 873 eisdem
1589 804 1679 873 bonis
1699 823 1758 888 per
1775 803 1915 871 eiusdem
1929 821 1980 870 ec·

433 907 528 978 clesie
549 909 694 978 custodes
715 912 810 978 misse
831 909 1050 980 detunctorum
1076 913 1283 993 procurentur
1308 908 1450 992 qualibet
1475 909 1537 990 die,
1565 908 1593 974 si
1619 907 1687 973 fieri
1716 912 1831 992 potest,
1860 906 1911 973 vel
1938 905 1979 972 ad

436 1012 540 1079 minus
561 1011 703 1096 qualibet
724 1012 862 1080 oecunda
881 1011 972 1094 ieris,
994 1012 1045 1080 vel
1067 1011 1131 1079 alio
1152 1011 1203 1079 die
1223 1012 1279 1095 qui
1298 1009 1459 1080 commode
1481 1010 1654 1096 poteritis
1672 1010 1848 1092 septimane
1873 1007 1980 1076 obser·

434 1114 520 1197 rsrl;
539 1115 618 1183 dans
639 1114 741 1181 eidem
762 1115 883 1182 civitati
905 1122 938 1184 et
959 1114 1139 1183 bominibus
1163 1114 1330 1183 destinatis
1355 1114 1389 1180 ιιι
1417 1111 1554 1180 officim
1584 1111 1834 1179 sanctuarinmm
1854 1111 1980 1195 plenam

436 1222 471 1285 et
492 1215 701 1284 omnimodum
723 1234 744 1283 a
766 1216 900 1299 preuod,
923 1223 1039 1299 strena,
1061 1237 1082 1285 a
1103 1234 1220 1301 porros,
1243 1234 1377 1284 amnas
1401 1219 1437 1282 et
1456 1212 1656 1296 sbjomnibus
1669 1213 1741 1281 aliis
1755 1211 1980 1295 exactionibus,

433 1316 651 1400 solutionibus,
674 1316 889 1402 petitionibus,
910 1325 944 1386 et
965 1338 986 1386 n
1006 1318 1148 1404 qnalibet
1168 1319 1320 1388 citatinm
1337 1317 1528 1399 libertstem,
1557 1315 1727 1384 decernens
1753 1333 1823 1384 eam
1843 1332 1914 1382 esse
1934 1315 1983 1381 ita

435 1420 663 1507 privilegiatam
684 1425 719 1487 et
738 1419 880 1502 liberam,
901 1427 940 1489 ιιι
961 1429 1037 1489 sunt
1057 1440 1166 1489 omnes
1186 1421 1249 1490 alie
1270 1422 1344 1488 ville
1364 1419 1495 1502 antique
1509 1418 1639 1485 ecclesie
1651 1402 1883 1484 Poznnniensis.
1913 1415 1982 1483 Nos

433 1529 542 1592 anoem
560 1521 793 1591 considerantes
816 1529 882 1590 tam
904 1524 988 1608 piam
1011 1531 1046 1592 et
1065 1524 1212 1591 devotam
1233 1529 1268 1591 et
1285 1521 1493 1590 neooesnrism
1512 1519 1621 1587 irntris
1647 1521 1750 1587 nostri
1770 1519 1982 1601 donationem,

435 1625 598 1694 medentes
618 1625 769 1694 debonis
790 1625 857 1694 Deo
878 1626 992 1695 dicatis
1012 1646 1077 1695 una
1097 1647 1175 1711 cum,
1195 1627 1264 1711 ipso
1290 1625 1324 1693 in
1349 1643 1446 1708 regno
1469 1622 1605 1691 celorum
1632 1622 1824 1708 participari,
1850 1619 1983 1691 oendem

435 1725 637 1797 donationem
659 1746 721 1812 que
742 1728 988 1797 misericorditer
1008 1736 1059 1798 est
1080 1730 1164 1798 beta
1177 1729 1290 1796 devote
1308 1726 1537 1808 oonfimsmns,
1560 1724 1780 1810 promittente
1801 1723 1869 1791 Deo
1882 1729 1918 1792 et
1931 1741 1983 1792 ec·

436 1828 531 1899 slesie
552 1828 637 1897 besti
657 1828 745 1897 Petri
764 1849 785 1898 n
806 1830 896 1897 nobis
918 1836 953 1898 et
970 1849 991 1897 a
1011 1832 1129 1899 nostris
1151 1828 1441 1915 posterisprmiter
1460 1824 1499 1895 et'
1515 1826 1737 1895 inviolabiliter
1749 1829 1783 1894 in
1796 1831 1984 1912 perpetuum

435 1930 470 2000 ln
490 1931 634 2000 omnibus
654 1931 824 2000 observari
859 1931 906 2001 Ut
927 1938 1034 2001 wtem
1055 1938 1089 2001 et
1109 1932 1224 2001 nobilis
1242 1931 1430 2018 strip-frenis
1450 1930 1552 1999 nostri
1573 1930 1712 2011 donsdo,
1733 1948 1795 2014 que
1809 1947 1866 2014 per
1879 1929 1984 2016 ipsum

435 2033 499 2103 rite
518 2040 552 2102 et
572 2034 727 2120 legittime
748 2041 798 2101 est
818 2033 913 2118 lactu,
934 2055 992 2120 per
1013 2052 1071 2103 nos
1088 2036 1322 2120 inperpetuum
1335 2033 1470 2101 firmiter
1482 2040 1517 2101 et
1528 2031 1752 2101 inuiolabiliter
1773 2030 1985 2114 confirmetur,

435 2142 613 2222 presentem
633 2138 781 2221 pagirram
802 2138 836 2204 in
858 2138 1074 2205 testimoninm
1096 2137 1190 2204 buius
1210 2136 1286 2205 iacti
1306 2137 1402 2221 sigilli
1423 2136 1525 2204 nostm
1546 2135 1719 2203 munimine
1740 2135 1871 2203 fecimus
1892 2133 1985 2202 robo-

436 2237 512 2306 rari
554 2238 671 2306 Actum
692 2237 725 2304 in
746 2238 874 2305 Poznan
890 2256 975 2306 suno
996 2238 1125 2306 Domini
1145 2238 1368 2307 dcccvii
1389 2237 1509 2306 xvm
1532 2237 1606 2323 (sic)
1632 2237 1707 2305 ldns
1734 2236 1826 2319 Iunii,
1856 2256 1985 2323 presen-

283 2400 286 2406 .
436 2338 537 2407 tibus:
559 2339 673 2408 comite
692 2339 828 2408 lnrostio
850 2339 952 2408 iudice
973 2358 1088 2424 magno
1111 2341 1197 2408 curie
1219 2347 1338 2423 nosue,
1359 2340 1486 2408 domino
1503 2337 1644 2407 Iohanne
1658 2339 1843 2408 cancellario
1863 2346 1985 2423 nostro,

436 2439 593 2509 Blisborio
612 2441 714 2509 milite
734 2441 800 2509 filio
818 2443 978 2527 quondam
999 2442 1087 2510 Petri
1105 2443 1145 2509 de
1164 2442 1354 2525 Dlebouise,
1375 2442 1516 2510 Mertino
1537 2442 1604 2510 lilio
1635 2442 1792 2527 quondam
1820 2442 1986 2512 dlbrsebti

436 2543 549 2626 milite,
571 2543 702 2612 Nicolno
723 2543 825 2612 milite
845 2543 911 2611 filio
933 2544 1092 2630 quondam
1114 2544 1270 2628 Gregorii,
1290 2544 1416 2612 domino
1437 2545 1593 2629 Myrostio
1621 2545 1755 2630 plebnno
1783 2545 1823 2613 ds
1845 2544 1985 2628 cestris,

404 2697 406 2701 >
437 2643 562 2713 Mothis
581 2646 705 2714 notario
727 2653 845 2729 nosue,
868 2646 982 2731 quide
1003 2652 1114 2714 nosbn
1133 2646 1298 2715 voluntnte
1317 2651 1353 2714 et
1371 2646 1522 2714 mandato
1543 2646 1585 2714 ad
1606 2647 1689 2714 idem
1709 2647 1907 2732 privilegium
1929 2666 1986 2734 ap·

437 2747 545 2833 posuit
564 2754 708 2816 nostnrm
728 2749 877 2834 sigillum
898 2755 932 2815 et
953 2748 1063 2816 multis
1083 2749 1156 2817 nbis
1176 2749 1283 2834 probis
1299 2754 1335 2817 et
1353 2748 1496 2817 houoetis
1516 2749 1695 2818 bominibus
1715 2751 1771 2835 qni
1784 2755 1861 2819 tunc
1881 2753 1916 2819 in
1929 2769 1987 2819 no·

437 2856 508 2919 stre
527 2850 616 2919 οιιιιι
634 2858 799 2936 presentes
819 2851 958 2921 inerunt
1994 2889 1999 2898 ·

541 3053 625 3140 Buk,
647 3059 725 3124 Bulc
768 3054 957 3141 Dlebouize,
979 3058 1142 3124 eunom
1186 3055 1325 3142 Castris,
1347 3061 1508 3142 Kostrzprn

1033 3442 1035 3446 ,
1106 3355 1180 3442 Ns.
1212 3351 1314 3442 358.

545 3551 909 3658 Alexandeer.1l
928 3558 1060 3635 1257
1086 3550 1173 3637 lun
1199 3556 1248 3650 8,
1272 3551 1452 3654 viterbis
1479 3568 1724 3656 meumscopo,
1751 3570 1933 3656 praeposito
1954 3577 1990 3640 et

434 3671 662 3741 archidiacono
683 3673 922 3741 Gneznensibus
944 3672 1084 3756 mandet,
1106 3679 1144 3739 ιιι
1157 3672 1253 3740 duces
1268 3672 1427 3756 Ouinvise,
1448 3672 1589 3741 Kalisine
1602 3677 1637 3741 et
1649 3672 1810 3741 lineolae
1827 3679 1988 3757 moneant,

439 3791 482 3842 ns
502 3773 631 3844 clericos
659 3774 894 3860 privilegiorum
923 3774 1188 3843 accendendorum
1219 3792 1317 3842 censa
1340 3775 1375 3842 in
1401 3775 1505 3858 curies
1531 3793 1606 3843 snas
1634 3779 1670 3843 et
1688 3775 1730 3843 sd
1750 3775 1907 3859 conoquia
1932 3794 1990 3862 per

293 3890 296 3896 ·
439 3874 512 3944 lons
531 3876 705 3961 periculosa
725 3882 760 3945 et
782 3895 911 3945 nemora
931 3877 1039 3946 citent
1119 3948 1125 3958 ,

546 3979 743 4048 ΜωίιιεΙιὶ.
788 3984 910 4046 Kodekt
928 3984 1058 4061 katedry
1076 3977 1289 4058 Krakmkt‘h‘
1307 3982 1337 4058 I,
1358 3981 1413 4047 56.
1447 3979 1491 4066 (Ζ
1504 3987 1689 4063 ραθωίιιιι
1709 3987 1825 4066 oswin
1847 3991 1990 4064 mim·

440 4100 518 4164 nepo
538 4084 634 4172 toup:
654 4082 834 4152 Alexander
854 4082 913 4169 Pp.
935 4082 1023 4170 1111).
1848 4084 1854 4093 ’

544 4287 723 4357 Alexander
743 4288 907 4373 episcopus
928 4306 1037 4356 servus
1060 4307 1222 4357 serrorum
1243 4286 1313 4371 Dei,
1340 4287 1511 4356 vmmabili
1529 4287 1664 4358 fratri..
1694 4288 1929 4376 archiepiscopo
1955 4296 1992 4359 et

440 4386 566 4458 dllectis
584 4389 658 4457 tiliis
670 4439 700 4457 ..
722 4391 884 4475 preposite
907 4396 941 4457 et
952 4439 983 4459 ..
1005 4390 1226 4459 nrcbidiscono
1248 4390 1486 4459 Gneznensibus
1505 4391 1642 4459 mutem
1664 4396 1698 4460 et
1717 4393 1922 4477 apostolicam
1936 4393 1991 4461 be·
2041 4442 2047 4451 «

441 4489 661 4560 sedictionem
704 4491 755 4558 Ex
776 4498 867 4576 parte
889 4493 1105 4561 uniuersorum
1128 4493 1322 4579 prelatorum
1340 4492 1544 4562 ecclesiarum
1565 4495 1724 4580 provincie
1736 4494 1866 4563 Polonie
1885 4496 1991 4580 grauis

441 4593 534 4661 nobis
555 4599 606 4662 est
625 4593 734 4662 oblata
754 4594 892 4678 querele,
914 4596 998 4678 quod
1018 4615 1100 4679 cum,
1127 4596 1283 4664 nobilibus
1313 4595 1390 4662 viris
1409 4594 1548 4678 Cuievie,
1570 4596 1611 4681 de
1631 4595 1722 4664 cnlix
1740 4615 1777 4665 ec
1798 4597 1939 4667 bissenis
1958 4603 1994 4667 et

442 4696 603 4764 nonnullis
624 4696 695 4764 aliis
716 4695 848 4763 ducibus
868 4715 907 4764 ac
928 4697 1099 4766 baronibus
1120 4699 1205 4768 dicte
1225 4697 1394 4783 provincie,
1418 4702 1581 4781 umqum
1601 4698 1657 4782 qni
1678 4698 1818 4767 lilertnti
1845 4699 1992 4769 ecclam

441 4798 523 4868 sdes
543 4798 693 4881 inrident,
720 4798 822 4865 multa
848 4804 960 4867 contra
988 4801 1222 4885 privilegiorum
1251 4816 1469 4869 eoueoesorum
1494 4800 1573 4884 ipsis
1601 4799 1635 4867 in
1660 4819 1769 4870 eornm
1789 4803 1930 4871 ecclesiis
1950 4804 1992 4873 sb
2112 4854 2116 4860 .
2143 4886 2146 4893 ,

436 4898 490 4968 sis
515 4907 550 4968 et
575 4900 714 4985 ipsorum
742 4901 994 4986 progenitoribus
1024 4903 1288 4987 prementibus,
1320 4903 1416 4970 iidem
1446 4902 1584 4988 allegent
1609 4902 1772 4989 privilegia
1798 4912 1992 4975 memorab:

436 5000 579 5087 predicti
600 5003 693 5071 ducos
713 5009 747 5071 et
768 5003 911 5086 barones,
931 5009 968 5071 ιιι
988 5005 1038 5072 uel
1060 5007 1133 5091 ipss
1153 5007 1200 5073 eis
1221 5005 1352 5073 liberius
1371 5004 1520 5072 auferent
1539 5004 1590 5073 vel
1610 5007 1696 5091 ipsos
1708 5006 1896 5076 defraudent
1907 5027 1993 5077 com·

442 5103 545 5172 mndis
566 5105 744 5189 eorundem,
764 5103 885 5176 beluus
906 5125 945 5175 ea
962 5106 1023 5175 sibi
1044 5107 1151 5177 nderri
1173 5129 1231 5194 per
1251 5108 1347 5177 silves
1367 5113 1402 5174 et
1427 5125 1556 5176 nemore
1580 5107 1622 5177 sd
1648 5111 1752 5179 cades
1779 5117 1814 5178 et
1836 5110 1994 5199 ωιιοιιιιιιι
