4860 6180
537 461 612 538 518

504 621 507 629 ι
535 663 634 732 briele
654 667 791 746 cantore,
815 661 959 747 Philippo
980 661 1108 730 crustode
1129 661 1381 743 Gneznensibus3
1404 662 1610 730 Wiostiborio
1632 662 1792 748 preposito
1808 661 2014 745 Luneieiensi,
2028 681 2081 731 oo·

535 767 614 835 mite
633 766 795 834 Benacido
817 767 974 852 pincerna,
997 767 1110 834 comite
1132 765 1263 834 Nicoiao
1284 765 1468 847 annutante,
1492 765 1643 835 Miresbo
1665 766 1824 852 preposito
1846 765 2026 848 Kalisicnsi,
2048 771 2083 833 et

535 869 607 941 aliis
630 869 738 939 multis
757 869 876 938 adhoc
897 869 1031 951 vocatis;
1053 869 1104 936 dic
1123 874 1157 936 et
1174 887 1257 936 anuo
1280 874 1440 953 utsupra

640 1076 820 1163 Gremoena,
843 1081 1046 1145 rnnmzno.
1091 1075 1338 1162 Nenenene.
1383 1075 1529 1161 Proxino,
1554 1082 1702 1160 Proozyrr.

1202 1380 1276 1466 Nr.
1308 1377 1409 1468 555.
1487 1361 1494 1377 ’

640 1574 825 1662 &nundus
851 1576 1010 1660 Prominl
1036 1578 1113 1659 dur
1138 1575 1288 1660 Polonie
1314 1579 1448 1659 1285
1466 1576 1554 1663 bini
1572 1583 1643 1675 15,
1661 1576 1905 1678 1511551155,
1921 1593 2082 1679 nysseno,

540 1697 747 1768 hereditatem
778 1696 902 1764 comitis
935 1697 1079 1764 Andreae
1098 1695 1209 1764 iudicis
1235 1697 1275 1764 eb
1308 1699 1393 1765 omni
1422 1698 1492 1765 iure
1515 1698 1662 1768 Polonico
1687 1696 1814 1781 exeipit,
1842 1702 1876 1763 et
1899 1694 2083 1764 ineuimtem

540 1801 683 1874 concedit
704 1801 864 1870 civitatem
886 1800 1000 1869 ibidem
1022 1799 1080 1867 sub
1100 1797 1201 1866 forma
1219 1801 1356 1868 civitatis
1376 1800 1485 1869 Kalisz
1507 1801 1701 1870 aedificandi.
2064 1843 2065 1846 =

644 1910 782 1987 Peracta.
805 1911 920 1988 ornain
964 1909 1075 1985 Bmpi
1097 1907 1222 1992 obetptm
1242 1909 1317 1970 dete
1334 1908 1455 1971 deiurio
1485 1909 1527 1972 od
1552 1909 1787 1988 przymieezenio
1809 1902 1924 1984 jocep·
1940 1909 2082 1991 pieczpci.

644 2012 846 2077 mamae.
883 2008 977 2078 Prie.
1004 2011 1089 2074 Cotto.
1117 2011 1188 2074 Cau.
1208 2011 1279 2088 Rea.
1300 2010 1403 2076 Later.

616 2241 620 2248 ·
638 2215 676 2284 In
697 2216 823 2283 nornine
844 2215 971 2283 Domini
992 2232 1093 2283 amen
1138 2214 1291 2296 Quoniam
1308 2215 1396 2301 longi
1417 2222 1539 2285 tractus
1561 2221 1736 2303 temporum
1762 2215 1885 2284 iaciunt
1912 2215 2085 2300 antiquita·

535 2325 612 2402 tem,
633 2319 807 2404 antiquitas
825 2337 901 2387 vero
922 2318 1120 2400 oblivionem,
1143 2318 1258 2386 oblivio
1277 2326 1510 2388 autem-rerum
1531 2325 1675 2388 actarum
1696 2318 1975 2402 exbinnnicionem,
1997 2318 2085 2387 exhi·

536 2424 660 2493 nanicio
680 2427 811 2508 generat
831 2422 956 2506 penitus
976 2420 1198 2505 eonteionen,
1219 2441 1346 2492 necesse
1366 2430 1417 2492 ost
1436 2441 1511 2508 ergo
1532 2429 1570 2491 ut
1590 2422 1675 2491 fecta
1701 2441 1763 2508 que
1778 2429 1916 2508 agamur
1928 2443 1950 2491 a
1962 2424 2085 2509 sapien·

536 2527 633 2610 tibns,
652 2526 859 2596 annotacione
880 2525 1008 2593 testium
1029 2545 1067 2594 ac
1087 2526 1198 2611 scripti
1217 2528 1376 2594 notamine
1396 2527 1592 2596 roborentur.
1626 2525 1729 2611 Igitur
1749 2544 1807 2594 nos
1829 2527 1986 2595 secundus
2007 2526 2084 2594 Pre-

537 2630 612 2700 mizl
633 2629 694 2698 Dei
712 2630 821 2716 gracie
841 2629 905 2697 dux
926 2628 1054 2696 Polonie
1075 2635 1185 2696 notum
1206 2628 1338 2697 fecimus
1358 2629 1512 2698 universis
1533 2636 1599 2697 tam
1619 2629 1818 2724 presentibus
1844 2649 1940 2715 quam
1968 2629 2085 2701 futuris

537 2739 714 2820 presentem
742 2730 1119 2818 paginam-intuentibus,
1145 2731 1229 2816 quod
1255 2739 1366 2800 nostra
1388 2732 1473 2801 bonu
1492 2731 1654 2799 voluntate
1682 2738 1717 2800 et
1742 2730 1888 2800 fidelibus
1911 2734 2086 2818 prospectis

536 2835 678 2904 serviciis
699 2835 822 2903 comitis
839 2835 965 2903 Andree
986 2834 1096 2902 iudicis
1114 2835 1225 2918 nostri,
1247 2835 1457 2903 omnimodam
1475 2835 1655 2902 libertatem
1674 2835 1708 2901 in
1734 2833 1865 2902 Rissevo
1895 2835 2086 2903 contulimus

538 2938 599 3008 sibi
619 2945 653 3008 et
673 2939 739 3006 suis
756 2939 892 3024 posteris
914 2940 982 3006 iure
1003 2937 1191 3005 hereditario
1213 2937 1442 3022 possidendam,
1465 2944 1499 3006 et
1513 2943 1677 3022 exceptam
1690 2937 1732 3006 ab
1745 2938 1831 3006 omni
1845 2939 1914 3006 iure
1927 2938 2086 3022 Polonioo,

538 3061 687 3129 upovoz,
708 3061 729 3110 a
748 3043 875 3128 preuod,
898 3061 919 3109 n
939 3060 1044 3123 umor,
1065 3059 1087 3107 a
1107 3046 1222 3124 sunna,
1251 3041 1370 3109 above
1398 3047 1431 3108 et
1454 3059 1559 3122 vacca,
1581 3060 1601 3108 a
1620 3041 1718 3110 castri
1744 3041 1906 3125 dudone,
1929 3062 1950 3110 a
1971 3043 2087 3126 pedro·

538 3163 622 3229 rove,
645 3151 679 3214 et
698 3145 740 3213 ab
761 3145 833 3213 uiiis
854 3143 999 3212 omnibus
1020 3132 1229 3211 solucionibus
1258 3162 1454 3229 quocumque
1479 3143 1605 3212 nomine
1631 3150 1831 3225 censeantur3
1857 3131 2088 3213 benennon

539 3267 610 3333 que,
632 3247 717 3333 quod
737 3249 771 3316 in
793 3247 904 3316 eedem
925 3246 1109 3329 hereditate,
1131 3247 1252 3315 scilicet
1272 3247 1412 3330 Rissevo‚
1433 3247 1545 3314 damus
1566 3246 1668 3315 eidem
1688 3266 1806 3331 sueque
1825 3248 2006 3332 posteritati
2020 3249 2087 3335 pie·

538 3352 701 3420 nissimam
721 3349 903 3419 facultatem
932 3352 1091 3418 civitatem
1119 3350 1283 3418 edificandi
1313 3351 1372 3418 sub
1396 3349 1499 3418 forme
1525 3351 1664 3420 civitatis
1693 3357 1802 3420 nosue
1828 3351 1930 3434 Ketis,
1958 3357 1997 3419 nt
2023 3371 2086 3437 quo

537 3455 607 3523 iure
628 3454 711 3524 eines
731 3454 940 3523 Kaiissienses
961 3452 1118 3537 beantur,
1144 3453 1253 3542 codem
1278 3455 1361 3522 eines
1385 3454 1426 3522 de
1447 3453 1578 3522 Rissevo
1598 3454 1767 3539 gaudeant
1812 3454 1976 3538 Volumus,
1999 3459 2033 3523 et
2053 3455 2087 3522 in

538 3556 642 3627 causis
660 3561 726 3626 tum
748 3550 870 3643 magnis
891 3577 987 3643 quam
1005 3557 1120 3641 parvis,
1143 3557 1236 3625 sicuti
1250 3558 1284 3624 in
1298 3558 1459 3641 incendiis,
1481 3557 1747 3641 mutilationibus,
1764 3557 1975 3626 abcisionibus
1989 3576 2087 3626 mem·

537 3660 666 3729 brorum
686 3666 721 3729 et
740 3662 775 3728 in
796 3661 866 3728 aliis
888 3660 1042 3743 omnibus,
1064 3659 1282 3728 transferimus
1303 3669 1446 3729 nostrum
1465 3661 1627 3728 denarium
1646 3660 1732 3728 dicto
1756 3660 1852 3759 militi
1873 3661 2002 3744 suisque
2016 3679 2087 3728 sue

539 3763 714 3834 censoribus
734 3764 832 3833 libere
853 3765 1075 3848 condonantes,
1098 3765 1157 3832 tali
1178 3765 1280 3847 modo,
1302 3771 1341 3833 ut
1360 3764 1466 3831 nullus
1488 3769 1597 3832 noster
1621 3764 1791 3841 advocatus
1814 3764 1879 3831 sive
1900 3768 2088 3848 procurator

539 3867 623 3936 dicte
644 3867 782 3936 civitatis
803 3867 918 3936 indicio
939 3868 1052 3936 debeat
1072 3868 1233 3936 interesse.
1262 3869 1442 3954 Fornmque
1459 3867 1577 3936 habeut
1597 3868 1684 3936 diota
1705 3868 1817 3936 civitas
1839 3867 1919 3936 feria
1939 3868 2086 3937 secunda

539 3969 757 4040 Proteotamur
777 3973 887 4055 eciam,
909 3972 993 4057 quod
1012 3991 1115 4040 comes
1134 3971 1292 4057 Nyoolaus
1314 3978 1424 4040 noster
1446 3976 1577 4039 venator
1590 3971 1693 4039 dictus
1707 3969 1816 4054 Zamb,
1839 3969 1931 4038 heres
1946 3970 1986 4038 de
2000 3970 2088 4038 Stre·

539 4093 625 4158 neno,
644 4093 739 4160 super
758 4075 880 4143 decima
901 4093 963 4159 qne
983 4080 1108 4160 spectat
1128 4074 1247 4159 capelle
1268 4075 1308 4142 de
1330 4074 1479 4143 Strezevo
1501 4073 1683 4141 incivitate
1697 4073 1838 4155 Rissevo‚
1857 4091 1964 4140 coram
1979 4079 2089 4141 nostra

540 4178 703 4264 presencia
724 4184 757 4247 et
775 4183 955 4246 nostrorum
977 4177 1128 4245 baronum
1151 4177 1347 4261 capellanum
1370 4197 1463 4244 suum
1485 4196 1549 4244 non
1570 4176 1642 4261 plus
1662 4176 1724 4243 nisi
1746 4177 1825 4243 duas
1839 4194 1961 4244 marcas
1982 4176 2089 4261 singu·

539 4280 581 4348 lin
600 4282 692 4350 annis
712 4287 925 4366 accepturum.
968 4281 1016 4348 Ut
1036 4286 1143 4348 summ
1174 4281 1231 4348 hec
1254 4287 1364 4348 nostro
1383 4280 1515 4347 donacio
1544 4286 1578 4347 ct
1605 4279 1800 4347 eonstmceio
1829 4278 1923 4345 huius
1950 4279 2089 4347 civitatis

539 4389 612 4452 rata
631 4402 670 4452 ae
691 4383 782 4451 firme
802 4402 951 4469 processu
974 4385 1123 4467 temporis
1143 4384 1248 4450 nmmo
1268 4403 1459 4468 peruenere,
1483 4387 1658 4467 presentem
1673 4383 1813 4449 litterum
1834 4387 1944 4449 nostro
1958 4382 2088 4450 annullo

539 4485 670 4555 fecimus
690 4487 834 4571 insigniri
854 4485 1050 4571 presentibus
1071 4487 1132 4553 biis
1155 4487 1303 4554 testibus:
1326 4486 1440 4554 comite
1462 4485 1592 4553 Prezlno
1614 4485 1786 4554 castellano
1814 4486 1853 4552 de
1874 4485 2014 4570 (inmun,
2037 4505 2089 4554 co·

540 4584 617 4657 mite
637 4590 794 4674 Bognslno
814 4588 985 4657 castellano
1007 4588 1046 4655 de
1067 4588 1149 4657 Usce
1171 4597 1204 4656 et
1225 4590 1458 4657 subcamerario
1480 4589 1697 4671 Pounaniensi,
1720 4590 1834 4657 comite
1848 4588 1925 4656 vito
1939 4590 2090 4674 pincerna

541 4690 728 4775 Gneznensi,
750 4692 865 4759 comite
887 4691 999 4759 Iacobo
1022 4692 1191 4760 castellano
1212 4693 1252 4761 de
1273 4694 1430 4777 Rogoznu,
1453 4693 1567 4761 comite
1583 4692 1721 4778 Nycciao
1736 4698 1886 4759 venatore
1900 4692 2089 4775 Gnezncnsi,

541 4796 655 4864 mnnita
684 4796 815 4863 biberto
842 4795 1072 4863 subcamerario
1099 4794 1285 4862 Gnezncnsi.
1337 4796 1455 4862 Datum
1480 4795 1515 4861 in
1542 4794 1683 4879 Mogilna
1711 4814 1794 4863 anno
1824 4794 1930 4879 grecie
1962 4795 2089 4864 Domini

543 4896 749 4966 MOCLXXX
771 4899 893 4982 quinto,
915 4898 1067 4983 scriptum
1088 4896 1202 4965 ibidem
1225 4899 1322 4967 tercio
1343 4898 1395 4965 die
1415 4898 1627 4967 nonnosus.

643 5104 782 5189 Risscvo,
816 5111 965 5188 nysseno.
1024 5103 1181 5188 Steunene,
1216 5110 1386 5188 Strzpkcmo
1416 5110 1572 5174 Postume.
1629 5102 1726 5186 Uene,
1764 5106 1871 5184 meon.
1938 5104 2088 5190 Mopilm.

545 5211 687 5289 Hooilno.
