4860 6180
601 524 793 621 soo'

599 744 760 813 servitoris
781 745 882 812 nostri
903 744 1021 811 Erasini
1042 744 1208 825 balistarii,
1232 743 1308 810 civis
1331 742 1526 824 Kalisiensis,
1548 743 1608 810 sibi
1629 743 1758 827 suisque
1784 740 2015 810 successoribus
2042 739 2147 824 legiti-

599 848 660 914 mis
680 867 776 931 super
792 854 929 931 quatuor
951 848 1068 932 mansis
1088 848 1216 914 invilla
1236 853 1348 914 nostra
1368 846 1484 914 Dobric
1506 846 1576 912 sitis
1597 846 1709 912 damnus
1736 846 1946 912 omnimodam
1967 844 2147 911 libertatem
2230 886 2231 889 =

599 950 669 1017 iare
689 950 880 1017 hereditario
902 951 935 1016 ia
956 956 1142 1035 perpetmu
1164 949 1394 1033 possidendum,
1415 949 1463 1015 ita
1485 953 1522 1014 at
1543 949 1629 1015 nullo
1651 948 1782 1015 servicio
1797 966 1855 1013 noc
1868 946 1977 1030 aliqua
1990 946 2149 1013 solucione

600 1051 690 1119 nobis
711 1058 745 1120 et
766 1054 883 1119 uostris
904 1053 1038 1137 cupariis
1060 1054 1093 1119 in
1114 1058 1301 1136 perpetuum
1324 1056 1500 1132 manantur,
1521 1051 1577 1117 sad
1599 1051 1692 1134 plana
1719 1050 1879 1134 gaudeant
1898 1047 2057 1116 libertate.
2101 1047 2149 1116 Ut

599 1162 706 1223 autem
727 1155 859 1223 donacio
881 1160 992 1221 nostra
1008 1154 1207 1223 racionabilis
1228 1161 1380 1239 perpetuo
1399 1153 1588 1219 inviolabilis
1602 1159 1789 1236 perseverat,
1810 1158 1986 1235 presentem
2001 1151 2149 1234 paginam

599 1259 701 1326 nostri
721 1258 817 1342 sigilli
837 1259 1009 1324 munimine
1027 1258 1173 1325 duximus
1196 1256 1440 1326 confirmandam
1462 1254 1659 1338 presentibus
1688 1254 1750 1321 hiis
1772 1254 1921 1321 testibus:
1950 1253 2065 1320 comite
2091 1253 2150 1318 Za·

600 1360 699 1446 gotha
719 1360 785 1427 tilio
807 1359 949 1440 Martini,
972 1361 1087 1427 comite
1107 1361 1290 1444 Dirzicrayo
1312 1358 1435 1426 uesmni
1458 1358 1529 1442 (sic)
1544 1357 1724 1438 Kalisiensi,
1747 1357 1861 1423 comita
1877 1356 2005 1423 Andron
2020 1355 2085 1421 lilio
2100 1373 2151 1422 co·

599 1462 687 1529 mida
722 1461 863 1528 Martini.
919 1460 1039 1527 Datum
1074 1463 1107 1527 in
1143 1463 1234 1530 Kalis
1267 1460 1350 1527 infra
1384 1461 1500 1526 festum
1538 1459 1739 1526 Pentecoste
1775 1478 1857 1525 anno
1888 1458 1994 1542 gracie
2023 1457 2151 1525 Domini

600 1562 893 1646 mccnxxxfln,
915 1561 1090 1631 indictione
1111 1563 1183 1646 XII,
1205 1581 1262 1647 per
1279 1579 1390 1629 manas
1411 1560 1552 1629 Thilom
1573 1560 1690 1628 notarii
1711 1561 1798 1630 cuma
1819 1568 1935 1628 nostre.

704 1763 831 1850 Debric,
851 1767 995 1834 Balnea.

1232 1922 1235 1926 ’
1275 1922 1350 2046 ar.
1383 1957 1484 2045 aaa.

704 2153 891 2239 &annius
917 2155 1076 2239 Prambl
1103 2156 1180 2237 dar
1205 2156 1355 2239 Palania
1381 2160 1513 2238 1284
1539 2153 1626 2239 lun
1652 2161 1731 2254 12,
1756 2155 1799 2239 in
1815 2155 1945 2258 Kella,
1986 2172 2153 2241 nnuma

600 2277 803 2379 donationem
824 2275 1010 2344 hereditatis
1031 2275 1195 2361 cbelnrno,
1217 2297 1238 2345 a
1257 2277 1421 2345 &rnoldo
1442 2282 1594 2346 reaamra
1614 2276 1786 2345 Kalisiami
1807 2277 1958 2345 melesiae
1972 2275 2151 2345 (inmensi

600 2378 845 2564 mierum.
867 2487 986 2565 oryoiaa
1030 2485 1114 2549 onte
1134 2486 1256 2548 detorti
1276 2486 1318 2547 od
1334 2488 1572 2565 przproteazeato
1588 2487 1736 2570 pieozpel.

710 2587 854 2653 Meno.
898 2588 1018 2652 Arana
1045 2588 1177 2667 &pltat
1198 2588 1357 2668 Meropa.
1379 2589 1434 2654 Nr.
1456 2589 1510 2653 40.

704 2789 743 2857 In
763 2790 890 2858 nomine
911 2789 1039 2857 Dommi
1058 2808 1160 2859 amen.
1204 2791 1289 2859 Dum
1315 2792 1395 2860 vivit
1419 2792 1531 2860 littera
1556 2791 1635 2859 vivit
1662 2797 1696 2860 at
1730 2790 1813 2859 actio
1842 2791 2009 2859 muniisse
2034 2790 2152 2873 littere,

603 2892 693 2960 anius
707 2892 843 2960 asseram
856 2892 961 2959 nutrit
972 2893 1153 2980 memoriam
1172 2897 1206 2960 et
1223 2893 1373 2962 roborata
1393 2895 1526 2978 suscipit
1545 2894 1783 2961 incrementum.
1821 2893 2019 2977 Quapropter
2032 2910 2090 2960 noa
2104 2909 2154 2958 sa·

604 2994 725 3064 medus
746 2993 882 3062 Pmmizl
903 2993 963 3061 Dei
984 2995 1090 3078 gracia
1112 2994 1176 3062 dur
1196 2995 1335 3078 Palania,
1366 2997 1579 3079 predictarum
1605 2995 1687 3064 freta
1713 2997 1785 3082 (sic)
1811 2996 2006 3064 amonicione
2032 2995 2154 3062 saluta

462 3143 468 3155 -
601 3099 685 3166 rium
703 3097 895 3166 monimmm
915 3101 1026 3164 notum
1047 3095 1179 3165 iacimus
1199 3100 1354 3165 universis
1377 3097 1495 3166 Christi
1518 3097 1663 3167 fidelibus
1684 3103 1752 3168 mm
1773 3097 1972 3183 presentibus
1994 3116 2090 3183 quam
2105 3097 2154 3164 iu·

601 3200 684 3268 turis
703 3205 878 3284 presentem
900 3200 1046 3283 paginam
1068 3198 1274 3282 intuentibus,
1296 3201 1381 3283 quod
1395 3201 1428 3266 in
1442 3207 1553 3268 nostra
1567 3208 1809 3286 nostrorumque
1825 3201 1976 3268 baronum
1991 3201 2155 3284 presencia

601 3302 794 3372 honorabilis
815 3302 923 3369 kmcto
943 3308 1052 3370 noster
1072 3306 1107 3369 et
1124 3303 1214 3369 milas
1236 3310 1393 3386 strenuus,
1416 3320 1520 3370 minas
1549 3303 1731 3370 Beroaldus
1756 3309 1888 3370 venator
1912 3302 2100 3370 Kalbiensis
2121 3308 2155 3369 et

522 3478 525 3483 ⁴
602 3406 752 3491 pincerna
780 3404 962 3487 leudensis,
991 3403 1074 3470 bona
1102 3403 1280 3471 intencione
1300 3405 1349 3471 sui
1371 3405 1467 3472 animi
1497 3410 1531 3472 et
1559 3404 1653 3488 plena
1678 3405 1819 3489 corporis
1841 3406 1996 3489 sospitato
2016 3423 2075 3489 pro
2096 3423 2156 3472 aaa

601 3527 792 3594 suorumque
813 3509 917 3576 selme
938 3507 1145 3574 hereditatem
1167 3525 1257 3574 suam
1279 3527 1340 3592 qua
1363 3507 1473 3575 Obelm
1495 3508 1668 3592 vulgariter
1684 3508 1959 3592 nuncupatur,·ad
1973 3526 2069 3592 quam
2084 3507 2155 3574 nal·

463 3648 465 3654 ·
602 3610 654 3678 lus
674 3611 757 3678 alter
775 3610 937 3678 hominum
958 3614 1135 3694 respectum
1158 3609 1269 3677 habuit
1289 3618 1396 3695 prater
1409 3611 1522 3694 ipsum,
1544 3609 1830 3694 archiepiscopatui
1844 3610 2040 3677 ananensis
2054 3609 2155 3677 eccle·

602 3711 800 3780 1111011111
821 3713 1026 3797 integraliter,
1049 3729 1121 3778 cum
1139 3712 1283 3779 omuibus
1304 3712 1497 3779 utilitatibus
1519 3718 1552 3778 et
1572 3712 1776 3795 mancia
1789 3706 1874 3779 nunc
1889 3712 1933 3778 ibi
1947 3710 2155 3779 emmaum

603 3817 638 3881 et
655 3812 908 3897 provenientibus
933 3814 967 3880 in
996 3811 1137 3879 futurum
1163 3820 1315 3897 perpetuo
1341 3813 1571 3897 possidendam.
1622 3812 1689 3880 Nos
1715 3831 1791 3881 vero
1820 3812 1906 3881 iacta
1933 3812 2073 3880 salubria
2101 3813 2154 3897 pio

602 3913 718 3982 affectu
739 3916 886 3999 prosequi
908 3916 1079 3998 cupientes,
1102 3920 1136 3981 et
1157 3915 1218 3980 biis
1237 3933 1275 3983 ac
1291 3917 1441 3999 congruis
1463 3915 1608 4000 precibus
1628 3915 1815 3983 venerabilis
1835 3917 1936 3999 patris
1956 3915 2076 3982 domini
2104 3914 2154 3981 Ia·

603 4016 684 4098 cabi,
704 4017 910 4084 misemcione
931 4017 1038 4083 divina
1064 4016 1259 4083 Gnenuansis
1288 4018 1418 4084 ecclesie
1446 4018 1683 4101 archiepiscopi,
1709 4019 1821 4101 suique
1849 4017 1987 4101 Capituli
2012 4016 2154 4085 nolentes

602 4118 810 4202 aequimcere,
833 4118 873 4184 dc
894 4125 1005 4194 nostra
1025 4137 1088 4184 aon
1108 4119 1182 4186 licta
1202 4120 1366 4187 voluntate
1387 4126 1421 4187 et
1442 4120 1562 4188 salubri
1583 4120 1692 4187 babitu
1713 4126 1895 4187 nostrorum
1909 4120 2062 4188 baronum
2081 4137 2155 4186 oon·
2245 4150 2248 4157 ·

603 4221 685 4303 silio,
707 4219 748 4288 ob
769 4221 978 4288 reverenciam
1000 4220 1059 4286 Dei
1078 4221 1243 4304 sanctique
1261 4222 1457 4303 Adalberthi,
1480 4241 1538 4305 pro
1561 4222 1665 4288 salute
1685 4229 1798 4290 nostra
1819 4229 2061 4306 nostrorumque
2082 4241 2155 4306 pro·

605 4323 784 4408 genitorum
806 4323 907 4407 ipsam
929 4323 1136 4389 beralitatem
1158 4323 1243 4392 dicto
1265 4325 1548 4409 archiepiscopatui
1569 4325 1764 4391 Gnczuensis
1784 4325 1913 4392 ecclesie
1934 4325 2154 4409 possidendam

604 4430 757 4509 perpetuo
779 4424 1008 4506 confirmamus,
1031 4424 1090 4491 hoc
1111 4426 1228 4505 addito,
1252 4428 1335 4510 quod
1358 4428 1502 4493 omnibus
1523 4428 1648 4494 fruatur
1676 4427 1877 4494 libertatibus
1903 4427 2017 4510 quibus
2046 4445 2154 4494 omncs

603 4526 678 4594 ville
699 4527 837 4610 gaudent
858 4526 986 4593 ecclesie
1008 4533 1182 4609 prenotate,
1205 4529 1301 4595 nichil
1323 4530 1356 4596 in
1378 4549 1417 4597 ca
1435 4530 1557 4597 servicii
1580 4535 1688 4595 nostro
1709 4529 1838 4596 ducatui
1855 4529 2076 4612 relinquentes.
2107 4528 2156 4597 Ut

604 4633 711 4695 autern
732 4635 842 4696 nostra
863 4627 1061 4694 confirmacio
1084 4631 1278 4714 pradictique
1301 4633 1401 4698 nostri
1422 4632 1548 4699 baronis
1570 4633 1772 4699 racionabilis
1793 4633 1925 4698 donacio
1939 4636 2092 4716 perpetuo
2107 4633 2155 4697 iu·

604 4729 759 4796 violabilis
778 4736 968 4813 perseveret,
996 4738 1171 4812 presentem
1204 4735 1350 4817 paginam
1380 4734 1481 4800 nostri
1506 4734 1601 4817 sigilli
1631 4736 1803 4802 munimine
1825 4735 2055 4800 confirmamus.
2099 4733 2155 4799 Ilii

606 4837 683 4898 sunt
705 4837 819 4898 tostas:
842 4850 945 4897 comes
969 4831 1158 4898 Caelioslaus
1180 4834 1330 4916 pincerna
1351 4835 1546 4918 Kalisiansis,
1570 4855 1673 4903 munes
1695 4837 1796 4903 Rosoo
1814 4844 1944 4903 venator
1957 4836 2154 4918 Kalisiensie,

605 4952 709 5001 comcs
731 4931 945 5017 Stoygnawus,
969 4953 1071 5000 corruas
1093 4934 1284 5003 allbracbtus
1307 4936 1495 5004 castellanus
1515 4937 1555 5004 dc
1574 4940 1708 5019 Ostrow,
1728 4958 1833 5005 ennias
1857 4939 2006 5006 Ubislaus
2023 4945 2156 5006 venator

481 5037 487 5040 ’
604 5035 786 5103 londensis
831 5034 948 5100 Datum
980 5035 1011 5100 in
1038 5035 1128 5101 liniis
1156 5057 1240 5104 utillo
1267 5041 1372 5121 graecia
1401 5040 1527 5105 Doruird
1566 5040 1848 5123 Mchxxxllll,
1886 5041 2060 5109 Indictione
2080 5040 2153 5124 xli,

605 5135 638 5203 11
659 5136 734 5204 Itius
755 5136 848 5220 Iunii,
867 5155 925 5221 per
945 5155 1057 5204 marrus
1078 5137 1219 5206 'llailonis
1242 5141 1357 5208 notarii
1379 5142 1464 5208 curie
1485 5147 1604 5208 nostre.

710 5340 894 5422 Lentiensisa,
917 5346 953 5406 de
972 5344 1047 5428 aaa.
1092 5341 1213 5428 Chelm,
1241 5349 1387 5412 Cleelrnuo.
1432 5345 1567 5430 ostrow,
1586 5349 1712 5428 rtiepdpd
1733 5352 1838 5415 :witelo
1860 5368 1901 5411 no
1914 5353 2155 5429 apsptejeztara

610 5446 752 5523 Lednico,
773 5445 840 5509 dzit
860 5467 886 5507 aa
906 5449 1015 5510 aalide.
