4860 6180
2079 459 2152 536 349

610 675 702 730 omne
728 655 879 738 mulum
911 671 1040 741 presens
1064 653 1184 741 pariter
1213 659 1248 723 et
1273 653 1426 736 uturum,
1460 654 1661 741 presentibus
1688 656 1821 727 ineimns
1840 658 2053 747 manifestum,
2073 663 2159 750 quod

610 765 685 832 dum
706 761 741 829 ln
762 765 932 844 eonspectu
952 767 1062 828 nostro
1082 776 1205 843 semper
1226 766 1436 844 proponentes
1459 778 1480 826 o
1500 779 1563 845 quo
1584 765 1788 844 paternorum
1802 763 2034 848 principatuum
2048 767 2160 853 guber·

614 863 727 936 noculo
748 863 954 949 possidemus,
976 867 1010 930 et
1022 861 1275 948 predecessorum
1293 868 1472 930 nostrorum
1488 865 1541 948 pio
1553 863 1669 931 affectu
1683 865 1805 933 devods
1817 867 1997 938 inherentes
2009 875 2159 958 vestigiis,

610 965 802 1040 monasterio
822 964 949 1032 Ordinis
970 973 1079 1033 ennete
1097 964 1190 1033 Clare
1209 964 1244 1031 in
1262 965 1438 1048 Zavichost,
1460 966 1593 1035 fundato
1619 986 1677 1052 pro
1700 970 1934 1039 smmrmcione
1963 990 2105 1044 sororum
2126 984 2161 1047 et
2256 984 2260 991 '

611 1068 791 1158 specialiter
809 1088 868 1153 pro
890 1067 1005 1135 soleeio
1025 1067 1158 1136 illustris
1176 1067 1303 1134 domine
1324 1067 1440 1134 sororis
1463 1066 1609 1137 Salomee
1629 1069 1757 1138 Ordinis
1783 1071 1934 1156 eiusdem,
1961 1093 2057 1159 quam
2080 1085 2161 1147 tam·

611 1192 706 1262 qnam
723 1177 858 1240 matrem
878 1171 932 1256 pio
953 1189 1136 1238 veneremur
1157 1170 1284 1254 effectrr,
1307 1170 1499 1239 hereditates
1521 1171 1684 1240 innostro
1713 1174 1833 1242 dnmtu
1858 1176 1950 1260 sitas,
1972 1195 2036 1262 qne
2063 1179 2161 1249 blica·

611 1293 683 1360 nor,
704 1273 818 1358 Ribna,
841 1274 1001 1342 Plavanor
1019 1280 1250 1358 nuncupantur,
1274 1292 1345 1341 cunr
1366 1274 1451 1339 omni
1473 1273 1543 1340 inre
1566 1274 1699 1345 ducatum
1720 1283 1872 1363 perpetuo
1888 1280 2077 1349 contulimus
2090 1301 2161 1367 pos-

611 1377 768 1461 sidendas,
790 1377 931 1462 volentes
948 1377 1033 1462 qnod
1053 1377 1194 1445 homines
1215 1377 1373 1444 dieterurn
1399 1375 1556 1458 villamur,
1584 1383 1618 1446 et
1643 1380 1672 1445 si
1701 1400 1764 1466 que
1790 1382 1898 1466 plures
1925 1383 2028 1451 loeate
2046 1383 2163 1453 luerint

612 1480 740 1565 ibidem,
761 1500 783 1549 a
803 1485 982 1548 nostrerum
1004 1480 1225 1564 paulinorum,
1253 1477 1499 1546 castellanorum
1522 1483 1556 1547 et
1584 1480 1720 1550 aliorum
1743 1484 1881 1553 indicum
1908 1486 2102 1570 presencium
2129 1494 2163 1556 et
2199 1539 2201 1543 >

611 1584 790 1654 mmmmm
811 1583 935 1652 iudiciis
955 1583 1021 1650 sint
1040 1583 1186 1668 exempti
1230 1583 1315 1664 Quos
1336 1581 1437 1649 eciem
1457 1579 1499 1648 ab
1520 1582 1667 1651 omnihus
1696 1588 1912 1656 exactionibus
1937 1596 1971 1656 et
1996 1589 2163 1658 solucioni·

611 1689 671 1757 bns
695 1693 781 1757 terre
809 1686 947 1771 inflictis,
979 1705 1037 1755 seu
1065 1706 1123 1771 pro
1149 1686 1258 1771 aliqua
1283 1684 1473 1753 necessitate
1498 1686 1549 1753 vel
1580 1687 1722 1756 utilitate
1743 1692 1943 1774 postmodum
1966 1691 2163 1778 indingmdis

464 1874 467 1880 ¹
611 1790 813 1877 excipientes,
833 1807 855 1856 a
875 1793 980 1857 strosa
1000 1795 1034 1858 et
1055 1796 1128 1859 stan
1155 1794 1191 1858 et
1215 1807 1313 1874 poron
1338 1792 1372 1855 et
1397 1786 1515 1872 prevod
1541 1794 1575 1856 et
1597 1791 1758 1874 posolore,
1784 1798 1820 1860 et
1847 1794 1920 1862 aliis
1947 1797 2162 1882 servitutibus,

611 1911 810 1980 quocumque
830 1892 956 1961 nomine
975 1892 1104 1960 heodem
1117 1893 1286 1960 servitutes
1300 1894 1498 1973 censeantur,
1520 1889 1637 1960 liberos
1652 1892 1785 1964 laumas
1798 1901 1833 1963 et
1845 1896 2006 1966 inmunes:
2028 1899 2164 1968 adicien-

612 2001 672 2079 tes,
693 1994 779 2082 qnod
799 1995 957 2080 predictas
979 1994 1169 2063 hereditates
1190 1994 1315 2063 loeandi
1333 1994 1402 2061 iure
1434 1993 1616 2078 Thetonioo,
1646 1999 1848 2066 construendi
1876 2001 2064 2083 molendino,
2091 2003 2162 2070 thoe

611 2101 726 2170 bernus
740 2099 916 2182 edificandi,
937 2098 1071 2166 venandi
1092 2104 1230 2168 castores
1251 2103 1286 2166 et
1304 2115 1413 2166 omnes
1440 2097 1519 2164 nlins
1545 2096 1664 2166 bestias
1695 2100 1848 2184 capiendi,
1875 2100 2001 2185 plenun
2025 2102 2162 2172 habeant

612 2203 806 2272 nectutem.
849 2200 899 2268 Ne
919 2201 1018 2284 igituir
1038 2200 1216 2268 huiusmodi
1237 2207 1345 2268 nostre
1368 2199 1501 2267 donacio
1523 2204 1630 2267 treotu
1653 2201 1805 2286 temporis
1825 2203 1859 2269 in
1884 2202 2070 2272 oblivionem
2091 2224 2162 2290 pos·
2265 2270 2268 2274 ,

614 2305 659 2375 sit
678 2302 801 2387 deduci
823 2303 857 2370 in
879 2302 976 2369 robur
1003 2307 1037 2370 et
1059 2302 1242 2370 memoriam
1269 2301 1522 2386 supradictorum
1548 2308 1727 2386 presentem
1757 2303 1899 2373 litteram
1925 2311 2033 2373 nostro
2061 2307 2163 2392 sigillo

614 2407 762 2477 duximus
783 2404 1062 2475 communiendam.
1105 2405 1189 2473 dete
1207 2410 1282 2473 snnt
1307 2408 1415 2472 autem
1437 2403 1496 2472 hec
1525 2405 1559 2471 in
1589 2403 1759 2474 dranosieh
1791 2427 1890 2492 prope
1916 2408 2054 2492 mneos,
2080 2429 2163 2478 anno

613 2510 741 2580 Domini
762 2507 975 2591 uccnxn,
996 2506 1170 2577 Indictione
1188 2510 1310 2594 quinta,
1332 2504 1398 2574 1111
1417 2505 1578 2574 Kalendas
1600 2507 1775 2593 Februarii,
1805 2510 2004 2594 presentibus
2028 2513 2163 2582 testihm

613 2613 690 2684 hiis:
712 2612 839 2682 domino
853 2612 1001 2682 Bolenlao
1016 2611 1215 2681 Crotoniensi
1229 2618 1263 2680 et
1276 2610 1524 2680 Sandomiriensi
1537 2610 1627 2694 duce,
1648 2610 1776 2679 domino
1789 2611 1917 2680 Ianusio
1932 2615 2163 2702 archiepiscopo

613 2715 823 2799 Gncsdnensi,
852 2715 993 2785 Iohanne
1020 2715 1206 2784 cancellario
1236 2713 1376 2796 Poionie,
1408 2711 1606 2782 Herkebolto
1636 2702 1988 2800 palatino'iialisiensi,
2019 2715 2158 2787 Iohanne

613 2818 786 2888 castellam
803 2817 983 2900 Kalisiensi,
1006 2816 1140 2902 Symone
1160 2817 1332 2887 castellano
1354 2815 1563 2900 Gnendnensi,
1582 2815 1721 2886 Fuloone
1739 2818 1927 2887 cancellario
1951 2818 2150 2888 cmooviensi

612 2920 718 2992 Adam
738 2920 911 2990 castellano
933 2920 1140 3003 Craooriensi,
1170 2919 1305 2990 Snloone
1333 2919 1474 3005 palahno
1502 2917 1712 3004 Oreooviensi,
1736 2926 1770 2988 et
1797 2921 1869 2989 aliis
1895 2940 1992 3007 quam
2019 2921 2161 3007 pluribus

613 3022 736 3093 clericis
754 3028 789 3093 et
808 3022 917 3110 laycis

718 3226 898 3312 Zariehost,
923 3231 1100 3296 uniebat.
1142 3226 1299 3310 Mieanor,
1321 3230 1491 3311 Holmon.
1531 3225 1649 3311 iiibna,
1678 3230 1790 3312 liphne
1834 3227 2003 3313 Pleranor,
2031 3233 2163 3296 Pium

353 3413 363 3423 ⁴
503 3347 504 3350 ’
615 3329 796 3416 Iranovicb,
822 3334 1009 3401 leonense.
1052 3330 1190 3415 Daueor,
1212 3333 1357 3396 dmum.
1576 3352 1577 3356 ¹

1285 3646 1360 3733 Nr.
1394 3641 1494 3732 395.

718 3825 914 3912 boleslaus
942 3825 1353 3911 dnxPoloni01262
1383 3825 1471 3931 dpr.
1496 3830 1584 3924 24,
1619 3824 1663 3909 in
1693 3823 1855 3929 duonum
1887 3841 2052 3912 onomat
2083 3860 2170 3910 com·

615 3947 825 4018 mutationem
855 3947 1040 4015 hereditatis
1070 3946 1193 4015 comitis
1219 3947 1368 4015 Blisborii
1390 3947 1494 4014 dietae
1515 3945 1694 4028 Wiernhno,
1716 3965 1814 4031 quam
1838 3945 2040 4032 amplissimis
2065 3944 2169 4040 munit

615 4049 803 4137 privilemis,
835 4068 894 4136 pro
925 4049 1151 4117 hereditatibus
1172 4051 1357 4119 monasterii
1377 4049 1418 4118 de
1438 4048 1518 4134 Led,
1539 4048 1635 4117 dietis
1655 4048 1836 4117 Twmdorm
1857 4053 1891 4117 et
1904 4047 2081 4133 Bielejerro.
2186 4125 2188 4131 ,

720 4151 860 4222 m.
903 4155 1023 4233 decept
1047 4155 1150 4217 &uoto
1171 4156 1263 4219 Ared.
1286 4155 1363 4240 epu,
1385 4154 1448 4218 te.
1466 4156 1565 4234 primi.
1587 4155 1624 4227 A,
1645 4154 1698 4218 Nr.
1721 4155 1754 4218 5.

721 4356 760 4426 1n
781 4359 907 4427 nomine
926 4355 1123 4424 sanctissime
1140 4363 1175 4423 et
1194 4356 1355 4426 individue
1376 4358 1542 4425 'ihinitatis
1562 4375 1664 4426 amen.
1694 4355 1784 4424 Sient
1804 4353 1960 4440 fragilitas
1981 4352 2168 4423 oonditionis

617 4460 754 4530 humum
775 4466 910 4530 morem
931 4460 1042 4543 nequit
1057 4461 1158 4526 vitare
1179 4461 1395 4545 temporalem,
1415 4460 1461 4528 sie
1482 4477 1541 4528 nec
1561 4459 1661 4526 nilum
1684 4464 1791 4527 aetum
1812 4458 1868 4544 qui
1889 4459 1923 4524 in
1943 4456 2095 4526 fluctuoso
2114 4459 2167 4541 ge

618 4563 703 4632 ritnr
722 4567 865 4649 tempore
886 4560 984 4630 robur
1003 4560 1163 4628 firmitatis
1185 4563 1271 4631 valet
1291 4562 1444 4645 obtinere,
1463 4562 1526 4629 nisi
1547 4562 1666 4645 scripto
1688 4559 1890 4630 oonlirmmur
1910 4565 1944 4627 et
1958 4558 2054 4643 sigilli
2067 4557 2168 4624 muni·

617 4666 702 4735 mine
722 4665 898 4736 roboretur.
943 4663 1025 4730 Hinc
1046 4665 1201 4747 estquod
1223 4684 1281 4750 ego
1302 4664 1467 4734 Boleslous
1485 4663 1592 4731 divina
1612 4665 1716 4748 gretia
1735 4665 1801 4730 dux
1821 4662 1950 4731 Polonie
1964 4667 2074 4729 notum
2087 4658 2168 4727 inuio

618 4775 686 4838 tam
706 4767 905 4854 presentibus
926 4784 1022 4852 quam
1043 4764 1167 4849 iuturis,
1189 4786 1241 4835 me
1263 4773 1473 4835 commutasse
1495 4765 1701 4834 hereditatem
1715 4764 1840 4835 comitis
1853 4763 2002 4832 Blisborii
2020 4781 2083 4847 que
2096 4760 2168 4828 Vir·

617 4871 700 4940 bena
719 4871 838 4939 dieitur
855 4890 928 4939 enm
948 4868 1090 4936 omnibns
1110 4871 1289 4938 attinentiis
1311 4871 1387 4953 suis,
1409 4870 1449 4938 de
1470 4869 1554 4937 bono
1573 4870 1738 4938 voluntate
1758 4873 1793 4937 et
1806 4885 1961 4937 consensu
1974 4866 2074 4951 ipsius
2086 4863 2168 4932 Blis-

617 4972 709 5057 borii,
732 4991 795 5059 qne
813 4973 897 5041 ioeet
917 4973 1007 5039 iuxta
1020 4978 1121 5040 metas
1143 4972 1277 5041 frutrum
1298 4974 1410 5041 domus
1432 4971 1618 5056 Landensis,
1638 4991 1696 5057 pro
1708 4971 1831 5040 duabus
1845 4968 2073 5039 hereditatibus
2086 4968 2170 5052 ipso·

619 5093 690 5145 rum
712 5074 857 5158 hotmen,
879 5094 1014 5160 quorum
1032 5095 1095 5143 uuo
1116 5076 1296 5145 Tuuudouo
1310 5076 1374 5144 ulia
1391 5074 1536 5142 Beleiero
1551 5074 1678 5143 dicitur.
1709 5076 1777 5160 Epo
1793 5079 1901 5143 autem
1916 5071 2064 5140 nileetum
2077 5088 2170 5156 quem

619 5178 705 5249 cirea
724 5177 881 5265 prefatam
900 5179 1028 5246 domum
1047 5197 1170 5265 semper
1191 5179 1288 5247 lmhui
1308 5196 1422 5262 angere
1443 5178 1582 5262 cupiens,
1604 5185 1639 5246 st
1659 5176 1882 5245 abundantiori
1905 5175 2030 5243 cnutelo
2049 5171 2169 5259 predio·

620 5281 663 5350 tis
683 5279 836 5350 butribus
861 5281 895 5348 in
920 5280 1123 5366 longinquum
1153 5282 1330 5368 providens,
1364 5279 1435 5347 uolo
1462 5278 1618 5365 prelatum
1646 5280 1754 5348 sillum
1785 5297 1857 5346 eum
1884 5277 1996 5346 ineolis
2020 5275 2169 5362 eiusdem,

621 5383 759 5472 propriis
780 5383 846 5454 sire
866 5382 984 5470 liberis,
1005 5391 1183 5472 exe-ptam
1203 5382 1272 5455 iore
1291 5388 1326 5453 et
1344 5381 1476 5454 liberem
1497 5403 1519 5452 a
1538 5401 1657 5471 porroz,
1678 5381 1721 5451 ab
1749 5380 1836 5451 omni
1856 5380 1993 5467 prouod,
2013 5399 2036 5452 a
2055 5386 2170 5471 strom,
