4860 6180
1495 374 1568 460 Nr.
1601 370 1700 460 308.

838 570 840 575 ’
928 570 1085 656 Premtsl
1121 575 1157 656 at
1188 572 1380 655 boleslaus
1420 573 1529 656 duces
1563 571 1710 654 Polonie
1746 574 1880 651 1252
1916 567 2005 650 lov.
2041 567 2083 668 (l)
2123 566 2166 648 in
2201 566 2372 677 dvenrlq

707 767 716 777 ,
825 691 990 762 confirmat
1011 693 1202 760 monasterio
1223 691 1263 759 de
1283 691 1455 760 ibncbnica
1474 694 1703 778 possessionem
1724 691 1818 758 villoc
1838 689 1915 775 ua.

928 795 1070 877 Perpau.
1092 800 1221 876 orypia„
1249 815 1271 858 a
1294 795 1418 875 artreio
1443 816 1485 861 aa
1505 816 1609 860 szaur.
1629 795 1782 873 jedoobn.
1805 811 1950 858 crerrooa
1974 795 1985 854 i
2007 795 2110 855 :ictora
2131 795 2207 856 drale
2226 797 2374 878 piecrrcie

823 906 1054 984 prryruieazono.
1078 903 1230 963 Piemsro
1250 902 1419 964 Bolestcroo
1437 905 1550 988 briecio
1572 908 1716 977 {pieeaee
1733 906 1850 971 xvllt;
1885 899 1987 974 dnapa
2014 891 2240 977 Przauystaroa
2261 899 2374 983 tricia

826 1002 1099 1153 naamam
1126 1084 1250 1167 ml
1271 1089 1377 1150 sm,
1398 1093 1516 1154 mm
1536 1090 1669 1153 patae.
1685 1089 1737 1150 ar.
1753 1087 1860 1150 ra-
1873 1084 2025 1158 nanee
2048 1083 2254 1165 veronese,
2272 1104 2306 1164 p.
2320 1088 2373 1155 ro.

929 1290 968 1359 ln
988 1291 1115 1359 nomine
1135 1289 1262 1358 Domini
1283 1311 1384 1359 arnen.
1428 1292 1495 1361 Nos
1517 1293 1650 1361 Premid
1670 1295 1705 1359 ct
1724 1289 1888 1358 Boleslnus
1910 1287 1970 1355 Dei
1990 1288 2097 1372 gracia
2117 1289 2214 1356 duces
2235 1288 2374 1376 Polonie

810 1397 1082 1483 ¹predecessorum
1103 1400 1283 1462 nostmrum
1308 1395 1393 1464 iusta
1419 1397 1504 1466 iacta
1528 1416 1586 1482 per
1613 1395 1719 1464 omnia
1745 1392 1958 1478 approbantes
1980 1398 2015 1460 et
2039 1393 2179 1476 ipsorum
2198 1394 2374 1464 animarum

827 1498 963 1569 remedio
984 1499 1120 1566 Domino
1141 1503 1300 1565 annuente
1325 1499 1538 1584 invigilantes,
1565 1505 1676 1567 notum
1701 1516 1769 1565 esse
1798 1496 1943 1562 volumus
1970 1495 2169 1580 presentibus
2196 1502 2230 1563 et
2250 1495 2375 1583 miuus,

826 1602 911 1688 quod
941 1607 1034 1687 pater
1066 1606 1174 1668 noster
1205 1599 1305 1669 felicis
1329 1602 1558 1672 recordacionis
1583 1602 1710 1669 inclinus
1735 1599 1801 1666 dux
1826 1597 2011 1665 Vlodizlaus
2040 1598 2114 1665 olim
2141 1598 2254 1666 babuit
2287 1600 2377 1669 iuxta

826 1703 916 1774 Srem
937 1704 1096 1791 quandam
1114 1708 1232 1772 sortem
1254 1723 1316 1788 que
1337 1711 1468 1773 vocatur
1487 1705 1588 1790 lang,
1610 1723 1673 1788 qne
1694 1709 1744 1771 est
1763 1701 1827 1770 sita
1847 1720 1944 1786 super
1964 1700 2098 1776 Variam
2112 1701 2252 1784 fluvium,
2267 1704 2299 1770 in
2312 1723 2377 1788 qua

825 1826 865 1877 ex
885 1807 991 1875 antico
1012 1813 1106 1875 erant
1123 1806 1185 1874 duo
1207 1807 1372 1874 kmetones
1389 1810 1510 1893 proprii
1529 1808 1630 1893 patris
1651 1807 1753 1874 nostri
1773 1810 1939 1874 venatores
1953 1811 2122 1887 castorum,
2146 1824 2280 1890 quornm
2295 1825 2376 1874 unns

826 1909 997 1980 vocabatur
1017 1909 1107 1977 Pista
1124 1915 1158 1976 et
1180 1910 1263 1976 alter
1283 1909 1418 1992 Lutuin;
1448 1911 1562 1996 quibus
1588 1929 1654 1978 uua
1675 1926 1746 1976 cum
1766 1909 1833 1975 suis
1853 1907 2021 1974 heredibus
2042 1908 2186 1990 mortuis,
2209 1915 2301 1992 pater
2320 1926 2378 1975 no·

826 2016 893 2080 ster
909 2010 1045 2080 contulit
1065 2010 1107 2077 nd
1130 2010 1280 2078 honorem
1301 2011 1361 2078 Dei
1381 2018 1415 2080 et
1434 2012 1520 2080 beati
1546 2011 1761 2080 Bartholomei
1790 2009 1947 2094 prefatam
1976 2009 2084 2077 viliam
2112 2009 2222 2077 domui
2248 2010 2377 2078 llebni·

826 2112 911 2182 oenai
929 2119 964 2181 et
984 2111 1160 2180 famulabus
1183 2113 1304 2180 christi
1324 2114 1359 2181 in
1380 2133 1418 2182 ea
1437 2115 1623 2200 degentibus
1645 2113 1820 2182 cumomni
1848 2102 2251 2194 submurmurabat
2273 2119 2376 2181 casto-

826 2215 924 2298 ribus,
945 2215 1086 2298 lacubus,
1108 2216 1256 2300 piscibus,
1279 2237 1300 2284 a
1319 2217 1412 2285 domo
1433 2219 1556 2303 prefata
1576 2224 1611 2286 et
1632 2217 1803 2302 virginibus
1824 2217 1924 2283 sacris
1944 2215 2061 2282 ibide·
2082 2215 2150 2282 Deo
2169 2215 2377 2283 servientibus

826 2317 1024 2404 integraliter
1043 2324 1196 2404 perpetuo
1221 2318 1451 2403 possidendam
1495 2320 1700 2388 Postmodum
1719 2337 1807 2400 vero,
1835 2336 1907 2385 cum
1933 2317 2045 2385 domus
2070 2317 2288 2384 'lbebnicensis
2312 2319 2378 2386 mm

826 2417 944 2490 dicmur
962 2427 1080 2491 sortem
1101 2441 1159 2507 per
1176 2422 1333 2506 quendam
1354 2440 1539 2491 conversum
1566 2423 1683 2490 Brutos
1704 2423 1830 2489 nomine
1851 2421 1961 2488 moltis
1982 2420 2074 2489 annis
2095 2419 2224 2505 pacifice
2239 2421 2378 2505 posside·

826 2529 888 2607 ret,
906 2529 941 2593 et
959 2530 1051 2609 patre
1072 2530 1181 2592 nostro
1200 2525 1284 2591 viam
1305 2525 1450 2594 universe
1470 2527 1573 2594 earnis
1594 2527 1744 2610 ingresso,
1767 2542 1871 2592 eomes
1891 2523 2049 2590 lohannes
2069 2522 2170 2591 irater
2188 2523 2306 2591 Thorne
2321 2524 2378 2608 qni

828 2629 904 2694 bunc
925 2628 1076 2711 temporis
1097 2627 1333 2695 castellaturam
1354 2629 1388 2696 in
1409 2627 1497 2696 Srem
1519 2629 1657 2709 tenebat
1678 2628 1800 2712 rogem
1824 2626 1962 2711 quadam
1982 2625 2137 2692 violencia
2157 2625 2280 2693 dictum
2304 2645 2379 2694 con·

827 2746 952 2797 versum
972 2729 1013 2798 de
1034 2729 1105 2814 ipsa
1124 2735 1224 2797 sorte:
1251 2729 1335 2798 unde
1355 2736 1429 2814 post
1448 2731 1571 2815 aliquot
1592 2736 1717 2814 tempus
1736 2729 1916 2796 Blinborius
1944 2726 2029 2794 filius
2047 2727 2135 2794 Petri
2157 2728 2287 2795 eredere
2308 2747 2378 2795 eam

827 2849 896 2901 esse
913 2851 1053 2914 vecuam,
1075 2835 1168 2917 quasi
1187 2833 1380 2901 auctoritate
1400 2831 1508 2900 fratris
1528 2833 1631 2900 nostri
1651 2833 1753 2916 ipsam
1774 2831 1835 2898 sibi
1855 2830 2032 2914 usurpavit
2068 2828 2158 2910 Quod
2171 2830 2247 2914 qnia
2267 2835 2379 2898 contm

827 2932 930 3001 Deum
950 2940 985 3002 et
1005 2936 1164 3029 iusticiam
1183 2941 1233 3003 est
1250 2934 1380 3018 lactum,
1404 2953 1461 3003 nos
1483 2941 1663 3002 nosuarum
1683 2935 1860 3002 animarum
1881 2931 2081 3017 prandentes
2102 2932 2210 3013 amnti,
2232 2933 2294 2999 iarn
2312 2932 2379 3000 dic·

828 3039 895 3103 tam
916 3041 1034 3104 sortem
1054 3035 1156 3122 tang,
1177 3055 1216 3105 eo
1236 3037 1305 3104 inre
1327 3043 1361 3105 et
1380 3037 1529 3105 libertate
1549 3054 1614 3121 qua
1633 3040 1855 3121 paternoster
1875 3053 1946 3103 enm
1966 3035 2055 3119 prlns
2073 3039 2140 3102 tam
2161 3035 2379 3120 sollempniter

827 3136 1010 3223 donaverat,
1031 3139 1139 3207 domui
1160 3140 1362 3208 llsbnicensi
1382 3145 1417 3208 et
1443 3139 1565 3206 ancillis
1592 3137 1712 3206 Christi
1739 3138 1774 3205 in
1796 3156 1835 3206 ea
1856 3137 2065 3205 existentibm
2091 3145 2245 3222 perpetuo
2267 3137 2380 3206 confir·

828 3258 961 3324 mamus,
988 3241 1131 3309 volentes
1160 3247 1227 3310 tam
1256 3242 1315 3309 lras
1348 3261 1443 3326 qnam
1468 3241 1630 3308 universas
1656 3242 1757 3326 patris
1786 3241 1888 3308 nostri
1918 3241 2105 3308 elemosinas
2135 3247 2169 3309 et
2194 3240 2379 3309 donationes

828 3342 1048 3412 danstrnlibns
1071 3351 1105 3413 et
1125 3344 1402 3429 religiosisdatas,
1424 3362 1548 3427 semper
1564 3349 1652 3412 ratas
1673 3344 1853 3426 consistere,
1886 3342 1982 3410 nullis
2004 3349 2180 3428 temporum
2201 3344 2252 3411 vel
2273 3362 2380 3428 perso-

830 3461 944 3511 narum
964 3445 1213 3513 successionibus
1240 3445 1412 3513 violandas.
1457 3443 1505 3512 Ut
1527 3450 1635 3511 anoem
1660 3443 1755 3510 buius
1777 3445 1933 3529 priuilegii
1959 3446 2193 3513 renovationem
2218 3451 2253 3513 et
2279 3448 2380 3530 patris

699 3595 701 3598 <
828 3546 931 3612 nostri
950 3551 1018 3613 tam
1038 3547 1243 3632 sollempnem
1260 3547 1461 3615 donationem
1481 3546 1588 3613 nrdlus
1608 3545 1770 3614 hominum
1792 3545 1909 3613 anderu
1933 3544 2103 3629 infirmare,
2125 3553 2303 3631 presentem
2323 3567 2380 3633 pa·

827 3644 934 3731 unam
962 3647 1138 3733 sigillorum
1170 3654 1352 3717 nostrornm
1385 3648 1610 3715 communimus
1635 3647 1835 3732 appensione
1879 3646 1984 3715 Huirrs
2008 3649 2188 3717 donationis
2218 3652 2379 3718 renovatio

830 3752 906 3816 acta
926 3755 976 3817 est
996 3750 1030 3815 in
1052 3748 1191 3817 Owenzk
1211 3769 1295 3818 anno
1318 3748 1446 3816 Domini
1464 3747 1647 3816 mcum.
1666 3748 1801 3832 septimo
1821 3747 1931 3816 Nonas
1951 3749 2027 3835 (sic)
2048 3749 2250 3833 Novembris,
2274 3751 2309 3818 id
2329 3757 2380 3820 est

828 3852 940 3917 mtaro
961 3849 1082 3918 decimo
1103 3850 1154 3918 die
1172 3857 1246 3934 post
1266 3851 1432 3918 introitum
1454 3848 1634 3917 Conventus
1655 3848 1853 3917 dominarum
1872 3851 1906 3916 in
1928 3851 2032 3936 ipsum
2050 3852 2163 3935 locum,
2185 3853 2228 3920 ad
2249 3854 2380 3937 peticio·

828 3969 901 4019 nem
920 3951 1046 4021 domine
1068 3952 1237 4021 Gertrudis
1257 3953 1418 4022 abbatisse
1439 3952 1664 4035 Trebnicensis,
1690 3970 1753 4036 quc
1779 3970 1838 4035 pro
1859 3953 2064 4036 requisitione
2085 3954 2169 4022 dicte
2191 3955 2377 4023 hereditatis

656 4064 669 4085 ·
783 4097 788 4107 ·
828 4050 921 4139 Lang
946 4054 1029 4122 sicut
1060 4054 1170 4123 debuit
1200 4056 1317 4125 ibidem
1349 4059 1530 4123 constanter
1555 4054 1725 4136 laboravit;
1758 4059 1904 4138 presente
1936 4053 2170 4124 Herkemboldo
2203 4057 2376 4124 castellano

831 4152 1008 4240 Odisiensi,
1029 4156 1180 4225 Pacoslao
1199 4164 1358 4239 venatore,
1382 4155 1510 4224 Andrea
1531 4157 1691 4240 pincerna,
1716 4155 1860 4239 Bogussa
1877 4155 2119 4241 subcamerario,
2146 4158 2286 4226 Henrioo
2305 4176 2378 4243 pro·

830 4263 976 4327 cumtore
997 4265 1031 4327 et
1048 4259 1120 4328 aliis
1141 4279 1237 4344 quam
1258 4259 1412 4345 pluribus.

933 4460 1034 4546 Suam,
1057 4445 1151 4530 siresa
1172 4461 1274 4550 Lang,
1294 4466 1367 4552 Lep.
1387 4461 1614 4545 besuensis,
1636 4467 1674 4528 dr
1698 4464 1871 4528 lizebmca
1894 4460 2043 4546 Ovanah
2071 4396 2222 4533 amara
2333 4419 2337 4427 r
