4860 6180
1011 640 1085 726 Nr.
1119 637 1218 728 588.
1267 636 1399 746 (742)

534 836 716 922 hienricus
733 838 953 924 Polonorum
971 839 1267 944 archiepiscopus
1293 847 1418 921 1212
1445 862 1474 924 s.
1493 842 1540 936 c„
1562 840 1605 922 in
1623 838 1775 941 biotam
1813 874 1878 922 ono
1911 873 1983 924 oum
2030 945 2033 950 Ι

434 959 623 1045 qmbusdam
653 958 858 1045 suhinganeis
890 963 956 1028 suis
984 981 1108 1029 omnom
1135 963 1328 1044 cancuicum,
1360 960 1501 1046 Capituli
1526 961 1574 1028 sui
1598 965 1722 1028 secreto
1756 957 1985 1042 propalantem,

435 1061 497 1132 sub
516 1062 719 1132 mathemate
736 1065 835 1148 ponit.

542 1168 703 1233 Wroolorc.
746 1170 865 1231 Arabio.
893 1171 1033 1250 Capituli.
1077 1168 1167 1232 Liber
1187 1171 1277 1246 nicer
1293 1186 1366 1248 pop.
1389 1169 1465 1232 444.

535 1368 657 1439 Notum
674 1369 718 1437 sit
736 1370 881 1439 omnibus
904 1372 1043 1440 ecclesiis
1065 1391 1122 1457 per
1143 1372 1306 1438 Poloniam
1329 1371 1514 1455 collegiatis,
1537 1369 1620 1454 quod
1642 1388 1701 1453 epo
1722 1368 1764 1436 Η.
1779 1369 1985 1438 miseracione

432 1473 505 1560 (sio)
525 1473 716 1540 Polonorum
734 1473 998 1559 archiepiscopus,
1028 1493 1133 1542 coram
1161 1474 1312 1542 fratribus
1338 1476 1417 1540 meis
1444 1474 1574 1540 Polonie
1603 1473 1768 1557 episcopis,
1797 1473 1923 1540 domino
1945 1473 1985 1539 V·

430 1575 492 1644 Dei
512 1575 620 1660 gracia
642 1574 850 1657 Craoouiensi,
869 1576 996 1645 domino
1017 1577 1054 1644 L.
1078 1576 1339 1657 Wratislauiensi,
1361 1576 1488 1643 domino
1510 1574 1548 1641 L.
1570 1574 1759 1655 Lubucensi,
1782 1575 1909 1662 ‹lomipo
1930 1576 1985 1642 Pe.

431 1675 508 1764 (sic)
530 1677 746 1760 Poznaniensi,
773 1683 900 1746 etcum
917 1698 1048 1748 assensu
1069 1698 1272 1765 personarum
1300 1678 1584 1746 ecclesiasticarum
1617 1695 1680 1761 que
1705 1677 1747 1744 ad
1775 1679 1988 1746 consecracio·

431 1797 504 1848 nem
524 1779 602 1849 dicti
623 1779 743 1847 domini
777 1780 813 1848 Ρ.
835 1782 1058 1851 Poznaniensis
1080 1782 1172 1849 electi
1195 1783 1227 1848 in
1249 1780 1363 1848 Mstow
1390 1785 1601 1847 convenerant
1628 1780 1737 1861 statui,
1766 1786 1800 1846 et
1826 1779 1886 1847 sub
1911 1799 1987 1847 ana·

432 1879 573 1950 mamete
594 1883 686 1966 posui
704 1901 830 1951 omnem
851 1886 1036 1953 canonicum
1056 1885 1107 1953 vel
1128 1883 1300 1970 quemlibet
1322 1883 1420 1950 alium
1441 1883 1620 1967 religiosam
1642 1883 1740 1949 uitam
1754 1883 1857 1949 sirum
1870 1882 1988 1951 ducen-

431 1989 508 2067 tem,
529 1984 586 2070 qni
608 1983 747 2070 Capituli
769 1986 818 2052 sui
839 1994 960 2054 secretu
981 1987 1147 2072 propulere
1168 1987 1404 2072 presumpserit.
1441 1985 1560 2053 Datum
1581 1986 1616 2053 in
1637 1986 1753 2053 Matow
1774 1985 1815 2052 ab
1835 1984 1986 2053 Incarus·

335 2157 341 2170 ,
431 2087 522 2156 done
547 2087 676 2156 Domini
700 2108 784 2157 anno
811 2089 996 2176 utconlu,
1022 2091 1122 2160 tercio
1150 2096 1224 2175 post
1249 2089 1518 2158 consecracionem
1541 2088 1660 2156 domini
1685 2087 1721 2156 P.
1748 2088 1810 2170 (lie,
1836 2093 1870 2155 et
1898 2105 1986 2155 anno

432 2189 668 2276 quartodecimo
688 2191 976 2279 archiepiscopatus
997 2194 1068 2264 mei
1878 2203 1880 2207 ’

536 2395 740 2482 laubacensis,
762 2401 802 2464 dr
821 2400 950 2482 mosea,
969 2422 989 2466 z
1007 2401 1175 2466 mocks
1195 2400 1302 2466 sebo.
1329 2340 1471 2480 'Motoq
1495 2396 1611 2465 Maon.

1001 2699 1076 2786 Nr.
1108 2694 1208 2785 589.
1255 2696 1416 2801 (113²)

538 2891 722 2978 Honorius
747 2894 811 2999 Pp.
836 2893 902 2978 ΠΙ
928 2902 1067 2977 1222
1094 2895 1181 2978 Mhi.
1208 2900 1279 2993 19,
1304 2893 1448 2997 Albim
1466 2911 1630 2981 confirmat
1652 2911 1919 2996 compositionem,
1938 2910 1988 2979 in·

434 3018 486 3084 ter
505 3012 653 3083 abbatem
673 3033 699 3082 a
718 3014 878 3083 Ismcentii
904 3022 938 3083 et
963 3015 1111 3085 abbatem
1137 3034 1163 3084 s.
1194 3016 1315 3082 Mariae
1345 3015 1380 3083 in
1400 3014 1571 3097 Wroolaw,
1601 3014 1725 3082 ratione
1755 3014 1939 3106 monasterii
1960 3032 1986 3082 s.

434 3115 600 3187 laurentii
620 3117 655 3185 in
674 3117 782 3185 Kalisr
803 3119 925 3187 initam.
1150 3114 1153 3121 ’
1198 3106 1201 3114 ’
1890 3125 1894 3133 “

537 3225 676 3300 Parosta
698 3227 816 3302 crupta.
862 3225 911 3301 No
932 3228 1050 3303 posonio
1076 3228 1140 3289 aiei
1163 3225 1314 3302 solicola
1345 3219 1527 3289 rumoni
1546 3220 1619 3286 tort.
1634 3227 1865 3303 prrpooieezooc
1893 3223 1988 3286 iaco:

435 3320 595 3392 Honorius
615 3322 673 3408 Pp.
695 3322 752 3390 III

419 3452 423 3457 ⁴
547 3428 708 3492 Wrcoton.
753 3431 871 3508 Kcoiot
895 3430 1001 3494 &aare
1021 3432 1141 3495 Archiv.
1194 3431 1418 3507 Vocem-Stin
1439 3428 1493 3494 18.

541 3629 703 3700 Honomus
723 3632 889 3718 episcopus
909 3651 1018 3701 servus
1047 3651 1209 3701 serrorum
1237 3632 1307 3716 Dei,
1340 3632 1456 3702 dilecto
1478 3631 1544 3700 filio
1564 3630 1674 3700 abbati
1699 3632 1802 3699 sancti
1828 3630 1988 3699 vincentii

436 3730 707 3802 Wretislaviensis
725 3734 861 3802 salutem
882 3742 916 3802 et
942 3736 1147 3820 apostolicam
1177 3736 1433 3804 benedictionem.
1486 3734 1566 3802 Cum
1591 3755 1612 3801 a
1635 3733 1727 3802 nobis
1755 3735 1878 3818 petitur
1903 3733 1989 3818 quod

436 3835 556 3906 Iustum
577 3842 628 3905 est
648 3844 683 3906 et
702 3837 880 3920 honestum,
902 3845 968 3905 tam
987 3839 1076 3922 sigor
1104 3838 1255 3922 equitatis
1283 3857 1379 3922 quam
1405 3837 1484 3905 ordo
1518 3836 1618 3919 erigit
1651 3837 1794 3917 rationis,
1823 3842 1860 3903 ut
1881 3835 1913 3902 id
1931 3855 1989 3920 per

436 3938 680 4008 sollicitudinem
700 3938 796 4008 officii
814 3941 915 4007 nostri
934 3941 976 4007 ad
997 3940 1138 4007 debitum
1159 3940 1350 4025 peruiuoatur
1370 3938 1527 4007 effectum.
1571 3938 1663 4020 Sane,
1689 3939 1771 4005 sicut
1798 3959 1838 4006 ex
1863 3946 1919 4006 tua
1940 3939 1989 4005 in·

436 4041 616 4110 mnuatione
633 4042 820 4126 accepimus,
843 4061 915 4110 cum
934 4043 1017 4109 inter
1036 4049 1068 4109 te
1091 4050 1125 4109 et
1140 4094 1169 4110 ..
1190 4043 1335 4110 abbatem
1358 4049 1466 4110 sancte
1486 4041 1588 4109 biurie
1609 4040 1878 4109 Wratislaviensis
1892 4060 1990 4127 super

437 4143 569 4213 ecclesIa
589 4145 692 4212 sancti
710 4144 874 4212 Laurentii
896 4145 935 4212 de
956 4145 1046 4211 KaIIs
1068 4163 1174 4212 coram
1188 4144 1312 4212 dilectis
1326 4145 1410 4227 filiis,
1423 4195 1454 4211 ..
1477 4144 1637 4228 preposito
1652 4143 1852 4228 Glogosiensi
1867 4152 1901 4211 et
1915 4163 1989 4212 cou-

437 4245 593 4315 iudicibns
614 4247 681 4314 suis
709 4266 749 4314 err
774 4247 971 4330 delegatione
996 4247 1179 4329 apostolica,
1214 4249 1337 4331 questio
1363 4254 1551 4328 perterretur,
1581 4247 1740 4314 amicabili
1772 4248 1898 4315 moriem
1927 4247 1989 4314 fuit
2060 4255 2063 4262 '

438 4349 664 4434 compositione
682 4349 796 4434 sopita,
818 4368 913 4432 quam
938 4348 1100 4415 humiliter
1128 4350 1297 4431 postulasti
1323 4350 1497 4434 apostolico
1526 4350 1698 4416 munimine
1726 4350 1877 4418 roborari.
1921 4350 1989 4417 Nos

438 4469 514 4536 ergo
535 4452 599 4518 tuIs
621 4451 712 4519 iustis
733 4451 997 4536 postulationibus
1017 4459 1202 4532 annuentes,
1225 4454 1482 4536 compositionem
1503 4454 1616 4536 ipsam,
1638 4455 1722 4520 sIcut
1742 4455 1811 4520 sinc
1831 4455 1988 4538 pravitate

438 4552 567 4639 provide
586 4552 672 4620 facta
692 4560 743 4620 est
764 4558 798 4619 et
818 4553 859 4619 ab
881 4559 1016 4636 utraque
1038 4559 1128 4636 parco
1150 4561 1263 4637 spouto
1284 4561 1411 4639 rcocpta
1431 4561 1465 4621 ot
1482 4554 1635 4622 hactenus
1658 4554 1787 4638 pacifico
1812 4556 1987 4637 observata,

437 4655 628 4722 auctoritate
649 4655 824 4739 apostolica
845 4656 1065 4721 continuamus
1087 4663 1120 4722 ot
1142 4659 1296 4739 presentis
1319 4658 1429 4741 scripti
1444 4658 1618 4740 patrociqu
1633 4658 1871 4724 commuuimus.
1900 4657 1988 4725 Nulli

438 4774 513 4842 erpo
539 4757 667 4824 omnino
693 4757 852 4825 hominum
879 4757 974 4824 hoaut
1001 4758 1081 4825 hone
1108 4759 1253 4842 perpituum
1277 4764 1384 4827 nostre
1411 4761 1659 4828 confirmationis
1685 4759 1853 4842 infringere
1883 4761 1932 4827 veI
1958 4761 1988 4828 ci

439 4877 520 4928 ausu
541 4859 708 4927 temerario
734 4861 899 4927 ccurtrnhu.
944 4859 978 4927 Si
1006 4863 1078 4945 quis
1104 4868 1211 4928 outoni
1240 4863 1299 4929 boc
1325 4869 1517 4946 uttomptuuc
1540 4863 1775 4946 presumpserit,
1800 4861 1988 4944 iuolipnatIo·

439 4980 511 5029 nem
530 4962 754 5046 omnipotentis
776 4962 835 5028 Dei
858 4968 891 5029 ot
913 4962 1076 5029 beatorum
1097 4964 1185 5029 Petri
1206 4971 1239 5030 ot
1262 4964 1350 5030 Pauli
1370 4964 1585 5048 apostolorum
1608 4966 1676 5031 cius
1697 4983 1731 5029 so
1745 4964 1868 5030 osurierit
1884 4965 1989 5031 incur·

438 5082 558 5132 surum.
602 5063 719 5132 Datum
741 5066 845 5133 hlutri
868 5065 961 5132 XIIII
984 5066 1142 5133 liniendus
1164 5066 1256 5148 Iunii,
1280 5068 1481 5150 pontificatus
1503 5067 1604 5132 nostri
1622 5085 1706 5133 curro
1728 5071 1828 5133 sexto.

543 5251 684 5321 Ecclesia
712 5274 737 5322 s.
761 5253 924 5320 moseroth
948 5255 981 5321 iu
999 5255 1100 5339 Kalis,
1129 5261 1265 5320 clarnos·
1294 5257 1317 5319 i.
1346 5255 1545 5336 u’omozoocc
1569 5276 1596 5318 oo
1619 5254 1798 5333 Koocrermp‘
1818 5259 1872 5318 rori
1894 5274 1928 5334 p.
1951 5274 1988 5319 oo

440 5356 552 5422 l'ottrz.
