4860 6180
586 179 663 254 552

586 380 696 449 Monte
724 381 870 464 Ferrato3
900 371 1112 467 Salingucrra
1139 384 1179 449 alc
1208 382 1353 461 Ferrum,
1382 379 1597 465 (diminica.)
1623 378 1881 461 collabentem,
1911 375 2079 444 liemricus
2099 375 2140 444 dc

488 490 492 496 '
586 485 802 566 Suaraburcir‚
828 473 1013 554 Guutbcms
1026 487 1067 556 do
1090 485 1336 567 unumunurn,
1364 485 1555 554 wernherus
1576 482 1616 553 dc
1646 482 1798 564 Kiboreia,
1832 482 1982 550 ilbertus
2010 483 2051 550 dc
2075 483 2142 551 iia·

589 589 793 675 bechspurcb‚
817 589 995 658 iriudwiaus
1013 598 1048 658 et
1060 591 1259 658 normannus
1281 589 1320 656 (la
1338 588 1503 656 h'rubnrcb
1525 594 1558 656 et
1578 586 1775 654 Tiromuaius·
1787 585 1827 653 dc
1850 586 1976 652 decern
1995 586 2148 682 comitemv

587 689 738 759 tilbertus
759 689 799 757 dc
820 692 981 774 Amstein,
1004 691 1175 760 Iliaconlus
1196 691 1387 759 marscalcus
1407 697 1441 758 et
1458 690 1631 760 Riccarrlas
1651 689 1842 757 curaremrius
1861 687 2034 773 imperialis
2056 689 2138 771 auio,

537 791 538 794 ’
585 793 697 862 etalii
718 812 814 879 quam
835 794 953 879 plures.

688 894 832 980 Sigillum
864 896 982 964 damini
1010 897 1162 964 Fridcrici
1190 898 1317 965 secundi
1345 898 1403 964 Dei
1425 898 1529 982 gratia
1548 896 1747 964 invictissimi
1770 896 1985 963 Romanorum
2007 895 2141 980 impera·

588 997 668 1066 toris
688 1017 813 1083 semper
834 1006 1083 1079 (maromonrma)
1105 1002 1241 1084 angusti,
1263 1000 1433 1068 Ierusalem
1455 1006 1488 1067 et
1509 1000 1615 1068 Sicilie
1636 1001 1728 1084 regis.

689 1101 773 1169 sca
802 1107 878 1169 sunt
905 1101 963 1170 hee
996 1121 1079 1169 anno
1110 1103 1265 1171 dominice
1293 1103 1526 1170 incarnacionis
1558 1102 1712 1168 milesium
1746 1101 1961 1167 ducentesimo
1993 1100 2140 1167 vicesima

586 1211 685 1286 sexta,
707 1223 814 1271 meuse
834 1204 957 1285 Marcii,
979 1206 1212 1288 quartodecimo
1233 1205 1428 1282 ladiecianis,
1451 1207 1627 1289 imperante
1647 1204 1776 1271 danrina
1808 1202 1968 1270 h'rideriaa
1989 1202 2050 1268 Dei
2069 1221 2141 1286 gra·

586 1307 636 1375 aia
664 1307 864 1376 serenissimo
892 1306 1105 1375 Romanorum
1135 1310 1325 1393 imperatore
1348 1326 1472 1392 semper
1500 1314 1645 1391 augium,
1680 1307 1851 1374 Ierusalem
1872 1312 1906 1373 et
1927 1305 2033 1372 Sicilie
2052 1325 2139 1390 rega3

588 1402 722 1477 Moloni
741 1409 864 1494 imperii
886 1410 953 1477 eius
978 1429 1062 1478 anno
1083 1418 1183 1494 sexto,
1205 1412 1294 1496 regni
1315 1410 1558 1478 Ierasalimitaai
1580 1410 1692 1495 prima
1715 1409 1804 1495 regui
1832 1426 1906 1477 vera
1931 1407 2038 1476 Sicilie
2058 1407 2140 1475 riae·

588 1511 667 1580 uma
689 1517 778 1579 sexto
800 1511 943 1580 feliciter.
987 1514 1098 1581 Amen.

689 1613 809 1682 Datum
831 1615 980 1698 Ariadna
1001 1635 1094 1700 anno,
1115 1635 1223 1685 meuse
1241 1623 1275 1685 et
1296 1616 1474 1684 Indiceiane
1495 1616 1690 1701 prescriptis.

658 1820 1313 1906 ‘imcumaazaaaumameaea
1357 1809 1628 1904 PrusciaPruap.
1738 1879 1741 1883 .

1155 2124 1228 2209 Nr.
1263 2119 1363 2208 592
1410 2117 1571 2224 (1292)

576 2412 581 2419 ,
695 2319 928 2404 wladislaus
954 2319 1072 2402 maim
1098 2321 1176 2403 dur
1200 2320 1349 2404 Paiania
1375 2322 1498 2401 1281
1525 2319 1627 2402 debr.
1652 2323 1738 2414 24,
1763 2315 1806 2399 in
1832 2314 1970 2418 dubim
2001 2335 2060 2402 aar
2092 2354 2141 2404 ee·

589 2439 703 2509 clasiae
723 2439 898 2508 cathedrali
918 2438 959 2506 de
979 2438 1138 2508 Wraciarr
1158 2440 1339 2508 libertatem
1360 2439 1587 2507 ‘lbeutonieam
1605 2438 1638 2504 in
1660 2436 1737 2504 villa
1757 2435 1825 2504 eius
1841 2435 2035 2520 Martyron.

692 2541 831 2622 Pam
854 2548 972 2625 ornain
1024 2546 1064 2607 W
1081 2548 1201 2625 domam
1222 2548 1399 2626 anicianum
1419 2546 1532 2623 bruna
1545 2546 1645 2622 jadaea
1660 2543 1798 2606 walaia
1815 2558 2009 2621 papracczne
2021 2544 2142 2626 veipada

590 2650 886 2728 mmeramme
902 2651 1046 2733 pasees
1677 2668 1678 2671 κ

700 2750 862 2814 Wroaav.
906 2752 1026 2815 Archia
1053 2751 1194 2828 Capituli.
1238 2752 1303 2824 ΑΛ,
1325 2749 1378 2814 72.

691 2951 730 3020 In
748 2953 874 3020 nomina
892 2951 988 3020 ihesu
1010 2951 1131 3020 Christi
1151 2971 1253 3019 amen
1298 2952 1364 3020 Nos
1386 2951 1582 3021 wladizlaus
1603 2951 1664 3019 Dei
1684 2953 1793 3036 gracia
1812 2952 1913 3020 maior
1933 2953 1999 3021 dux
2012 2953 2143 3022 Palania

588 3061 700 3124 notum
721 3055 853 3123 mabam
874 3056 1028 3122 universis
1049 3061 1228 3138 presentem
1249 3055 1395 3138 paginam
1416 3055 1616 3138 inspecturis,
1637 3054 1722 3138 quad
1736 3054 1778 3121 ad
1792 3054 1943 3123 bonorem
1956 3054 2017 3123 Dei
2031 3060 2065 3123 et
2078 3056 2143 3124 uti·

588 3157 711 3226 litatem
730 3157 859 3225 emissis
884 3157 986 3224 sancti
1012 3155 1160 3224 lobannis
1186 3157 1220 3222 in
1240 3156 1434 3239 Wratizlan‚
1467 3157 1609 3224 dedimus
1637 3163 1672 3222 et
1700 3157 1911 3224 manserimus
1939 3162 1973 3225 et
1996 3163 2142 3241 presente

587 3264 677 3326 carta
697 3259 949 3327 confirmavimus
969 3258 1033 3325 iam
1054 3258 1138 3325 dieta
1159 3256 1288 3325 ecclesie
1304 3257 1483 3326 libertatem
1504 3257 1707 3326 Teutonicum
1729 3259 1857 3343 plenam
1878 3260 1912 3326 iu
1926 3258 2083 3342 Marinae,
2100 3259 2143 3328 ad

589 3360 756 3430 locandam
778 3360 894 3427 ibidem
913 3360 1101 3427 Teutonicos
1122 3365 1157 3426 et
1176 3359 1256 3427 alias
1277 3359 1428 3445 hospitas,
1450 3379 1489 3428 ao
1510 3360 1614 3443 moda,
1637 3362 1692 3447 qni
1714 3361 1775 3430 sibi
1796 3362 1955 3429 ridebitur
1978 3362 2141 3447 expediam

589 3462 688 3530 nichil
708 3462 750 3531 ab
771 3462 830 3530 baa
852 3462 999 3530 libertate
1019 3462 1110 3530 nobis
1131 3466 1165 3528 et
1182 3463 1300 3529 ansuis
1322 3462 1489 3531 heredibus
1510 3465 1655 3548 excipere
1675 3465 1896 3546 decemeates3
1919 3471 2143 3550 preterquam

594 3563 759 3633 dimidiam
781 3571 905 3651 partem
926 3565 959 3632 in
976 3565 1134 3632 solucione
1155 3565 1270 3649 capitis
1290 3566 1408 3649 siquis
1429 3567 1515 3649 quod
1535 3566 1620 3634 absit
1632 3567 1749 3635 ibidem
1770 3566 2074 3650 lueritiateriectus‚
2095 3569 2144 3635 iu·

589 3666 659 3736 diae
686 3667 826 3753 episcopi
855 3667 1122 3735 Wrntialaviensis
1151 3667 1212 3734 sibi
1244 3667 1284 3735 de
1312 3669 1422 3737 eadem
1448 3670 1607 3737 solucione
1634 3676 1757 3754 partem
1790 3672 1920 3738 termam
1948 3675 2141 3753 remane

591 3788 716 3838 amnem
737 3770 910 3838 ndbmtem
935 3775 1045 3837 sanato
1070 3776 1245 3837 memorato
1270 3772 1469 3839 concedimus
1496 3779 1650 3857 perpetuo
1675 3772 1904 3858 possidendam
1948 3772 1994 3840 st
2021 3778 2059 3840 ut
2083 3772 2144 3840 bec

589 3877 700 3940 nastm
716 3871 845 3940 donatia
863 3878 1049 3957 perpetuam
1069 3870 1186 3939 habeat
1205 3871 1399 3955 firmitatem,
1423 3875 1526 3958 ipsam
1547 3875 1657 3958 scripti
1680 3874 1775 3942 buius
1795 3874 1976 3942 testimarda
1997 3879 2032 3942 et
2045 3874 2143 3959 sigilii

589 3974 692 4041 nasta
712 3974 904 4058 appensione
924 3973 1070 4041 duximus
1092 3974 1309 4042 roborandam.
1354 3977 1471 4045 datum
1492 3979 1525 4044 in
1548 3976 1652 4045 Lubia
1666 3995 1750 4044 anno
1765 3976 1893 4044 Domini
1911 3974 2141 4059 mccxxxl,

589 4073 637 4142 v1
657 4075 818 4144 Kueadas
840 4075 965 4157 Martis,
986 4075 1048 4142 hiis
1078 4074 1225 4143 barabas:
1254 4076 1395 4144 Iohanne
1417 4078 1535 4147 abbata
1560 4078 1600 4146 de
1625 4079 1740 4161 hubin,
1767 4078 1928 4164 Stephana
1955 4079 2142 4148 cancellaria

589 4183 709 4261 nosue,
733 4176 885 4247 Οοοὶηᾱο
907 4177 1079 4246 castellam
1098 4178 1138 4245 de
1159 4178 1307 4262 Zbansin‚
1328 4185 1363 4248 at
1383 4181 1494 4248 multis
1513 4181 1594 4248 aliis.

692 4382 849 4464 Mutinav,
882 4387 970 4464 latui,
997 4386 1060 4462 salt
1089 4389 1133 4468 eie
1167 4388 1296 4464 atatam
1318 4408 1339 4450 z
1369 4389 1454 4451 aaut:
1493 4385 1694 4454 hnaoentius
1729 4386 1787 4471 Pp.
1814 4387 1861 4453 lv
1895 4386 1978 4451 1245
2004 4386 2086 4472 Aug.
2109 4387 2141 4471 9,

439 4484 444 4489 ’
589 4483 745 4569 Lugduni,
768 4489 950 4566 (Wrocinm,
965 4489 1085 4551 Arabio.
1113 4489 1254 4565 capitul,
1274 4490 1363 4553 Liber
1384 4494 1472 4568 nicer
1487 4509 1566 4569 pao.
1597 4491 1687 4571 446),
1709 4511 1736 4554 ro
1757 4495 1898 4571 dyecczyi
1927 4491 2141 4573 Pammenes,

582 4590 708 4756 mo
735 4596 831 4651 ratem
863 4587 1039 4668 Morounda
1057 4610 1090 4668 p.
1113 4609 1152 4654 aa
1173 4592 1379 4671 Stoicarum,
1407 4592 1475 4656 daia
1494 4611 1514 4654 z
1534 4596 1699 4657 meta
1723 4596 1842 4659 Morta.
1886 4591 2001 4675 Luhin,
2029 4593 2141 4660 Luam

695 4689 739 4772 in,
763 4689 908 4775 mauri
