4860 6180
1901 517 1976 608 ddi

387 758 393 769 ’
432 731 612 804 babuerunt
633 734 838 817 restituimus,
860 733 972 802 dumus
994 739 1028 801 ct
1047 733 1241 818 resignamus
1263 729 1505 831 inperpetuum
1526 731 1744 819 possidendam
1763 739 1797 801 et
1810 752 1850 800 ne
1864 732 1977 818 uliqui-

431 841 490 909 bus
510 839 550 908 de
571 839 747 908 hulusmodi
768 839 990 924 resignatione,
1009 838 1209 906 restitutione
1229 857 1284 905 seu
1313 839 1483 905 donatione
1501 837 1631 904 dubium
1652 837 1685 904 iu
1708 843 1867 921 posterum
1896 837 1979 902 oris·
2041 867 2043 872 ·

431 947 494 1026 tur,
516 961 646 1027 presens
667 943 819 1027 scriptum
841 942 942 1009 nostri
963 949 997 1008 et
1012 942 1151 1027 Capituli
1165 941 1338 1024 sigillorum
1353 943 1525 1009 munimine
1539 940 1667 1008 lecimus
1680 941 1832 1008 roborati.
1862 942 1978 1008 Aaou

432 1051 466 1114 et
485 1044 596 1113 dotum
617 1047 651 1112 iu
674 1045 754 1113 Seue
777 1044 983 1112 Wlmlislurio
1000 1064 1083 1112 suno
1102 1044 1229 1112 Domini
1256 1043 1475 1113 iidemu
1497 1045 1530 1112 in
1557 1044 1609 1112 die
1634 1045 1737 1111 sancti
1759 1043 1876 1111 Vitalis
1896 1061 1980 1110 mur·

431 1148 522 1234 tyris,
551 1147 762 1240 presentibus:
793 1146 909 1214 dlbcro
935 1147 1062 1228 deeuuo,
1087 1148 1238 1231 magistro
1261 1147 1434 1216 Vencesloo
1459 1148 1657 1228 scholastico,
1685 1146 1845 1232 Stephano
1875 1146 1978 1215 archi·

432 1249 573 1333 damno,
594 1248 757 1317 Sendislao
780 1249 910 1317 custode
925 1249 1250 1332 Wtodtsnviensibum
1272 1252 1416 1336 liudgero
1430 1252 1557 1333 decano,
1580 1250 1740 1334 Liphardo
1754 1250 1976 1317 archidiacono
2106 1262 2112 1278 ·

434 1350 717 1433 cmsviciensibus3
741 1353 877 1434 Andros,
905 1352 1085 1433 Beneolicto,
1109 1351 1249 1435 Nicolao,
1271 1353 1347 1421 Vito
1375 1361 1410 1421 et
1431 1353 1598 1435 Villrelmo,
1625 1353 1782 1420 muonleis
1804 1351 1973 1420 Wludisls·

434 1455 602 1539 viensibus,
625 1462 658 1524 et
678 1455 749 1522 eliis
771 1475 867 1541 quam
888 1455 1031 1542 pluribus
1048 1455 1110 1523 tide
1131 1455 1244 1541 dignis.

537 1609 818 1693 Wladislsvieusis,
840 1616 879 1677 dc
906 1613 1102 1678 Wloctorrcl.
1146 1609 1259 1693 Klobs,
1282 1613 1402 1678 lltoblu.
1436 1584 1569 1693 Cboteu,
1597 1610 1721 1678 Cboced.
1759 1608 1879 1692 Lends,
1900 1611 1980 1697 Lod.

434 1711 536 1783 Senex
555 1712 771 1798 Wlsdisluviu,
801 1718 1016 1782 neumanen-

1003 2014 1077 2100 Nr.
1109 2011 1210 2101 605.
1256 2007 1415 2118 (4122)

537 2208 729 2296 Bolesluus
757 2212 834 2296 dux
859 2209 1012 2296 dicioris
1037 2212 1188 2297 Polouis
1221 2216 1355 2294 1264
1386 2208 1484 2313 lug.
1519 2213 1585 2303 16,
1616 2209 1660 2293 iu
1689 2208 1816 2313 Kolim
1843 2225 1985 2295 decumo

435 2336 559 2401 mnu
578 2337 613 2398 et
633 2333 805 2418 privilegiu,
827 2331 952 2400 Iudaeis
972 2352 993 2401 o
1013 2351 1048 2400 se
1070 2352 1228 2402 concessa

542 2437 738 2552 dlummmpt
766 2440 994 2519 potnicrdzong
1025 2457 1149 2534 prun·
1170 2433 1351 2506 Kozimim
1379 2452 1436 2502 rex
1470 2431 1602 2501 Polemio
1635 2438 1697 2502 etc.
1733 2432 1818 2500 1334
1850 2434 1920 2503 oet
1952 2432 1984 2517 9,

436 2534 629 2706 0111002817.
652 2644 813 2726 Boadtlrr'e,
837 2645 896 2708 lue
915 2646 1099 2719 Pramnos,
1113 2642 1200 2724 μὶ
1243 2641 1301 2726 (Ze
1324 2638 1472 2707 Stotutdrr
1490 2640 1661 2725 laodicae)

539 2793 577 2862 In
596 2795 723 2864 nomine
744 2795 871 2863 Domini
892 2813 994 2865 omen.
1037 2794 1177 2862 Humani
1201 2794 1324 2880 generis
1353 2793 1503 2877 actiones,
1532 2794 1595 2861 uisi
1615 2794 1742 2878 dgeent
1759 2811 1835 2861 voce
1857 2793 1986 2860 testium

438 2901 496 2965 sut
516 2897 697 2966 testimonio
719 2899 892 2981 literamm,
915 2899 1060 2966 celeriter
1073 2904 1239 2966 transeunt
1261 2903 1296 2964 et
1316 2915 1444 2982 prorsus
1463 2916 1484 2964 a
1500 2897 1652 2965 memoris
1666 2897 1860 2964 relabuntur.
1883 2895 1985 2981 Igitur

438 3017 496 3065 nos
517 2996 681 3069 Boleslsus
702 3001 760 3069 Dei
781 3003 889 3087 grecis
909 3003 974 3069 dux
994 3001 1126 3070 Maioris
1147 3001 1276 3070 Polouie
1297 3008 1408 3069 uotum
1429 2999 1563 3068 iacimus
1584 3006 1650 3068 tom
1671 2999 1871 3085 presentibus
1892 3012 1990 3084 quam

438 3099 552 3170 tuturis
572 3102 614 3170 ed
635 3123 767 3187 quorum
785 3106 933 3173 notitiem
957 3105 1119 3172 devenerit
1144 3124 1273 3190 presens
1287 3106 1450 3190 scriptum,
1465 3103 1550 3189 quod
1564 3102 1668 3171 Iudeis
1682 3104 1799 3171 uostris
1814 3122 1872 3189 per
1885 3110 1988 3170 totum

370 3234 379 3245 ·
439 3203 617 3273 mutorum
645 3209 746 3275 nostri
774 3209 905 3277 dominii
932 3209 1123 3291 constitutis,
1153 3227 1261 3276 eorum
1286 3215 1413 3276 statuta
1434 3213 1468 3276 et
1489 3207 1654 3293 privilegis
1674 3204 1735 3290 que
1753 3225 1774 3273 a
1795 3207 1886 3275 uobis
1907 3206 1988 3274 obti-

440 3316 586 3391 nuemut,
615 3309 655 3378 de
680 3310 775 3379 verbo
807 3311 849 3379 ud
875 3310 1015 3395 verbum,
1044 3316 1140 3396 prout
1160 3310 1195 3378 in
1216 3310 1360 3396 sequenti
1379 3310 1460 3378 serie
1481 3311 1691 3393 continentur,
1714 3310 1823 3378 taliter
1843 3310 1989 3379 duximus

542 3516 682 3585 Primum
710 3519 837 3603 quidem
866 3520 1046 3603 sonuimus,
1075 3527 1113 3587 ut
1139 3537 1197 3604 pro
1226 3517 1360 3602 pecunie
1385 3522 1442 3584 sut
1467 3535 1525 3602 pro
1547 3533 1733 3601 quocunque
1751 3534 1786 3584 re
1807 3515 1917 3584 mobili
1937 3516 1990 3585 vel

441 3618 603 3704 immobili,
631 3627 688 3689 aut
715 3622 750 3689 iu
773 3641 870 3690 causo
891 3623 1046 3691 criminali
1067 3642 1129 3708 que
1151 3623 1254 3708 tangit
1274 3639 1440 3707 personum
1461 3628 1587 3688 autres
1609 3619 1706 3702 ludei,
1727 3620 1835 3686 nullus
1855 3619 1989 3688 Christi·

441 3741 522 3792 suos
543 3730 654 3792 contm
673 3724 814 3808 ludeum,
837 3727 898 3792 nisi
918 3745 990 3794 cum
1012 3726 1193 3793 Christiano
1214 3730 1248 3792 et
1268 3722 1375 3807 ludeo,
1397 3724 1430 3789 in
1449 3724 1664 3792 testimouium
1686 3723 1885 3791 admittatur.

546 3829 576 3893 2.
621 3826 713 3909 Item,
743 3828 771 3893 si
791 3827 993 3896 christianus
1013 3829 1143 3897 Iudeum
1165 3826 1307 3912 impedit,
1336 3845 1480 3894 assereus
1501 3826 1586 3910 quod
1607 3826 1787 3912 eipiguoro
1800 3844 1859 3894 sua
1872 3825 1991 3912 obligu-

442 3928 533 4012 rerit,
560 3934 594 3996 et
619 3927 735 3996 Iudeus
757 3929 921 4015 diffitens,
941 3939 974 3999 et
996 3933 1194 4000 Christianus
1215 3931 1304 3998 ludet
1325 3930 1518 4016 simplicibus
1538 3929 1642 3997 serbis
1663 3929 1755 3996 tidem
1777 3928 1914 3996 noluerit
1934 3929 1990 3997 ed·

441 4031 558 4116 bibere,
588 4031 702 4099 ludens
731 4032 864 4102 imuudo
893 4053 988 4120 super
1014 4036 1211 4120 equivaleute
1239 4034 1299 4103 sibi
1321 4035 1426 4103 oblnto
1447 4053 1538 4102 snam
1559 4034 1766 4102 intentionem
1786 4032 1934 4119 probabit
1955 4039 1989 4101 et
2018 4081 2021 4086 -

441 4140 584 4204 oensem
604 4134 776 4203 absolutus.

544 4236 576 4306 3.
620 4235 655 4305 st
684 4237 881 4309 Christianus
909 4241 1094 4325 obligaverit
1124 4242 1220 4309 ludeo
1247 4243 1370 4327 pignus,
1397 4259 1540 4309 essemus
1563 4241 1648 4326 quod
1676 4240 1771 4309 ludeo
1798 4259 1856 4325 pro
1879 4239 1992 4307 minori

442 4340 574 4426 pecunie
604 4341 789 4427 obligaverit
818 4365 912 4430 quoru
941 4345 1056 4413 ludeus
1078 4347 1273 4426 confiteatur,
1296 4345 1411 4411 iurabit
1432 4344 1550 4412 Iudeus
1571 4363 1666 4428 super
1683 4345 1813 4429 pignore
1832 4345 1892 4411 sibi
1913 4343 1992 4410 obli-

442 4450 527 4530 goto,
548 4451 581 4511 et
602 4445 686 4529 quod
708 4447 886 4515 lummento
905 4449 1093 4533 probaverit,
1116 4448 1314 4515 Christianus
1333 4448 1361 4514 ci
1383 4448 1503 4516 solvere
1524 4466 1588 4514 non
1610 4454 1741 4514 recuset

546 4548 577 4615 4.
621 4547 712 4632 Item,
740 4550 767 4615 si
794 4550 908 4619 ludens
939 4552 1120 4619 Christiano
1146 4551 1279 4618 testibus
1301 4571 1363 4617 uon
1384 4553 1556 4635 assumptis
1577 4551 1673 4633 dicut,
1696 4569 1729 4617 se
1750 4549 1864 4635 pignus
1886 4557 1991 4617 mutu·

443 4667 522 4735 arse,
545 4657 579 4719 et
599 4650 653 4719 ille
673 4655 842 4737 negaverit,
866 4674 960 4739 super
982 4656 1040 4722 boe
1063 4655 1263 4721 Christianus
1284 4654 1382 4722 solius
1404 4655 1453 4720 sui
1475 4655 1652 4721 iuramento
1674 4673 1708 4720 se
1725 4660 1886 4740 expurget.

549 4755 579 4823 5.
623 4756 739 4824 ludens
771 4759 908 4842 recipcre
935 4759 1055 4844 poterit
1082 4759 1208 4824 nomine
1231 4759 1395 4841 pignorum
1425 4758 1530 4826 omnia
1559 4775 1620 4840 quc
1646 4756 1706 4823 sibi
1729 4755 1847 4823 luerint
1874 4757 1991 4841 oblata,

443 4876 628 4944 quoeunque
646 4861 772 4927 nomine
793 4867 953 4943 vocentur,
984 4863 1070 4929 nulla
1098 4862 1137 4928 de
1164 4861 1214 4928 ltis
1241 4862 1443 4946 inquisitione
1464 4861 1563 4929 iacta:
1594 4861 1732 4945 exceptis
1760 4860 1899 4928 vestibus
1921 4881 1993 4929 sau·

443 4960 631 5044 guinoleutis
656 4969 689 5028 et
717 4963 908 5044 nratleluctis,
927 4971 961 5030 et
982 4965 1079 5030 sacris
1097 4965 1246 5044 uestibus,
1268 4984 1347 5048 quas
1366 4964 1479 5030 lmleus
1500 4964 1682 5031 nullatcnus
1703 4963 1888 5046 acceptabit.

547 5061 577 5128 ti.
622 5064 712 5145 Item,
735 5067 762 5131 si
785 5067 985 5133 Christianus
1007 5067 1172 5150 impediret
1198 5067 1337 5148 Iutluum,
1362 5068 1438 5150 quin
1451 5069 1564 5150 pignus
1586 5067 1671 5151 quod
1692 5066 1806 5133 ludeus
1831 5067 1938 5149 habet,
1957 5067 1989 5134 ei

445 5164 554 5233 furtim
576 5165 624 5231 rel
646 5186 706 5250 per
724 5168 905 5236 violenciam
927 5172 970 5236 sit
991 5170 1140 5251 ablutum,
1160 5170 1274 5237 lmleus
1296 5172 1379 5236 iuret.
1399 5189 1494 5252 super
1516 5170 1570 5236 illo
1589 5171 1733 5254 pignore:
1754 5169 1837 5252 quod
1859 5188 1930 5235 cum
1945 5189 1992 5236 re·

447 5267 668 5353 sepitionem
690 5269 830 5339 ablatum
854 5273 902 5339 vel
923 5273 1036 5355 ruptim
1058 5273 1259 5353 ignoraverit:
1282 5273 1342 5340 hoc
1365 5274 1396 5338 in
1418 5291 1476 5337 suo
1495 5273 1670 5339 iuramento
1687 5270 1849 5354 implicito,
1872 5280 1990 5357 quarite

447 5373 490 5437 sit
511 5373 623 5458 pignus
644 5373 821 5441 lmiusmmli
845 5377 1017 5456 elitigatum
1039 5376 1194 5459 mutabit,
1217 5376 1313 5441 etsie
1335 5376 1564 5460 expaugcreiono
1585 5375 1678 5456 tacta,
1702 5375 1901 5441 Christianus
1927 5396 1993 5442 sor·

449 5481 511 5541 tem
541 5483 574 5543 ct
604 5497 730 5544 usurum
757 5479 785 5543 ci
817 5483 975 5563 promtus
996 5500 1057 5563 que
1080 5481 1180 5546 ululis
1213 5487 1353 5564 mertuum·
1378 5485 1589 5546 muruveruut

1785 5597 1838 5657 71·
1872 5601 1882 5618 ·
