4860 6180
432 463 511 540 utu

430 662 587 731 dictorum
609 663 821 731 retcncionem
842 664 1009 731 volucrunt
1030 663 1079 729 vcl
1100 662 1268 730 valuerunt
1293 663 1462 745 moderari,
1489 682 1530 730 ne
1551 663 1719 730 sentenciis
1740 662 1831 731 nobis
1852 663 1981 731 commi·

431 766 517 834 natis
538 771 573 833 ct
592 764 626 832 in
647 765 730 832 diem
751 766 883 850 prolatis
905 785 963 833 nos
983 764 1183 849 aliquatenus
1205 765 1409 848 involvamur,
1432 784 1503 833 cum
1531 764 1708 850 episcopale
1729 765 1867 832 odicium
1889 763 1981 831 nobis

430 865 562 936 cottidie
582 866 745 934 immineat
762 869 991 952 exequendum:
1010 867 1050 935 ad
1069 869 1288 950 oppressorum
1309 867 1481 934 remedium
1496 865 1720 950 confugientes,
1735 887 1756 933 a
1770 866 1911 951 predicto
1926 885 1981 932 ve·

431 969 563 1038 uerabili
583 975 675 1054 patra
693 971 844 1037 cardinali
865 977 899 1038 et
925 970 1047 1036 nunciis
1076 969 1145 1036 eius
1169 968 1358 1052 supradictis
1387 974 1421 1036 et
1446 969 1597 1055 predictis
1624 968 1727 1035 causis
1752 969 1981 1052 gravaminum,

431 1089 495 1138 non
516 1071 663 1139 abstante
683 1091 721 1140 eo
742 1073 827 1156 quod
848 1073 951 1139 dictus
971 1071 1116 1138 dominus
1137 1070 1239 1138 Adam
1259 1071 1350 1138 nobis
1370 1072 1412 1137 ad
1426 1071 1609 1138 solvendum
1624 1070 1727 1137 dietas
1741 1071 1981 1154 procuracioncs

431 1173 602 1241 scurndum
623 1192 761 1240 mensem
782 1173 938 1241 addiderit
959 1179 993 1240 et
1012 1174 1115 1240 locum
1135 1172 1313 1256 assignandi
1328 1173 1453 1240 eusdem
1467 1172 1558 1239 nobis
1572 1172 1772 1257 deputaverit
1786 1173 1820 1239 in
1835 1171 1981 1253 Wienna,

432 1285 503 1344 cum
525 1272 685 1342 nec'inira
705 1274 788 1340 diem
811 1275 984 1359 (dictami)
1003 1276 1143 1360 spacium
1166 1277 1315 1358 temporis
1337 1275 1421 1359 quad
1443 1275 1567 1344 addidit
1588 1273 1780 1342 sufficnmus
1805 1273 1982 1358 sepedictus

433 1377 672 1462 pmmmdoues
693 1375 880 1461 persolvere,
901 1383 935 1444 et
955 1377 1043 1446 locus
1064 1397 1158 1462 quem
1180 1377 1270 1444 nobis
1291 1379 1427 1444 mount
1455 1377 1534 1444 sads
1561 1375 1660 1445 distet
1680 1382 1714 1443 et
1740 1376 1863 1444 viarum
1884 1377 1982 1442 inter·

432 1476 537 1546 medlo
557 1476 697 1562 pericula
718 1478 880 1546 contineat
900 1479 984 1547 sicut
1003 1485 1038 1547 et
1058 1481 1148 1556 alins,
1171 1478 1224 1546 ubi
1246 1480 1329 1547 idern
1349 1478 1495 1547 dominus
1518 1480 1640 1562 legatus
1669 1478 1877 1563 personaliter
1898 1494 1982 1544 conn-

431 1585 584 1661 moratur,
605 1578 639 1644 iu
660 1576 722 1645 biis
750 1578 877 1662 scriptis
900 1581 942 1647 ad
968 1580 1080 1650 sedem
1105 1582 1310 1665 apostolicam
1339 1582 1544 1666 appellamus,
1574 1599 1642 1663 nos,
1669 1585 1795 1647 nostras
1821 1579 1981 1661 ecclesias,

432 1681 551 1752 omum
571 1687 717 1748 nostrum
738 1685 900 1749 eteorum
921 1683 1068 1751 eeclesias
1089 1683 1268 1769 dyocesium
1281 1689 1472 1765 cosmatum,
1505 1682 1646 1749 eiusdem
1676 1680 1766 1749 Sedis
1790 1680 1982 1765 proteccioni

431 1783 653 1853 submittentes
675 1787 709 1850 et
729 1783 890 1866 apostolos
910 1785 1068 1853 instamer
1086 1785 1236 1869 petimus3
1256 1784 1435 1854 moderatas
1457 1791 1564 1851 tamen
1587 1791 1621 1851 et
1641 1783 1732 1851 nobis
1750 1782 1931 1850 tolerabiles
1944 1801 1984 1850 ac

431 1882 599 1972 possibiles
629 1884 870 1970 procuraciones
901 1904 959 1971 pro
992 1887 1062 1973 ipso
1093 1886 1220 1955 domino
1251 1886 1404 1955 cardinali
1429 1905 1493 1954 non
1519 1885 1692 1970 maginus
1723 1904 1781 1953 nec
1810 1885 1907 1952 edam
1933 1903 1984 1954 re·

432 2005 587 2057 muamus

535 2087 728 2173 Interposita
753 2087 890 2156 ertheo
924 2089 1098 2174 appellucio
1130 2089 1215 2174 apud
1247 2089 1338 2175 Opol,
1368 2089 1416 2157 111
1446 2089 1556 2158 Nonas
1585 2089 1714 2173 Aprilis,
1741 2106 1824 2157 anuo
1854 2087 1983 2156 Domini

433 2188 642 2263 ttccfflxx
663 2191 809 2276 septimo,
831 2189 1028 2275 presentibus
1048 2190 1175 2259 dommo
1196 2191 1341 2277 episcopo
1368 2190 1545 2260 Zambiensi
1570 2197 1606 2258 et
1627 2189 1714 2272 aliis3
1743 2196 1778 2258 et
1805 2189 1839 2256 in
1869 2189 1984 2258 Rathi-

433 2291 492 2362 bur
511 2291 542 2358 V
562 2291 638 2360 Idus
658 2292 789 2378 Aprilis,
811 2311 894 2360 anuo
911 2291 1030 2361 eodem
2039 2309 2043 2316 ·

537 2494 819 2578 museus,
851 2500 889 2562 re
924 2499 1118 2588 scopans.
1169 2496 1373 2580 sumemus,
1401 2502 1440 2564 ne
1471 2500 1600 2574 rosaz,
1634 2519 1653 2563 ι
1682 2441 1848 2563 mma
1877 2498 1983 2564 rua.

433 2597 527 2687 opor,
555 2601 656 2683 Ordo
678 2621 697 2665 2
717 2599 885 2666 Ma
912 2602 1035 2682 orrea
1826 2649 1830 2656 -

1104 2897 1178 2982 Nn.
1210 2887 1310 2982 576.

538 3093 719 3178 Prembel
741 3092 923 3177 secundus
948 3092 1026 3174 dux
1052 3091 1203 3175 Polonie
1229 3089 1381 3174 dicioris
1407 3094 1541 3174 1287
1556 3089 1646 3201 dpr.
1664 3096 1749 3190 25,
1767 3089 1810 3174 in
1828 3085 1985 3192 laisum

434 3211 601 3282 confirmat
627 3211 779 3281 iratribus
813 3212 995 3280 monasterii
1028 3210 1069 3278 de
1101 3211 1266 3296 Dobryiug
1294 3212 1496 3280 donatiouem
1531 3211 1775 3307 quingentorum
1801 3229 1985 3285 mansorum

437 3314 523 3384 circa
543 3315 679 3382 rivulum
699 3314 851 3382 Poniluva
863 3319 897 3381 et
920 3312 1038 3381 Sakala
1062 3314 1220 3399 dubrova,
1246 3313 1491 3384 aWolodeclao
1512 3321 1546 3383 et
1570 3314 1728 3398 Bolesiao,
1748 3314 1986 3402 quondamdu·

435 3415 525 3485 cibus
547 3415 705 3499 Polonise,
727 3414 854 3483 betam.

446 3529 450 3535 '
541 3522 681 3599 Purpura
703 3524 821 3600 epota
864 3520 915 3582 No
930 3521 1268 3598 messuerimus
1287 3539 1433 3587 mersen.
1452 3526 1681 3602 munimem
1698 3520 1823 3607 pieczpd
1844 3524 1986 3602 Ρηαιν-

436 3624 536 3687 svm
555 3623 688 3708 Μῶα
703 3630 849 3701 aeas
866 3630 964 3692 xxii

541 3721 677 3792 heret
720 3727 840 3806 Konta
864 3728 970 3791 Stuatr
990 3729 1082 3793 Arca
1126 3727 1232 3791 maen
1254 3727 1285 3791 7.

540 3927 579 3996 In
599 3929 726 3997 nomine
746 3935 856 3998 sancte
876 3937 910 3997 et
928 3928 1088 3997 individue
1108 3928 1274 3996 Trinitatis
1295 3947 1396 3998 amen
1441 3928 1595 4009 Quoniam
1617 3928 1759 3996 omnium
1784 3928 1901 3997 hebere
1921 3946 1987 3996 me·

437 4028 573 4098 modam
593 4030 702 4114 pocius
723 4037 773 4099 est
790 4030 967 4098 divinitatis
988 4049 1083 4115 qoam
1104 4030 1322 4110 humanitatis,
1339 4029 1457 4098 idcirco
1478 4037 1670 4116 oportunum
1690 4036 1742 4097 est
1761 4029 1853 4098 valde
1873 4048 1912 4098 ac
1932 4048 1988 4098 ns·

438 4131 617 4210 mum,
643 4139 682 4200 ut
705 4138 796 4216 gesta
820 4133 1000 4200 mortalium
1026 4133 1152 4218 scriptis
1178 4131 1348 4199 summis
1378 4138 1412 4198 et
1446 4132 1575 4199 testium
1607 4130 1721 4200 robore
1754 4131 1988 4199 confirmentur.

438 4230 594 4302 Noverint
613 4235 711 4319 igitur
731 4235 869 4302 universi
890 4232 1010 4300 Christi
1038 4233 1146 4301 fideles
1170 4238 1333 4317 presentes
1360 4252 1400 4300 ac
1421 4235 1541 4318 posteri
1571 4235 1613 4300 ad
1639 4253 1775 4318 quorum
1797 4233 1988 4318 presentiam

437 4354 568 4422 presens
588 4337 740 4422 scriptum
762 4336 947 4422 pervenerit,
979 4336 1061 4419 quod
1090 4354 1148 4403 nos
1173 4335 1326 4403 Premizcl
1354 4334 1520 4417 secundus,
1547 4335 1607 4404 Dei
1636 4337 1743 4420 gracia
1768 4336 1833 4402 dux
1858 4335 1988 4404 Polonie

437 4439 580 4520 Maioris,
602 4439 687 4524 piam
708 4445 741 4506 et
761 4440 887 4521 dignam
908 4436 1110 4505 donationem
1131 4440 1366 4523 progenitorum
1388 4445 1579 4520 nostrornm,
1602 4438 1749 4505 videlicet
1769 4439 1859 4506 ducis
1880 4437 1989 4505 Wala-

437 4541 537 4609 (lcrlai
558 4542 610 4608 avi
628 4541 728 4609 nostri
749 4558 807 4606 nec
827 4558 891 4606 nan
912 4539 1017 4622 patrui
1039 4541 1139 4606 nostri
1161 4538 1261 4606 ielicis
1281 4541 1431 4607 memorie
1452 4540 1540 4606 duds
1554 4539 1703 4622 Bolezlai,
1725 4558 1822 4622 quam
1844 4538 1987 4607 leserunt

438 4643 569 4712 eoelesie
590 4647 625 4709 et
652 4640 818 4709 conventui
844 4640 877 4705 in
903 4638 1081 4707 Doberlueh
1111 4641 1238 4708 Ordinis
1264 4641 1502 4725 cysterciensis,
1536 4643 1571 4708 in
1602 4642 1730 4724 scriptis
1757 4642 1848 4709 nobis
1873 4641 1989 4711 oblatis

372 4775 375 4781 ·
438 4742 612 4822 audiemus,
633 4741 777 4808 videlicet
797 4742 831 4808 in
853 4741 971 4808 mansis
992 4742 1171 4826 quingentis
1192 4743 1277 4811 cirea
1296 4743 1433 4811 rivulum
1450 4743 1594 4826 Poniqua
1614 4749 1648 4810 et
1677 4742 1792 4810 Secula
1817 4742 1988 4826 dambries,
2119 4745 2120 4748 ’

439 4845 540 4929 ipsam
559 4844 680 4911 scilicet
700 4843 910 4922 donationem,
938 4850 976 4909 ut
1002 4844 1103 4927 magis
1130 4845 1221 4912 firma
1241 4845 1283 4912 ab
1302 4846 1446 4913 omnibus
1468 4845 1712 4930 impedientibus
1735 4851 1870 4928 maneat,
1899 4851 1934 4913 et
1950 4852 1989 4913 ut

439 4947 472 5014 in
495 4946 666 5014 remedium
687 4945 790 5011 anime
812 4950 919 5010 nostre
940 4952 974 5011 et
994 4946 1133 5013 omnium
1154 4947 1464 5031 consanguineorum
1486 4953 1666 5013 nostrornm
1681 4947 1856 5030 proveniat,
1878 4966 1989 5015 secun·

439 5047 515 5115 dnm
536 5048 620 5132 quod
643 5046 788 5114 circuicio
808 5065 870 5129 que
889 5044 974 5112 iacta
995 5046 1055 5113 init
1077 5047 1228 5114 iratribus
1257 5049 1334 5114 dicti
1361 5048 1544 5115 monasterii
1573 5049 1614 5114 ab
1639 5049 1772 5131 antiquo
1797 5049 1989 5131 extenditur,

440 5150 618 5216 cumomni
641 5148 790 5227 utilitato,
809 5146 929 5213 scilieet
950 5148 1044 5230 apriis,
1063 5151 1173 5232 pratis,
1195 5150 1282 5215 silvis
1304 5155 1338 5216 et
1354 5151 1456 5234 aquis,
1479 5168 1549 5216 cum
1571 5150 1657 5214 omni
1679 5148 1828 5216 libertate
1849 5149 1988 5233 etpleno

443 5249 513 5316 inre
535 5256 602 5317 tam
625 5248 828 5332 proprietatis
855 5266 950 5329 quam
978 5251 1182 5330 possessionis
1216 5250 1387 5333 tranquille
1412 5256 1446 5318 et
1471 5249 1599 5333 pacilius
1627 5250 1824 5334 possidenda,
1851 5251 1934 5318 sicut
1954 5251 1989 5318 in

440 5350 616 5442 privilegiis
638 5349 889 5434 praleussorum
912 5356 1089 5418 nostrmurn
1111 5351 1300 5433 conductur,
1322 5351 1363 5418 ad
1385 5351 1569 5436 petitimem
1591 5349 1710 5419 domiai
1731 5351 1915 5418 'ilreuulevici
1933 5351 1990 5418 ab·
