4860 6180
1798 325 1872 401 367

330 541 395 612 dux
411 535 545 608 Malorls
564 532 694 603 Polouie
714 535 824 600 notum
843 527 973 598 asum
990 527 1145 597 universis
1173 533 1240 597 mm
1263 529 1461 615 presentibus
1484 548 1579 614 quam
1605 529 1722 599 tuturis
1745 549 1874 616 presens

331 642 484 727 scripturn
505 637 706 724 inspecturis,
726 635 811 720 quod
828 633 1035 702 meliorationi
1056 639 1091 700 et
1108 633 1322 702 reformationi
1352 640 1435 702 terre
1463 639 1571 700 nostre
1592 641 1688 718 prout
1708 635 1805 703 decus
1824 641 1876 704 est

331 744 493 818 intendero
514 742 688 828 cupientes,
709 739 801 807 villas
821 743 946 806 nostras
966 735 1125 822 Gyreyuo,
1147 738 1331 822 Iurrylrowo
1345 744 1379 806 et
1391 737 1595 821 Semyanowo
1610 739 1782 821 vulgariter
1794 760 1875 808 nun·

331 853 474 934 cupams,
494 844 678 915 coniunctas
699 843 733 908 iu
754 861 858 923 marn,
879 840 1013 908 multeto
1034 848 1144 908 nostro
1166 842 1312 911 lantboui
1334 862 1391 928 pro
1419 841 1581 910 duodecim
1611 843 1725 910 marcis
1751 847 1875 930 argenti

333 950 453 1024 usualis
473 948 671 1019 vendidimus
692 946 761 1014 iure
782 944 984 1014 Noroioreusi
1002 943 1161 1026 locandas,
1183 945 1409 1014 constituentes
1430 945 1532 1030 ipsum
1551 950 1586 1012 et
1604 944 1704 1030 ipsius
1717 964 1876 1018 suceesso-

334 1073 386 1127 rea
403 1053 489 1123 dicte
509 1051 656 1121 eureos
676 1049 832 1134 legitimos
852 1047 990 1115 heredes
1033 1047 1169 1115 Ratione
1190 1067 1246 1115 sue
1266 1049 1431 1117 locationis
1452 1047 1641 1118 contulimus
1666 1048 1728 1116 sibi
1751 1056 1875 1119 sextum

331 1175 476 1230 manem
496 1155 632 1223 liberum
652 1158 687 1220 et
707 1151 839 1219 mudum
858 1150 1020 1218 decanum
1040 1150 1080 1218 de
1098 1168 1134 1217 re
1148 1150 1289 1235 qualibet
1303 1152 1447 1220 iudicata
1475 1152 1604 1219 Mausos
1618 1152 1762 1236 proprios
1775 1172 1876 1238 quau·

331 1270 384 1333 tos
404 1259 507 1328 colere
528 1262 645 1345 potest
667 1255 751 1324 eolat
771 1259 805 1322 et
825 1253 858 1321 iu
876 1255 1033 1340 propriam
1054 1253 1279 1338 agriculturam
1300 1261 1476 1323 convertat:
1498 1255 1640 1323 residma
1660 1273 1735 1323 nero
1748 1275 1876 1325 mansos

332 1365 449 1438 liberos
469 1381 550 1449 quos
569 1360 674 1448 colere
689 1359 835 1441 uoluerit,
857 1376 914 1442 pro
935 1376 993 1425 suo
1016 1358 1106 1426 libito
1127 1357 1301 1424 voluntatis
1321 1357 1393 1424 aliis
1414 1358 1559 1443 agricolis
1581 1357 1708 1441 locabit,
1738 1359 1793 1444 qai
1815 1361 1876 1428 sibi

331 1475 367 1540 et
386 1464 619 1537 mecastorlbus
647 1464 716 1532 eius
738 1463 909 1531 solutiones
935 1469 968 1530 et
992 1462 1132 1545 servitia,
1159 1467 1255 1546 prout
1280 1481 1351 1531 cum
1379 1462 1496 1530 eisdem
1526 1463 1728 1546 ordinaverit,
1750 1463 1877 1534 exhibe

331 1573 421 1642 bunt
463 1568 593 1655 Septem
614 1585 689 1635 sero
710 1584 836 1634 mausus
857 1565 971 1634 liberos
990 1565 1094 1634 dietus
1115 1565 1270 1634 scultetus
1287 1569 1322 1632 et
1342 1565 1391 1633 sui
1410 1568 1528 1652 posteri
1549 1567 1583 1633 in
1605 1567 1756 1653 predictis
1785 1568 1875 1636 bouis

333 1676 403 1744 iure
422 1670 615 1742 hereditario
633 1667 847 1754 possidebunt
876 1668 1023 1736 Preterea
1043 1668 1155 1736 damus
1173 1667 1233 1735 sibi
1249 1667 1413 1736 tabernam
1434 1669 1575 1753 liberam,
1595 1671 1762 1739 macellum
1776 1671 1877 1758 pisto·

333 1778 379 1848 ris
397 1781 434 1846 st
452 1775 541 1846 allud
562 1771 728 1854 carnificis,
750 1775 918 1856 utrumque
931 1772 1074 1854 liberum,
1096 1774 1292 1857 pensatlcum
1306 1773 1391 1856 salis,
1414 1773 1536 1844 labrum
1551 1781 1585 1843 st
1598 1780 1752 1844 sutorem:
1772 1777 1878 1844 omnia

295 1867 298 1872 ’
333 1880 443 1950 libem
488 1877 626 1946 Licinum
646 1876 744 1944 etiam
762 1875 807 1944 sit
824 1875 909 1944 dicto
930 1875 1064 1943 sculteto
1087 1879 1121 1942 et
1136 1874 1366 1942 mocessoribus
1387 1878 1454 1946 eins
1482 1898 1604 1964 pannos
1629 1881 1732 1948 omnis
1753 1880 1877 1965 generis

335 2001 448 2067 amere,
467 1988 503 2051 et
519 1981 606 2067 ipsos
626 1980 661 2047 in
681 1979 775 2047 domo
796 1977 923 2063 propria
943 1982 977 2044 et
996 1977 1030 2043 in
1051 1976 1180 2044 ennato
1199 1981 1311 2044 nostra
1330 1978 1481 2050 Pobedisc
1500 1981 1635 2050 rendere
1653 1982 1804 2066 integros,
1826 1983 1877 2050 nel

336 2085 474 2155 ucidsm
491 2083 636 2152 nimrim
680 2080 828 2148 Libenm
847 2081 891 2147 sit
909 2079 993 2147 dicte
1014 2077 1149 2146 sculteto
1170 2084 1205 2145 et
1221 2079 1288 2147 suis
1309 2085 1442 2166 posteris
1468 2085 1569 2169 pisces
1597 2085 1630 2151 in
1658 2085 1791 2153 lacubus
1821 2104 1878 2153 no-

336 2188 424 2272 stris,
442 2187 478 2256 iu
494 2185 618 2255 Prosiss
632 2190 666 2253 et
679 2183 838 2270 syriano,
860 2183 973 2267 piscari
994 2202 1065 2250 auru
1080 2188 1147 2250 rete
1168 2185 1301 2268 esdvali,
1322 2186 1405 2271 quod
1419 2187 1599 2272 pnynlolca
1615 2187 1733 2255 dicitur
1753 2187 1787 2254 iu
1808 2186 1879 2254 vul·

335 2291 415 2379 gari,
435 2296 471 2359 et
491 2308 563 2358 cum
583 2288 656 2356 aliis
676 2286 895 2354 instrumentis
915 2285 1124 2369 interioribus,
1146 2286 1356 2373 slampnycza,
1376 2290 1529 2374 wynseba,
1551 2310 1608 2359 seu
1629 2290 1879 2376 quibuscumque
1965 2355 1967 2360 .

336 2391 514 2464 nominibm
531 2391 722 2471 renitentem
733 2395 779 2457 -et
799 2390 1065 2475 quotienscunque
1086 2409 1231 2475 maguam
1245 2410 1391 2476 mgeuam
1404 2412 1463 2462 uos
1476 2395 1604 2463 uehere
1617 2396 1796 2480 eontigerit,
1813 2396 1879 2484 (ἥρ.Ι
2021 2433 2023 2437 ,

339 2503 391 2566 tus
411 2496 566 2566 scultetus
584 2513 656 2563 cum
677 2494 743 2561 suis
764 2493 899 2578 posteris
919 2493 1047 2560 tertium
1066 2493 1184 2577 piscem
1203 2494 1367 2563 obtinebit
1396 2496 1514 2564 Villani
1534 2517 1609 2566 reru
1630 2498 1715 2567 dicte
1727 2498 1879 2584 rilleGy·

337 2618 444 2686 irruo,
555 2597 627 2679 reti,
649 2596 751 2664 cloma
771 2602 805 2664 et
825 2595 918 2664 bamo
939 2596 1153 2680 piscabuntur.
1196 2597 1324 2667 Flunioe
1344 2617 1417 2666 nero
1438 2601 1603 2685 utriusque
1623 2601 1722 2689 lacus,
1748 2607 1880 2670 anieno·

340 2702 453 2772 mlnati
475 2718 539 2768 uua
559 2719 631 2768 eum
651 2698 757 2767 uscaie
777 2699 850 2784 (sic)
864 2698 1015 2766 scultetus
1035 2704 1069 2766 et
1089 2700 1140 2767 sui
1161 2701 1280 2785 posteri
1300 2719 1371 2769 curu
1391 2702 1536 2770 omuibus
1557 2702 1750 2771 utilitatibus
1771 2704 1880 2789 quein

344 2805 439 2876 dictis
459 2803 563 2872 savis
583 2803 652 2872 lieri
672 2808 806 2890 poteruu
821 2801 1028 2869 tebtiuebuut
1056 2802 1271 2870 bloleudiunm
1284 2822 1357 2872 vero
1375 2805 1408 2872 in
1422 2806 1473 2872 ria
1487 2823 1596 2873 versus
1616 2806 1779 2888 Pobedisc,
1796 2807 1882 2891 quod

339 2910 403 2978 iam
424 2906 544 2977 iactum
564 2914 616 2975 ast
635 2913 670 2974 et
689 2905 872 2992 perlectum,
894 2905 1012 2974 babeat
1029 2905 1178 2988 liberum3
1207 2913 1241 2975 et
1260 2908 1363 2976 locum
1381 2928 1439 2993 pro
1465 2910 1643 2978 molendino
1669 2916 1779 2994 aptum
1808 2927 1880 2978 curu

339 3012 411 3081 allis
429 3010 507 3080 locis
529 3029 587 3097 pro
604 3010 791 3078 molendinis
811 3010 895 3095 aptis
916 3009 1058 3078 obtineat
1078 3009 1112 3078 in
1132 3008 1227 3100 liunio
1248 3010 1304 3095 qui
1323 3010 1456 3079 Glowua
1476 3011 1592 3080 dicitur
1612 3012 1645 3080 in
1664 3012 1804 3098 *vulgeri
1832 3031 1881 3081 so·

338 3113 475 3183 cundum
495 3111 610 3182 ductus
631 3112 828 3198 contingunt,
849 3130 906 3196 pro
926 3131 985 3179 sua
1003 3113 1168 3180 voluntate
1188 3111 1360 3181 edificando
1381 3112 1479 3195 locet3
1498 3133 1557 3182 uec
1577 3115 1691 3200 aliquis
1706 3115 1789 3183 alius
1809 3100 1882 3201 pre·
1927 3129 1930 3138 ·

339 3223 445 3286 sumat
465 3217 500 3300 iu
520 3214 606 3284 dicto
625 3213 721 3284 fluuio
740 3214 868 3300 adquod
885 3215 1096 3284 molendinum
1117 3221 1298 3284 construere
1318 3215 1386 3284 siue
1406 3215 1597 3284 metontate‘
1616 3223 1650 3285 et
1674 3218 1882 3303 permissione

338 3320 417 3389 dieti
437 3317 567 3388 sculteti
587 3317 726 3403 speciali
771 3318 918 3386 Libemm
939 3319 983 3386 sit
1002 3318 1098 3387 etiam
1120 3317 1205 3387 dicto
1223 3318 1358 3387 sculteto
1380 3337 1451 3387 auur
1471 3319 1538 3386 suis
1556 3320 1691 3405 posteris
1712 3319 1798 3388 inter
1817 3324 1882 3388 ter·

338 3423 442 3492 minos
462 3420 547 3490 dicte
567 3420 643 3488 ville
663 3419 828 3505 capriolos,
850 3420 980 3505 lepores
1002 3425 1036 3488 et
1056 3439 1150 3488 omne
1169 3439 1268 3505 genus
1286 3420 1459 3488 rabodum
1475 3421 1592 3489 venari
1622 3419 1755 3506 Insuper
1769 3441 1879 3492 omues
1902 3468 1907 3478 ·

339 3542 452 3595 muns
471 3541 601 3609 magnas
622 3529 657 3591 et
676 3541 800 3608 parvas,
821 3528 860 3591 nt
879 3523 1087 3591 desolationes
1107 3529 1142 3591 et
1162 3522 1389 3608 suspensiones,
1418 3523 1627 3591 membromm
1651 3526 1881 3606 mutilaeioues

339 3628 475 3696 dursute
492 3625 650 3708 libertate,
673 3626 741 3693 siue
761 3630 871 3694 uostm
888 3644 1044 3694 assessore
1071 3625 1128 3710 qui
1151 3625 1215 3694 alio
1239 3625 1365 3693 nomine
1386 3625 1582 3710 lauthnoyd
1612 3626 1739 3710 dicitur,
1766 3627 1884 3696 habeat

339 3729 489 3813 iudicare,
509 3727 633 3796 metus
653 3729 761 3796 iudicii
782 3734 878 3813 prout
897 3729 999 3813 ipsum
1020 3729 1207 3813 contingunt
1231 3728 1439 3813 percipiendo.
1482 3727 1537 3794 Ius
1562 3728 1590 3796 si
1619 3729 1750 3797 dubium
1774 3729 1882 3813 inerit,

339 3832 374 3901 iu
394 3831 524 3901 civitate
544 3835 656 3898 nostm
683 3830 835 3899 Pobedisc
861 3832 1048 3916 requiratur.
1094 3831 1253 3899 Scultetus
1273 3849 1348 3898 nero
1368 3830 1529 3897 etvillaui
1550 3830 1698 3901 dedicta
1717 3833 1794 3900 villa
1815 3834 1882 3918 Gy·

340 3931 568 4021 armotiam
588 3932 617 3999 ai
638 3932 672 3998 iu
693 3931 822 4000 civitate
839 3932 990 4001 Pobedisc
1010 3932 1211 4017 deliquerint,
1232 3952 1289 4018 per
1309 3951 1383 4000 suos
1402 3933 1540 4000 seniores
1561 3934 1594 4000 iu
1614 3934 1691 4002 villa
1711 3935 1820 4004 eadem
1834 3938 1883 4004 iu·

341 4036 496 4106 dommi.
539 4034 625 4102 Dum
645 4052 719 4101 vero
738 4033 869 4102 libertas
891 4035 997 4103 evulsa
1017 4035 1123 4119 luerit,
1145 4054 1286 4103 assessor
1306 4040 1413 4102 noster
1432 4034 1465 4102 iu
1487 4034 1588 4102 tribus
1607 4035 1772 4120 oodoquiis
1786 4043 1836 4106 ter
1848 4039 1884 4106 iu

342 4157 426 4208 anuo
447 4138 601 4207 interesse
618 4134 755 4203 debebit
799 4135 942 4205 Duraute
963 4136 1141 4204 huiusmodi
1162 4136 1327 4221 colloquio,
1347 4136 1499 4204 scultetus
1519 4136 1603 4218 uilla
1625 4136 1806 4222 mequbito
1827 4159 1884 4208 uo·

341 4247 409 4310 stro
428 4257 597 4322 msere,
619 4238 755 4323 gratiam
776 4257 871 4322 quam
892 4238 1025 4306 voluerit
1045 4238 1140 4306 belet
1160 4258 1231 4306 cum
1252 4239 1440 4323 deliquente.
1470 4239 1642 4307 Ecclesiam
1662 4241 1759 4307 etiam
1779 4241 1884 4309 dictam

341 4341 497 4412 musam
517 4346 681 4410 eoustmet
701 4340 776 4407 dnm
797 4340 858 4407 sibi
875 4340 1030 4407 videbitur
1047 4340 1203 4424 expedire,
1225 4341 1275 4407 cui
1296 4340 1493 4425 adiungimus
1514 4341 1593 4408 duos
1614 4341 1731 4409 liberos
1747 4360 1883 4426 mansos,

342 4463 423 4532 quos
442 4463 536 4513 nemo
557 4445 717 4530 porrigere
737 4443 853 4512 babeat
872 4444 932 4510 uisi
952 4444 1054 4512 dictus
1076 4443 1229 4511 muretus
1250 4462 1321 4511 cum
1341 4461 1399 4540 sun
1419 4445 1615 4526 posteritate.
1653 4444 1884 4513 blelliliciorum

343 4554 488 4635 pretereo
508 4547 637 4615 tertiam
657 4553 780 4631 partem
802 4546 916 4614 babeat
936 4545 1088 4614 scultetus
1109 4552 1144 4612 et
1163 4545 1213 4612 sui
1234 4545 1352 4629 posteri
1373 4544 1407 4611 in
1427 4544 1602 4614 hereditate
1623 4547 1775 4633 predicta
1820 4546 1884 4616 Gn·

343 4652 516 4736 iuacuuqus
536 4649 724 4718 conditionis
751 4648 845 4716 bomo
867 4655 901 4716 et
929 4649 1139 4733 cuiuscunque
1159 4647 1231 4733 (sic)
1256 4647 1289 4712 iu
1308 4645 1399 4714 bouis
1424 4648 1499 4716 ville
1524 4651 1681 4735 sepediete
1704 4652 1884 4731 excesserit

343 4753 459 4822 ibidem
479 4750 670 4820 iudicabitur
689 4756 724 4818 et
743 4752 904 4835 punietur3
926 4749 1155 4819 nonobstante
1176 4767 1214 4816 eo
1235 4749 1319 4834 quod
1340 4749 1500 4833 sepedicta
1517 4753 1594 4821 silla
1615 4750 1764 4838 Gya-cyno
1786 4770 1885 4837 prope

344 4857 505 4925 cidlateru
525 4853 677 4922 Pobedisc
699 4859 750 4921 est
765 4855 838 4936 sita,
860 4873 931 4921 aum
951 4859 1058 4921 nosue
1079 4852 1126 4920 ita
1147 4851 1369 4937 complacuerit
1386 4853 1557 4938 voluntati,
1579 4860 1614 4923 et
1633 4855 1693 4922 bec
1710 4855 1816 4922 omnia
1836 4873 1886 4923 se·

344 4959 471 5044 pedicte
490 4975 531 5026 ex
551 4955 757 5041 permissione
778 4956 878 5023 fidelis
900 4956 998 5023 uostri
1019 4954 1147 5023 multeti
1166 4955 1442 5041 uuinersommque
1463 4959 1577 5025 aidum
1592 4958 1627 5024 iu
1644 4956 1797 5025 Pobedisc
1810 4964 1887 5025 sunt

345 5060 489 5131 diffinita
522 5058 692 5139 ‘Preterea
714 5057 743 5124 si
764 5059 917 5125 scultetus
937 5065 970 5126 et
991 5057 1040 5125 sui
1062 5056 1180 5142 posteri
1208 5055 1242 5123 iu
1266 5056 1371 5141 aliquo
1395 5059 1592 5145 deliquerint,
1621 5059 1709 5128 cuda
1729 5058 1886 5129 iudicialis

346 5164 391 5231 eis
408 5163 442 5231 iu
463 5161 554 5230 bonis
575 5160 661 5226 dicte
678 5160 824 5226 scultetie
839 5161 1022 5242 assignetur.
1065 5158 1130 5227 Ubi
1150 5176 1224 5225 vero
1244 5158 1278 5225 iu
1297 5161 1455 5244 sepedicta
1471 5162 1549 5229 ailla
1565 5162 1636 5244 agri
1657 5159 1727 5229 fieri
1747 5181 1810 5229 nou
1830 5182 1886 5248 po-

348 5269 465 5350 terunt,
486 5263 641 5333 scultetus
662 5268 697 5332 et
717 5261 826 5331 villani
847 5283 904 5349 pro
925 5263 1048 5349 pascuis
1069 5269 1103 5332 et
1124 5262 1228 5348 liguis,
1253 5263 1355 5348 protis
1380 5270 1413 5332 et
1437 5263 1508 5332 aliis
1535 5262 1730 5332 utilitatibus
1757 5283 1820 5350 que
1841 5265 1886 5336 ibi
