4860 6180
1837 274 1912 349 439

478 479 522 544 Dc
542 481 727 544 mamaeae
748 480 890 545 tamnen
904 483 1177 543 camerinae-orant
1207 478 1310 558 Quum
1332 477 1503 543 mulorum
1518 478 1691 546 assertione
1705 476 1915 561 didicerimus,

375 587 493 670 poetcnr
514 581 683 665 quamdam
704 582 738 649 in
759 601 855 663 rengno
871 580 1011 664 Unguric
1032 588 1065 648 ot
1086 581 1157 647 rtiiis
1179 583 1272 648 terris
1294 587 1401 647 nostre
1422 581 1587 660 legationis
1614 591 1723 652 muna
1745 586 1862 653 clerum
1884 593 1918 653 et
1959 575 1961 578 ’

375 687 615 756 ecclesiasticam
638 685 815 753 libertatem
835 684 1004 753 invaluisse
1026 686 1088 752 ium
1110 685 1238 766 «lucium,
1269 686 1413 752 videlicet
1433 685 1517 768 quod
1537 685 1609 754 laici
1631 689 1787 771 ccclesias,
1810 709 1917 757 nrona-

375 790 472 860 steria
489 808 658 874 eurumque
680 790 890 873 possessiones
912 794 945 855 et
966 789 1045 870 iura,
1066 789 1145 854 iuris
1167 793 1355 873 potronatus
1376 808 1432 854 scu
1452 789 1515 855 alio
1544 809 1740 875 quocumque
1760 799 1917 875 praetextu,

374 913 435 962 non
457 893 575 978 absque
595 892 765 961 damnabili
787 900 821 960 et
841 892 1008 960 manifesta
1029 891 1182 975 sacrilegii
1202 898 1279 958 nota
1300 893 1389 974 quasi
1405 892 1619 961 indifferenter
1632 903 1825 979 occuparunt
1844 895 1918 963 hac·

376 1005 473 1067 tenus
495 1005 531 1065 et
551 997 691 1082 quotidie
711 1005 866 1081 occupant
884 1003 918 1064 ot
934 996 1156 1063 damnabiliter
1180 995 1324 1063 detinent
1353 1003 1518 1079 occrrpata:
1552 1017 1684 1082 quarum
1713 999 1819 1082 alique
1844 1005 1920 1065 sunt

375 1102 526 1185 deputate
547 1099 736 1168 habitationi
758 1107 790 1167 et
811 1100 920 1168 usibus
941 1100 1091 1167 laicorum
1112 1100 1172 1166 alic
1193 1118 1267 1166 vero
1289 1099 1398 1165 usibus
1420 1101 1630 1168 iumentorum
1646 1108 1679 1169 et
1698 1102 1832 1168 alionum
1851 1103 1919 1169 uni·

374 1204 513 1286 mulium,
534 1204 688 1272 altaribus
706 1211 739 1271 et
760 1204 841 1286 abb,
860 1203 900 1271 ad
920 1204 1039 1271 cultum
1059 1203 1198 1268 divinum
1224 1201 1267 1267 ibi
1291 1203 1421 1269 statutis
1446 1204 1499 1288 pia
1527 1205 1691 1272 devotione
1718 1204 1858 1272 fidelium
1886 1210 1920 1272 et

374 1308 564 1376 auctoritate
581 1307 778 1389 Pontificum,
797 1308 966 1375 destructis
988 1314 1021 1373 et
1042 1305 1183 1372 totaliter
1204 1305 1400 1372 deformatis:
1430 1326 1488 1374 nos
1518 1315 1628 1375 contra
1657 1308 1835 1375 huiusmodi
1865 1327 1920 1393 pe-

375 1416 464 1489 stem,
486 1429 580 1495 quam
601 1410 671 1495 pati
691 1409 890 1478 nullomodo
909 1428 1074 1493 possumus
1092 1427 1149 1476 ncc
1169 1408 1328 1491 debemus,
1358 1410 1484 1477 omniuo
1511 1411 1709 1479 intendentes
1737 1412 1777 1477 de
1801 1410 1920 1478 salubri

375 1513 706 1599 remedio-providere,
729 1532 836 1582 omnes
864 1518 898 1580 et
926 1513 1065 1597 singulos
1094 1512 1295 1579 ecclesiarum
1325 1519 1359 1579 et
1385 1516 1647 1582 monasteriorum
1675 1534 1713 1582 ac
1741 1515 1920 1582 huiusmodi
2055 1577 2057 1581 ,

375 1618 526 1686 bonomm
546 1616 727 1684 detentores
748 1636 786 1684 er
807 1622 899 1700 parte
920 1616 980 1684 Dei
1001 1615 1224 1699 omnipotentis
1251 1622 1285 1682 et
1305 1615 1365 1683 sub
1386 1616 1596 1685 obtestatione
1618 1618 1716 1684 divini
1736 1618 1843 1685 iudicii
1865 1618 1921 1684 ad·

375 1739 545 1802 monemus,
567 1727 724 1805 quatenus
743 1721 900 1802 eccimias,
928 1720 1118 1788 monasteria
1140 1738 1309 1802 eammque
1339 1720 1548 1803 possesmones
1574 1725 1608 1788 et
1628 1722 1708 1803 ima,
1727 1740 1790 1806 que
1811 1721 1921 1789 taliter

375 1830 568 1910 occuparunt
588 1842 644 1891 seu
664 1825 807 1918 detinent
829 1831 982 1908 occupata
1007 1825 1041 1890 in
1061 1842 1157 1908 regno
1187 1829 1221 1889 et
1252 1823 1347 1889 terris
1375 1822 1534 1906 predictis,
1562 1823 1736 1890 dimesauis
1765 1825 1920 1909 episcopis

375 1928 424 1996 vel
445 1927 518 1996 adis
538 1927 714 2009 ordinariis,
738 1936 794 1996 aut
815 1928 886 1995 aliis
907 1924 1126 1995 ecclesiasticis
1147 1927 1289 2010 personis
1306 1927 1348 1993 ad
1369 1944 1449 2009 quas
1469 1925 1612 2009 predicta
1630 1934 1773 2011 spectare
1786 1946 1921 1996 nomun-

376 2038 437 2114 tur,
459 2031 543 2100 infra
563 2050 617 2098 sex
637 2049 760 2099 menses
778 2049 798 2098 a
818 2030 870 2099 die
891 2030 1111 2116 publicationis
1140 2030 1295 2113 presentis
1323 2030 1557 2096 constitutionis
1585 2031 1823 2115 computandos,
1849 2051 1921 2099 cum

375 2132 528 2202 bnctibus
548 2133 660 2201 exinde
678 2135 834 2218 perceptis
855 2133 985 2200 reddere
1013 2139 1046 2199 et
1074 2133 1243 2199 restituere
1270 2150 1334 2198 non
1363 2138 1565 2216 postponant
1610 2135 1758 2218 Alioquin
1782 2133 1922 2220 prefatas

375 2238 565 2319 detentores,
587 2255 666 2321 quos
684 2237 1013 2305 excommunicationis
1042 2237 1199 2303 septenne
1216 2235 1412 2304 decernimus
1432 2234 1603 2319 subiacere,
1626 2238 1668 2305 ad
1686 2239 1922 2323 mqubinanem

375 2341 500 2410 iilomm
527 2340 765 2422 ordinariorum,
794 2341 828 2408 in
857 2358 989 2426 quarum
1017 2339 1134 2406 dionei
1161 2339 1211 2406 rel
1232 2339 1458 2421 iurisdictione,
1488 2344 1545 2406 ant
1574 2340 1712 2409 eeclesiis
1740 2343 1790 2411 rel
1812 2361 1922 2410 earum

375 2445 465 2512 barris
483 2449 517 2512 et
537 2443 658 2511 iuribus
679 2443 822 2529 predicta
843 2449 917 2510 sunt
935 2443 1100 2510 commissa
1120 2441 1170 2509 vel
1192 2441 1232 2508 de
1247 2448 1351 2509 cetera
1370 2443 1617 2524 committantur,
1633 2443 1674 2512 ab
1689 2446 1832 2514 omnibus
1851 2465 1923 2531 pre·

375 2547 449 2615 latis
470 2548 559 2633 regni
580 2547 721 2633 Ungarie
742 2553 894 2631 quantum
916 2545 957 2614 ad
979 2544 1134 2630 Ungarcs,
1156 2552 1190 2612 et
1208 2544 1248 2611 ab
1269 2545 1333 2612 illis
1347 2546 1387 2612 de
1400 2544 1531 2612 Palania
1545 2554 1700 2629 quantum
1721 2549 1762 2615 ad
1775 2549 1922 2631 Polonos,

376 2669 474 2736 nsque
495 2651 536 2718 ad
557 2651 788 2719 restitutionem
809 2656 843 2718 et
861 2648 1108 2717 satisfactionem
1131 2647 1326 2732 medignam,
1356 2650 1641 2717 excommunicatos
1669 2651 1793 2734 publice
1822 2652 1921 2735 preci·

376 2756 478 2840 pimus
499 2756 642 2823 nunciati
663 2755 796 2840 pulsatis
819 2754 977 2839 campanis
1000 2758 1034 2820 et
1054 2753 1191 2820 candelis
1217 2752 1366 2832 accensis,
1395 2751 1504 2819 diebus
1532 2752 1695 2820 dominicis
1724 2759 1758 2821 et
1785 2753 1922 2835 faedam

376 2864 487 2927 cantra
507 2877 595 2944 quas,
618 2859 646 2926 si
667 2878 747 2943 opus
768 2856 873 2939 fuerit,
895 2858 1058 2924 invocetur
1077 2855 1229 2922 auxilium
1250 2853 1370 2921 brachii
1391 2855 1551 2922 secubms.

479 2965 632 3029 meane
653 2969 686 3027 ia
707 2981 796 3028 arcer
817 2966 992 3027 comaauma'
1012 2965 1126 3024 veritae.
1159 2957 1239 3024 Cum
1261 2957 1390 3025 ecclesie
1411 2964 1445 3025 et
1459 2959 1651 3025 monasteria
1666 2958 1837 3026 secundum
1856 2964 1922 3026 tra·

376 3064 518 3133 ditiones·
532 3065 736 3149 evangelicas,
759 3063 948 3148 apostolicas
970 3069 1066 3148 atque
1085 3061 1250 3129 canonicas
1271 3061 1338 3126 sint
1359 3066 1392 3126 et
1413 3078 1482 3128 esse
1503 3061 1639 3129 debeant
1667 3062 1777 3129 damus
1806 3063 1924 3130 oratio·
2002 3066 2005 3072 '

377 3188 462 3251 num,
494 3187 557 3237 non
589 3169 736 3254 spelunca
765 3167 923 3234 latronum
953 3167 1003 3233 vel
1030 3166 1224 3232 munimenta
1251 3163 1436 3248 predonum,
1469 3164 1613 3232 dolenter
1638 3164 1812 3247 referimus,
1838 3167 1924 3250 quad

377 3271 504 3356 quidam
526 3276 560 3338 et
578 3290 642 3339 non
662 3271 755 3356 pauci
776 3271 810 3337 in
831 3288 927 3354 regna
948 3269 1088 3352 Ungarie
1109 3273 1142 3334 et
1164 3267 1257 3334 terris
1278 3273 1387 3334 nostre
1402 3267 1552 3351 legationi
1566 3268 1725 3350 subiectis,
1740 3267 1843 3336 multa
1856 3289 1924 3337 mo·

377 3373 516 3442 nasteria
533 3373 711 3458 multasque
733 3372 960 3441 ecclesiasticas
983 3371 1193 3455 passessiones
1222 3376 1256 3437 et
1283 3371 1355 3437 iura
1376 3369 1416 3436 ad
1438 3370 1523 3454 ipsas
1544 3372 1722 3454 spectantia
1742 3389 1922 3456 occupasse,
2043 3444 2058 3456 ‚‚
2080 3445 2095 3456 ,p
2140 3449 2142 3455 ,

377 3476 525 3560 pleraque
545 3494 585 3544 es
605 3476 651 3543 eis
672 3475 888 3543 incastellasse
908 3476 1069 3542 dicuntur:
1100 3479 1133 3539 ct
1161 3492 1257 3556 quum
1290 3474 1323 3540 in
1353 3473 1429 3558 ipsis
1448 3473 1587 3541 ecclesiia
1606 3478 1640 3541 et
1659 3475 1860 3542 monasteriis
1881 3476 1923 3543 ad

377 3577 501 3646 nmo-
522 3577 582 3645 Dei
600 3579 750 3646 continua
771 3577 945 3645 debeantur
966 3576 1175 3645 ecclesiastica
1196 3574 1300 3642 officia
1325 3574 1486 3658 celebrari,
1515 3582 1551 3643 et
1578 3597 1636 3662 pra
1663 3575 1828 3646 anmrabus
1857 3583 1924 3646 tam

376 3679 594 3748 defunctorum
614 3698 708 3764 quam
730 3680 872 3747 vivomm
891 3679 1003 3746 devote
1024 3695 1131 3763 preces
1152 3685 1186 3744 et
1208 3678 1366 3746 orationes
1386 3677 1510 3761 deferri,
1537 3680 1572 3745 in
1600 3680 1678 3765 ipsis
1708 3681 1851 3764 tyranni,
1873 3700 1924 3748 ra·

377 3787 483 3867 ptores
503 3781 650 3850 habitant
670 3789 704 3849 et
725 3781 887 3866 predones,
918 3780 1026 3864 rapine
1056 3780 1218 3864 spoliaque
1239 3780 1452 3848 reconduntur
1469 3789 1503 3849 et
1520 3783 1627 3866 prede,
1657 3789 1691 3850 et
1719 3783 1804 3867 quod
1831 3784 1923 3852 ualde

377 3885 566 3954 horrendum
587 3891 647 3968 est,
669 3886 739 3953 laea
759 3885 830 3969 ipsa
851 3883 918 3951 Deo
939 3882 1084 3950 dedicata
1105 3888 1138 3949 et
1158 3882 1364 3964 sanctificata,
1394 3882 1576 3968 frequenter
1608 3886 1746 3953 humano
1772 3888 1925 3971 sanguine

378 3994 410 4055 et
431 3989 550 4056 semine
568 3988 761 4072 polluuntur.
806 3987 908 4067 Quum
926 3993 1033 4053 autem
1056 4005 1094 4052 ea
1116 4004 1177 4070 que
1199 3992 1274 4052 sunt
1296 3986 1373 4053 iuris
1395 3987 1492 4054 divini
1507 3989 1596 4057 nullo
1613 3990 1706 4057 moda
1727 3990 1862 4058 debeant
1883 3991 1925 4058 ad

378 4090 530 4159 humanae
551 4109 626 4159 usus
648 4092 797 4173 converti,
819 4091 1041 4158 mammetem
1063 4089 1264 4157 detestabiles
1286 4096 1320 4156 ct
1340 4090 1503 4174 profanos:
1536 4093 1704 4159 nosnullo
1722 4093 1846 4161 ratione
1866 4112 1921 4160 aa·
2027 4107 2031 4116 ·

378 4193 478 4262 lentes
500 4200 621 4262 unum
641 4195 840 4278 iniquitatem
862 4199 896 4260 et
913 4193 1153 4276 perversitatem
1172 4192 1409 4259 conniventibus
1431 4195 1529 4261 oculis
1551 4196 1754 4279 perimusire,
1770 4214 1877 4263 omnes
1891 4201 1925 4263 et

378 4297 517 4382 singulos
537 4297 759 4381 cuiuscumque
780 4297 955 4377 existentie,
979 4294 1162 4376 nobilitate,
1185 4301 1289 4361 status
1310 4303 1367 4361 aut
1388 4297 1586 4379 conditionis,
1608 4299 1662 4382 qui
1678 4299 1835 4380 ecclesias,
1858 4318 1925 4366 mo·

379 4401 527 4482 nastaria,
551 4407 608 4469 aut
628 4400 710 4468 bona
731 4401 780 4466 vel
802 4400 873 4466 iura
894 4400 1032 4482 ipsomnr
1054 4418 1217 4482 occupare,
1239 4399 1439 4466 incastellare
1453 4400 1502 4467 vel
1518 4401 1670 4468 violenter
1692 4401 1840 4469 invadere
1854 4422 1925 4486 pre·

378 4509 587 4589 sumpscmnt,
609 4511 667 4571 aut
687 4503 797 4569 invasa
817 4522 872 4569 scu
892 4509 1044 4587 occupata
1064 4503 1217 4583 detinent,
1240 4511 1296 4569 aut
1317 4504 1357 4569 de
1379 4509 1482 4570 cetero
1513 4505 1659 4573 invadere
1680 4525 1735 4572 scu
1757 4507 1854 4572 ctiam
1875 4507 1924 4573 in·

379 4608 542 4675 castellare
568 4612 603 4673 ct
629 4624 782 4689 occupare
811 4607 938 4688 propria
967 4607 1145 4672 teneritate
1173 4608 1437 4689 presumpserint:
1467 4608 1528 4673 nisi
1557 4609 1640 4676 infra
1669 4611 1839 4676 tcrruinum
1868 4629 1924 4675 scu

380 4711 539 4791 terminos,
571 4709 716 4776 omnibus
745 4709 950 4774 communiter·
978 4714 1010 4774 et
1039 4708 1170 4792 singulis
1202 4709 1405 4792 singulariter
1431 4710 1471 4776 ub
1501 4711 1562 4775 illis
1584 4713 1713 4797 prelatis
1736 4714 1924 4795 inquorum

381 4812 497 4880 diocesi
518 4817 552 4879 et
573 4812 785 4879 iurisdictione
808 4812 946 4893 ecclesie,
962 4814 1164 4892 rrrormsterr'a,
1180 4813 1263 4879 bona
1286 4820 1319 4880 et
1341 4815 1411 4880 iura
1431 4814 1608 4880 consistunt
1629 4815 1760 4900 prefata,
1783 4834 1926 4900 peremp-

381 4917 458 4981 torie
480 4915 673 4995 statuendos,
692 4915 892 4995 monasteria,
914 4916 1071 4997 ccclesias,
1094 4917 1304 5000 remissiones
1319 4925 1353 4984 ct
1367 4919 1445 4998 iura,
1467 4916 1529 4982 illis
1548 4919 1690 5001 personis
1704 4918 1925 4985 ecclesiasticis

380 5018 420 5084 ad
440 5036 519 5102 quos
538 5019 697 5103 pertinent
719 5018 908 5101 surpiculictu,
932 5019 1028 5084 libero
1050 5026 1083 5084 et
1103 5019 1222 5103 :absque
1242 5021 1429 5085 difficultate
1451 5019 1643 5087 reddiderint
1662 5028 1695 5087 et
1717 5021 1925 5101 restituerint,

380 5127 412 5187 et
432 5113 472 5188 do
492 5120 655 5203 fmctibus,
678 5120 881 5205 pratentibus
902 5130 998 5206 ratque
1020 5121 1142 5189 ‹lanruis
1172 5122 1213 5187 ad
1242 5123 1424 5189 rrrarrrbrtum
1447 5123 1639 5206 prelatorum
1668 5125 1806 5208 ipsorum
1832 5125 1926 5190 satis·

382 5220 511 5292 facerint
532 5232 754 5310 conrprcteutcr,
776 5225 979 5309 caveriutque
1000 5224 1059 5293 sub
1078 5225 1172 5294 certis
1193 5227 1293 5311 procris,
1322 5226 1405 5312 qrrod
1435 5227 1567 5293 ulterius
1594 5227 1626 5294 in
1649 5227 1764 5295 tnlibds
1786 5243 1849 5296 uon
1871 5247 1924 5298 ca·
