4860 6180
370 289 445 366 436

369 510 481 562 causas
494 491 528 559 iu
546 492 685 561 eceloeiis
700 495 748 561 vel
766 494 941 563 cemeteriis
955 495 1077 578 agitare
1095 499 1265 578 presumat.
1285 493 1409 561 vNullius
1423 492 1519 560 etinnr
1539 491 1579 560 de
1604 510 1685 560 novo
1712 490 1859 560 oditicare
1880 489 1913 558 in

371 596 538 666 eamctcrio
556 597 774 680 pemrittatur3
789 619 847 666 nec
861 600 952 666 liuius
966 599 1015 665 vel
1027 597 1223 665 immunditie
1237 599 1298 664 alio
1314 601 1345 664 in
1360 598 1534 666 cemeteriis
1548 596 1735 663 alienentur.
1765 595 1855 662 'l'nlia
1867 593 1914 661 fa·

370 699 497 782 alten,
508 719 671 785 quousque
678 703 896 783 satisfecerint,
907 702 947 769 ad
955 702 1147 768 voluntatem
1159 704 1288 768 rectoris
1299 702 1340 769 ab
1351 688 1496 781 irre-esu
1503 699 1632 767 ecclesie
1641 700 1726 766 illim
1736 682 1912 764 arceantbr.

472 806 518 870 De
539 809 646 884 cipiliis
668 811 699 871 iu
721 813 846 873 ecclesio
867 810 1017 885 manou,
1046 815 1075 870 ct
1103 810 1211 870 diuinis
1232 809 1343 883 officiis
1364 808 1553 884 peraperrdiv.
1598 801 1800 885 l‘rccipinrus,
1828 798 1914 883 quod

368 904 570 974 monimum
592 914 727 976 meteres
748 910 781 974 in
803 909 868 975 suis
890 905 1028 976 nectere
1049 908 1171 988 vigilias
1193 908 1260 974 lieri
1282 927 1303 973 a
1322 906 1411 972 laicis
1440 925 1502 971 uon
1533 905 1731 990 permittant,
1754 921 1850 986 quum
1874 920 1913 969 ex

367 1006 428 1076 hoc
448 1009 597 1078 scanebla
617 1012 802 1095 proveniant
822 1019 855 1078 et
875 1018 1019 1096 peecata:
1043 1011 1104 1077 nisi
1125 1010 1231 1076 forsan
1251 1010 1283 1075 in
1306 1009 1369 1076 illis
1398 1008 1546 1088 malaeus,
1570 1009 1602 1075 in
1623 1007 1738 1091 quibus
1760 1026 1799 1073 ex
1820 1005 1914 1072 dero-

368 1112 454 1181 tloue
474 1112 611 1181 lidalinm
633 1113 737 1197 vigilie
760 1113 840 1181 tales
862 1120 1089 1181 consueverunt
1110 1113 1176 1180 tierr·
1197 1113 1237 1179 ab
1259 1113 1398 1196 antiquo.
1443 1111 1493 1177 Ad
1515 1109 1711 1178 ‹lilntauduur
1739 1110 1772 1175 in
1800 1108 1915 1174 divinis

367 1214 478 1283 ciliciis
496 1215 626 1283 ecclesie
647 1215 742 1282 dacus
763 1219 902 1301 presenti
924 1217 1148 1284 constitutione
1168 1215 1313 1281 duximus
1332 1215 1545 1295 statuendum,
1568 1213 1654 1297 quod
1677 1212 1840 1298 prepositi,
1863 1229 1915 1278 oa·

367 1317 480 1398 uonicl,
500 1317 626 1401 plebani
648 1317 757 1384 etalii
778 1320 978 1386 eeclesiarum
998 1325 1136 1387 rectores
1157 1323 1191 1384 at
1212 1317 1316 1384 clerici
1346 1318 1493 1397 urdversi,
1521 1317 1555 1382 iu
1578 1315 1797 1399 preposituris,
1820 1330 1915 1381 eano-

367 1419 429 1487 ulis
449 1425 483 1488 et
502 1419 731 1504 plebanatibus,
754 1425 896 1490 rectoris
916 1430 949 1491 et
970 1424 1041 1490 aliis
1054 1422 1192 1490 ecelesiis
1206 1422 1239 1487 in
1254 1420 1368 1504 quibus
1382 1418 1558 1487 beneficiati
1572 1417 1723 1498 existunt,
1746 1416 1795 1483 vel
1810 1434 1831 1481 a
1844 1415 1915 1499 qui·

339 1596 342 1604 ,
367 1521 427 1591 hus
445 1522 657 1592 ecclesiastiea
677 1524 833 1608 recipiunt
854 1527 1019 1610 stipendia,
1042 1526 1244 1593 residentiam
1265 1525 1426 1608 incientes,
1449 1524 1535 1591 horis
1554 1523 1723 1603 canonicis,
1748 1520 1788 1589 ad
1811 1521 1914 1587 urinas

366 1624 541 1708 mtudnis,
562 1626 658 1693 misse
679 1626 729 1694 rel
749 1630 886 1712 vesperis
908 1630 1067 1696 intersint:
1100 1648 1197 1715 quum
1218 1630 1265 1694 eis
1286 1629 1328 1695 ad
1348 1629 1409 1695 lroc
1426 1627 1492 1693 sint
1519 1625 1732 1694 ecelesiastica
1765 1624 1915 1690 beneticia

365 1726 527 1814 deputata,
550 1734 587 1795 ut
604 1728 644 1796 de
664 1729 741 1813 ipsis
763 1730 892 1800 honeste
913 1733 1048 1801 debeant
1067 1734 1179 1816 rivere,
1199 1751 1238 1799 ac
1260 1732 1327 1798 Deo
1348 1738 1382 1798 at
1403 1731 1497 1798 dictis
1518 1730 1658 1808 ecclesis
1679 1729 1713 1795 irr
1734 1728 1811 1812 ipsis
1833 1726 1913 1793 divi·

367 1832 418 1898 uis
437 1829 548 1899 officiis
566 1849 637 1900 cam
659 1835 836 1901 reuerentia
856 1836 1021 1903 deservire.
1066 1835 1200 1916 Quodsi
1222 1836 1293 1919 quis
1316 1853 1424 1902 eorum
1448 1835 1483 1901 in
1510 1832 1660 1918 predictis
1683 1835 1836 1916 appareat
1860 1848 1914 1896 ue·

364 1933 486 2020 eligam
507 1934 558 2002 vel
578 1937 736 2019 remmus
759 1942 793 2004 et
813 1956 869 2021 per
889 1938 1087 2007 diocoeanum
1110 1940 1158 2007 rel
1182 1939 1364 2023 Capitulum
1386 1938 1435 2005 vel
1456 1938 1553 2004 alium
1579 1937 1776 2021 superiorem
1806 1934 1914 2001 aduro·

366 2036 453 2105 uitrrs
470 2055 536 2105 nou
557 2039 777 2121 emendaverit,
810 2041 865 2107 sed
892 2042 1069 2109 huiusmodi
1094 2043 1325 2126 negligentiam,
1355 2061 1395 2108 na
1423 2041 1564 2108 dicamus
1594 2045 1820 2124 contemptum,
1850 2055 1914 2104 non

365 2139 509 2208 dicatur
518 2141 728 2209 emendationi
738 2142 793 2209 sed
804 2146 1019 2213 consuetudini
1030 2149 1136 2230 petius
1150 2146 1316 2230 deputare:
1331 2146 1523 2231 quotidianis
1536 2142 1812 2210 distributionibus
1826 2141 1913 2207 illius

365 2240 439 2325 diei,
461 2261 525 2328 quo
545 2243 665 2328 absque
685 2245 865 2312 rationabili
886 2267 981 2316 musa
1000 2249 1102 2316 abfuit
1122 2268 1143 2315 a
1161 2249 1275 2315 divinis
1295 2249 1329 2315 irr
1348 2248 1456 2332 aliqua
1476 2247 1515 2315 de
1531 2246 1632 2314 tribus
1647 2245 1734 2313 horis
1749 2243 1911 2329 predictis,

365 2344 433 2431 lpse
454 2346 498 2412 sit
515 2344 599 2414 heta
621 2348 773 2431 privatus,
795 2367 853 2433 per
873 2349 1072 2418 domenum
1091 2352 1142 2418 vel
1163 2352 1260 2419 alium
1281 2352 1474 2435 superiorem
1492 2368 1595 2431 suam,
1617 2345 1840 2415 sihuiusmodi
1859 2364 1914 2412 ne·

364 2446 549 2533 glkmtiam
570 2449 620 2517 vel
641 2457 854 2536 corumptum
874 2471 936 2520 nou
962 2455 1085 2521 studuit
1106 2455 1273 2522 emendare
1293 2455 1396 2522 cilicia
1424 2451 1637 2522 continuando
1663 2451 1815 2537 predicta,
1841 2451 1915 2534 gra·

363 2551 434 2619 vius
453 2553 639 2637 puniendus.
683 2553 728 2620 Et
754 2561 792 2622 nt
820 2555 997 2624 huiusmodi
1022 2557 1207 2625 constitutio
1228 2559 1340 2625 melius
1370 2557 1564 2639 observetur,
1595 2556 1787 2640 deputentnr
1816 2553 1915 2637 aliqui

364 2655 537 2740 adugulis
559 2655 715 2741 Capitulis
736 2658 962 2727 cathedralium
984 2667 1018 2727 et
1039 2660 1274 2744 cohegiatarum
1288 2661 1500 2743 ecclesiamm,
1523 2661 1577 2745 qui
1592 2657 1752 2726 absentias
1769 2663 1802 2723 et
1815 2655 1915 2739 negli-

363 2758 485 2842 gentias
503 2759 616 2827 tadum
636 2765 749 2828 notent
769 2768 803 2828 et
822 2761 971 2829 scribant
1014 2762 1244 2830 Parochialium
1265 2781 1339 2829 vero
1360 2763 1558 2832 sacerdotum
1580 2768 1613 2829 et
1627 2761 1763 2829 aliorum
1786 2759 1915 2826 clerico-

364 2879 435 2929 mm
455 2861 643 2947 ncgbgentie
661 2870 695 2930 at
715 2863 842 2946 eliense,
863 2864 896 2930 iu
917 2864 1033 2932 talibus
1054 2871 1087 2932 et
1109 2866 1181 2933 aliis
1201 2884 1263 2950 qne
1281 2885 1302 2932 a
1323 2884 1400 2932 cura
1420 2873 1453 2934 et
1474 2864 1685 2933 sollieitudine
1708 2863 1847 2948 pendent
1862 2881 1914 2929 eo·

364 2982 444 3048 rum,
465 2983 523 3051 per
540 2966 786 3049 archidiaconos,
809 2969 985 3052 prepositos
1006 2977 1064 3037 ant
1086 2970 1175 3050 alios,
1197 2976 1231 3037 et
1248 2970 1374 3037 demum
1393 2987 1451 3053 per
1472 2970 1635 3054 episcopos
1650 2967 1766 3052 quibus
1779 2965 1915 3032 subsunt

363 3068 561 3153 corrigantur
582 3076 616 3136 et
636 3069 805 3137 salubriter
826 3071 1039 3138 emendentur.

467 3176 514 3239 Bc
532 3180 685 3239 nannrdiis
706 3179 923 3240 extorsionibus
943 3181 1050 3256 vetitis,
1073 3185 1102 3241 et
1122 3182 1279 3256 sepoiurra
1300 3183 1461 3256 reparativae
1482 3184 1576 3240 morte
1591 3179 1806 3240 decennium.
1838 3172 1913 3240 Pru·

364 3274 446 3341 santi
468 3293 593 3360 quoque
615 3278 839 3345 constitutione
860 3278 1055 3345 declaramus
1076 3284 1173 3362 atque
1187 3279 1392 3360 decernimus,
1416 3277 1501 3362 quod
1516 3277 1719 3358 consuetudo,
1742 3275 1914 3343 secuudum

362 3393 456 3460 quam
474 3377 686 3446 archidiaconi
708 3379 847 3464 Ungarie
868 3400 925 3464 pro
947 3382 1056 3447 oschis
1077 3381 1183 3464 gladie
1204 3382 1270 3448 sive
1291 3380 1374 3448 iuste
1395 3381 1446 3448 val
1460 3380 1594 3448 aliorrnu
1610 3398 1771 3447 armerum
1785 3398 1910 3462 genere,

362 3496 556 3549 marsuano
577 3489 635 3549 aut
655 3501 851 3568 quocumque
872 3483 934 3549 alio
955 3484 1125 3551 damnabili
1148 3489 1182 3551 et
1202 3485 1369 3569 reprobato
1392 3484 1495 3566 mode,
1517 3490 1751 3551 consueverunt
1772 3484 1913 3566 recipere

362 3600 457 3651 unam
478 3584 639 3652 marcham
657 3587 780 3670 argenti
801 3593 969 3670 antequam
989 3588 1035 3653 sic
1056 3589 1150 3655 occisi
1173 3589 1340 3656 tmdantur
1361 3586 1573 3655 ecclesiastice
1594 3585 1772 3670 sepulture:
1795 3585 1836 3651 ad
1855 3602 1910 3651 eos

362 3686 417 3769 qui
437 3685 567 3754 fulmine
588 3691 737 3771 percussi,
759 3689 937 3756 huminibus
958 3689 1112 3771 suffocati,
1135 3692 1237 3758 exusti
1259 3692 1414 3774 incendio,
1437 3688 1601 3757 arboribus
1624 3689 1777 3773 oppressi,
1794 3695 1852 3754 aut
1871 3688 1911 3753 de

362 3806 442 3874 eque
465 3789 622 3873 cadentes,
644 3793 695 3858 val
716 3792 786 3858 aliis
808 3793 961 3859 similibus
983 3794 1049 3859 sive
1070 3793 1211 3861 fortuitis
1233 3794 1358 3861 casibus
1372 3794 1456 3861 diem
1470 3794 1653 3860 abnuerunt
1666 3799 1841 3858 extremum
1856 3810 1913 3856 sen

362 3889 519 3959 interiime
540 3901 721 3977 nascmnnr,
743 3894 922 3960 nullatenus
944 3896 1140 3978 extendatur,
1162 3916 1220 3964 nec
1241 3898 1282 3963 ab
1303 3916 1412 3964 eorum
1434 3896 1611 3977 heredibus,
1634 3895 1820 3980 propinquis
1846 3896 1912 3959 sire

361 3992 480 4076 amieis,
503 3996 633 4063 marcha
650 3996 828 4064 huiusmodi
849 3996 1005 4080 exigatur·;
1028 4000 1084 4065 scd
1105 4000 1149 4065 sic
1170 3998 1320 4084 elehanan,
1343 4000 1512 4066 dummodo
1526 4000 1705 4082 penitentes
1720 3997 1913 4064 decesserint

362 4095 411 4162 vel
430 4097 463 4164 in
484 4105 587 4166 morte
608 4101 780 4185 penitentie
802 4101 891 4183 signa
912 4103 1116 4184 apparuerint
1134 4103 1309 4185 nrarriiesta,
1332 4106 1416 4170 sicut
1437 4103 1492 4170 alii
1509 4101 1683 4169 Christiani
1699 4101 1911 4168 ecclesiastice

338 4200 524 4292 ¹sepulture
552 4203 733 4284 tradautnr3
761 4204 970 4271 archidiaconi
992 4224 1065 4271 vero
1085 4224 1140 4288 per
1168 4225 1242 4272 sues
1267 4207 1443 4273 ordinarios
1471 4206 1513 4274 ah
1542 4205 1720 4272 huiusmodi
1750 4205 1914 4271 exactione

361 4302 502 4371 indebita
521 4315 699 4373 arceantur.

469 4413 582 4475 Corum
603 4414 840 4489 corrmdiuorios,
863 4416 981 4475 lenones
1002 4422 1031 4476 ci
1053 4417 1145 4488 terrae,
1169 4433 1225 4477 nec
1246 4436 1305 4478 rrrrn
1327 4420 1508 4480 ereren-icen.
1536 4411 1729 4479 Prohibeaut
1750 4412 1848 4476 etiarn
1862 4431 1913 4476 su·

360 4511 510 4593 cerdoics,
534 4532 573 4578 ne
594 4513 665 4578 laici
687 4511 809 4595 publice
832 4519 960 4578 terreant
980 4514 1183 4581 concubinus:
1204 4522 1238 4582 ct
1251 4518 1305 4600 qui
1321 4525 1393 4602 post
1408 4517 1654 4584 admonitionem
1671 4515 1822 4594 terruerit,
1846 4521 1912 4580 tum

360 4615 427 4699 ipse
447 4635 541 4699 quarn
564 4618 632 4699 ipsa
653 4618 694 4683 ab
718 4618 857 4696 iuunssn
879 4618 1008 4684 ecclesie
1028 4628 1208 4699 ur·r.eurrtur·;
1242 4626 1275 4685 et
1306 4621 1332 4685 si
1356 4641 1412 4704 per·
1434 4620 1493 4686 boc
1515 4639 1549 4686 sc
1575 4638 1637 4684 narn
1665 4618 1911 4697 onreudaverint,

358 4737 416 4802 per
436 4737 510 4785 suos
527 4718 709 4785 diocesanos
731 4720 843 4785 lortius
866 4722 1102 4803 compelluntur.

463 4827 508 4888 lie
535 4827 738 4888 ruereniriunr
769 4829 900 4902 [iuridicis.
945 4831 1046 4903 linrnu
1080 4845 1118 4890 ex
1152 4825 1311 4890 vicinitate
1338 4826 1476 4909 turpium
1507 4825 1684 4905 mulierum,
1715 4831 1748 4890 et
1776 4825 1912 4890 maximo

358 4927 555 4994 meretricum
590 4927 782 5011 publicarum
814 4948 874 5009 ιμιι·
908 4949 1038 5010 corpora
1071 4948 1129 4994 suu
1162 4944 1218 5011 pro
1241 4928 1293 4994 sili
1326 4931 1427 5012 pretio
1455 4929 1502 4993 rol
1533 4929 1675 4994 mercede
1706 4929 1829 4993 venalia
1864 4929 1910 4993 iu·

357 5026 537 5095 dilierentrr·
555 5039 724 5112 oanruunt,
755 5031 861 5094 rnultis
892 5032 1074 5114 plerumque
1104 5032 1249 5114 querendi
1280 5033 1400 5097 nereum
1432 5032 1640 5111 ministretur,
1672 5036 1709 5096 ut
1735 5033 1774 5096 de
1803 5031 1911 5097 uurltis

324 5151 328 5157 ’
358 5131 429 5198 aliis
450 5133 666 5215 spiritualibus
687 5141 721 5196 et
743 5134 975 5214 terranrulibus,
998 5156 1059 5217 que
1080 5136 1243 5219 sepissime
1265 5155 1302 5201 eu
1325 5154 1432 5200 ιιιιιιιιι
1457 5135 1619 5200 vicinitate
1641 5134 1813 5200 damnabili
1837 5155 1909 5200 urru-

357 5244 526 5303 sueverunt
544 5241 732 5318 contingere,
757 5239 901 5320 puniendis
924 5247 1074 5320 tinuatur,
1098 5240 1206 5316 religio
1225 5239 1407 5304 t'luistinuu
1427 5259 1465 5304 ac
1488 5239 1658 5303 urultnruur
1682 5237 1835 5302 bonorum
1853 5238 1908 5303 lro·

2239 4400 2325 4466 aliud
2345 4399 2418 4495 circs

2239 4521 2295 4568 seu
2316 4500 2419 4567 Ιιοιιιιιι

2240 4607 2309 4687 pria
2329 4608 2419 4670 arrato

2239 4705 2401 4789 iterationis

2239 4803 2422 4895 uonrpcteuti

2239 4921 2329 4997 purte
2349 4916 2422 4995 pratri

2238 5008 2423 5083 stiluliunisv

2239 5121 2352 5204 quibus
2369 5136 2426 5199 pre

2243 5225 2302 5290 uisi
2327 5220 2428 5309 initu}
