4860 6180
2078 247 2152 325 stt

612 453 706 523 duces
723 450 868 534 Polonie,
896 435 1130 521 considerantes
1159 455 1379 538 paupertatem
1407 449 1531 522 domine
1552 501 1589 520 ..
1615 445 1774 517 abbatisse
1788 444 1833 518 'et
1854 448 2034 519 conventus
2055 448 2154 534 ipsius
2255 408 2258 413 ⁴

473 565 475 570 ’
613 553 734 627 cenobii
760 554 801 622 de
827 552 952 621 Olobok
977 552 1197 622 cisterciensis
1225 552 1362 637 Ordinis,
1393 561 1458 623 tam
1486 573 1543 640 pro
1564 553 1701 620 remedio
1727 553 1831 621 anime
1851 554 1954 639 patris
1975 549 2077 620 nostri
2098 552 2153 637 qui

611 656 757 746 prinnina
779 655 880 724 eidem
901 656 963 723 loci
983 654 1132 724 fnmlator
1152 657 1287 739 exstitit,
1307 675 1400 742 quam
1423 677 1479 742 pro
1500 656 1636 724 remedio
1649 657 1827 723 animarum
1840 664 2021 723 nostrarum
2035 662 2070 725 et
2083 675 2154 740 pre·

610 761 808 830 decessorum
826 765 1005 826 nostromnr
1027 778 1065 828 nc
1086 779 1298 828 successorum
1321 768 1500 828 nostrornm
1525 760 1713 828 contulimus
1741 759 1822 827 banc
1850 759 2031 825 libertatem
2052 765 2087 825 et
2107 756 2155 826 ia·

610 861 759 932 cultatem
781 861 879 928 libere
900 880 937 930 ac
959 862 1132 931 liberaliter
1150 863 1291 948 predicto
1310 863 1448 944 cenobio,
1470 871 1508 930 ut
1526 861 1628 929 iorum
1649 862 1682 928 in
1703 860 1826 928 Olobok
1845 865 1879 928 et
1896 858 1999 925 lorum
2013 860 2047 924 in
2069 858 2154 926 Lub-

609 965 676 1034 meu
698 963 874 1031 omnimode
895 962 1013 1030 babeat
1031 964 1217 1032 libertatem
1250 963 1454 1032 concedimus
1476 965 1571 1032 etiam
1591 964 1675 1030 villis
1693 966 1838 1032 omnibus
1860 961 2000 1028 eiusdem
2022 961 2152 1043 cenobii,

607 1087 629 1137 a
648 1070 759 1133 nostro
780 1065 919 1133 dominio
939 1066 990 1132 vel
1011 1066 1139 1134 minucie
1160 1067 1201 1132 ad
1222 1067 1371 1134 honorem
1392 1066 1452 1133 Ilei
1473 1073 1506 1134 et
1523 1067 1613 1134 beate
1634 1067 1764 1151 virginis
1783 1066 1885 1132 Marie
1902 1064 1965 1130 ium
1979 1064 2152 1148 acquisitis,

609 1173 794 1256 perpetuam
812 1174 846 1235 et
866 1167 1029 1252 pacificam
1050 1168 1244 1250 libertatem3
1275 1167 1397 1236 Olobok
1425 1187 1496 1236 cum
1523 1169 1606 1235 villis
1632 1169 1673 1236 ad
1694 1186 1729 1234 se
1750 1164 1991 1252 pertinentibus,
2014 1166 2152 1234 Lubnicn

608 1271 710 1349 lorum
731 1276 766 1338 et
786 1268 925 1337 Lubnicn
947 1270 1126 1352 Theodrici,
1150 1270 1327 1355 Glncbovo,
1350 1270 1483 1354 Curoco,
1505 1271 1663 1353 llilasino,
1686 1269 1879 1351 chandino,
1901 1268 2069 1351 Scomlino,
2090 1267 2154 1335 Ba-

608 1388 736 1455 ranoro,
758 1371 958 1454 Duruehovo,
981 1371 1155 1455 Gonarovo,
1177 1373 1362 1442 biislacovo:
1384 1374 1579 1442 absolventes
1600 1373 1742 1441 homines
1762 1373 1796 1438 in
1817 1373 1896 1458 ipsis
1910 1371 1993 1437 villis
2007 1371 2154 1437 sedentes

607 1480 764 1558 astroaa,
782 1494 804 1541 a
823 1475 952 1560 prevod,
972 1494 993 1541 a
1013 1494 1119 1558 naraz,
1140 1494 1161 1543 a
1182 1496 1291 1561 pocoz,
1313 1497 1334 1544 a
1354 1478 1505 1561 podvodn,
1524 1497 1544 1544 a
1560 1475 1772 1556 venatoribus,
1794 1481 1828 1542 et
1848 1473 1890 1542 ab
1908 1473 2052 1541 omnibus
2068 1473 2154 1540 solu·

571 1585 575 1593 '
608 1577 746 1646 tionibus
767 1584 803 1645 et
821 1577 1055 1662 gravaminibus
1076 1578 1161 1661 qnod
1182 1578 1223 1645 ad
1244 1579 1415 1646 dominium
1444 1586 1586 1647 nostmm
1610 1578 1764 1663 pertinet;
1787 1583 1822 1643 et
1842 1576 1883 1643 ab
1901 1576 2100 1660 expeditione
2120 1580 2154 1644 et

608 1680 774 1765 colloquio,
792 1698 864 1747 cum
883 1681 916 1748 in
937 1680 1032 1746 aliam
1055 1685 1174 1747 terram
1195 1681 1276 1748 imus
1298 1682 1339 1749 ad
1360 1683 1547 1766 colloquium
1567 1682 1618 1748 vel
1640 1679 1889 1764 expugnandam.
1933 1679 2075 1762 insuper,
2096 1678 2153 1746 bo-

607 1783 707 1852 mines
729 1781 888 1849 dictarum
916 1783 1063 1850 villanum
1089 1801 1152 1850 non
1180 1788 1347 1851 teneantur
1373 1790 1478 1851 astare
1504 1784 1594 1851 ailad
1615 1801 1720 1851 coram
1741 1781 1892 1867 palatino,
1915 1781 2098 1862 mstellano,
2120 1786 2153 1848 et

607 1883 763 1952 indicibus
784 1902 908 1951 eorum:
930 1884 985 1951 sed
1007 1903 1114 1952 coram
1134 1884 1234 1967 nobis,
1256 1885 1372 1952 litteris
1386 1887 1496 1970 sigilis
1510 1886 1627 1953 nostris
1640 1885 1841 1969 consignatis,
1856 1901 1954 1968 supra
1967 1901 2154 1967 quacunque

607 2007 644 2056 re
664 1986 785 2055 fuerint
804 1989 975 2072 provocati.
1018 1987 1057 2054 In
1077 1988 1153 2054 villa
1174 2007 1249 2055 vero
1270 1986 1403 2070 Olobok,
1422 1988 1551 2072 Lubuic,
1573 1994 1607 2056 et
1624 1989 1658 2055 in
1678 1987 1754 2052 villu
1774 1984 1949 2067 Theodrici,
1971 1984 2059 2051 etin
2080 1984 2155 2050 villa

608 2088 766 2170 Milesius,
788 2087 983 2172 chandino,
1004 2089 1179 2171 Buranovo,
1202 2088 1370 2172 Scomlino,
1389 2110 1495 2158 omnes
1515 2097 1644 2175 quastus
1665 2096 1699 2157 et
1719 2088 1898 2156 exectiones
1924 2093 1982 2153 aut
2002 2085 2154 2171 poradlne

606 2191 662 2276 qni
681 2189 723 2258 ad
744 2196 888 2258 nostrum
907 2191 1081 2259 dominium
1105 2193 1280 2276 pertinent,
1302 2192 1396 2260 dictis
1418 2192 1602 2260 dominabus
1623 2190 1664 2260 ob
1685 2192 1894 2259 reverentiam
1913 2189 1973 2256 Dei
1994 2195 2029 2257 et
2050 2207 2150 2257 reme-

606 2292 693 2360 dium
710 2293 815 2361 animc
836 2294 936 2378 patris
956 2295 1058 2360 nostri
1079 2312 1138 2360 nec
1159 2311 1222 2361 uon
1241 2296 1417 2362 animarum
1437 2295 1613 2379 provisione
1634 2300 1816 2361 nostrarum
1835 2293 2043 2376 assignamus
2071 2291 2153 2359 Con-

607 2393 746 2464 cedimus
767 2396 864 2462 mam
884 2394 979 2462 dictis
996 2396 1193 2478 dominabus,
1214 2397 1248 2463 in
1269 2396 1421 2480 predictis
1440 2397 1523 2464 villis
1544 2416 1602 2482 per
1622 2415 1697 2464 suos
1718 2395 1838 2464 indices
1858 2396 1892 2462 in
1913 2395 2058 2463 omnibus
2072 2395 2153 2462 iudi·

606 2496 698 2565 cundi
718 2497 824 2565 causa
840 2503 875 2564 et
895 2498 1052 2565 utilitates
1074 2516 1114 2564 ex
1135 2498 1196 2563 biis
1217 2497 1437 2582 provenientes
1457 2496 1649 2583 percipiendi
1669 2503 1871 2581 potestatem,
1893 2503 2001 2582 preter
2019 2495 2106 2582 qnod
2119 2497 2153 2564 in

606 2598 812 2667 debellatione
834 2600 947 2683 capitis
968 2606 1003 2667 et
1023 2600 1252 2684 suspensionis,
1272 2601 1405 2668 actionis
1427 2600 1527 2667 nostri
1544 2617 1718 2666 assessores
1739 2619 1810 2668 cnm
1831 2607 2077 2668 memoratarum
2097 2599 2153 2666 do·

606 2704 762 2771 minarum
782 2702 886 2770 iudice
907 2703 1082 2788 percipient
1102 2704 1289 2788 portionem.
1332 2702 1452 2772 Damus
1479 2703 1575 2770 etiam
1598 2701 1772 2769 Conventui
1801 2700 2005 2769 Olobooensi:
2035 2702 2064 2770 si
2091 2722 2153 2787 que

605 2805 678 2873 ville
698 2823 809 2873 aarum
830 2805 1024 2874 Polonicales
1043 2808 1077 2875 in
1098 2811 1262 2891 posterum
1283 2806 1387 2873 locate
1403 2805 1520 2872 inerim
1539 2804 1733 2873 lbeatomco
1754 2805 1834 2886 iure,
1856 2820 1895 2872 eo
1915 2802 2063 2871 buantm
2082 2805 2153 2872 iure

606 2910 645 2974 nt
664 2908 699 2975 in
718 2907 804 2975 vsslis
824 2906 1101 2975 'l'beutonicalibus
1129 2908 1234 2992 sepius
1254 2909 1444 2976 memoratis
1487 2906 1603 2974 Omnes
1629 2925 1705 2974 vero
1724 2907 1800 2974 silla
1819 2905 1971 2974 Polonico
1991 2906 2061 2974 iure
2080 2925 2152 2992 per·

606 3014 786 3077 maanes
804 3009 846 3078 ad
867 3008 991 3078 Olobok
1012 3011 1222 3095 pertinentes,
1248 3011 1373 3078 domine
1396 3059 1434 3079 ..
1455 3009 1612 3077 abbatisse
1633 3008 1744 3077 damus
1766 3008 1899 3076 liberum
1919 3009 2152 3093 aucmritatem,

606 3129 663 3196 por
682 3129 776 3179 sunm
797 3111 933 3180 indicem
957 3113 992 3180 iu
1014 3113 1160 3180 omnibus
1184 3113 1329 3180 articulis
1350 3111 1497 3180 Polonico
1518 3111 1580 3178 iuri
1608 3111 1848 3197 pcrtinentibus,
1879 3117 1917 3179 ut
1942 3116 1993 3179 est
2012 3110 2153 3181 duellum

605 3230 676 3281 cum
696 3213 820 3297 baculo,
841 3214 891 3281 ins
913 3212 998 3296 leni,
1027 3216 1078 3283 ius
1105 3234 1197 3301 aque,
1226 3221 1260 3283 et
1281 3216 1314 3282 in
1334 3214 1407 3281 aliis
1426 3214 1567 3282 atomos
1587 3233 1682 3300 quem
1704 3214 1849 3298 plurimis
1866 3212 2026 3281 iudicandi
2047 3220 2153 3298 potes·

506 3344 508 3349 >
605 3319 713 3384 atam
748 3315 915 3401 Signamus
936 3317 1036 3384 miam
1058 3315 1181 3384 Olobok
1200 3318 1351 3384 terminos
1369 3323 1404 3384 et
1416 3315 1643 3399 confirmamus,
1657 3335 1698 3384 ne
1712 3315 1829 3400 aliquis
1847 3316 2005 3402 malignus
2019 3318 2153 3386 circum·

604 3433 707 3485 sessor
723 3417 758 3485 in
778 3418 974 3486 detractione
993 3418 1079 3486 dicte
1099 3419 1211 3486 domus
1232 3419 1348 3487 audeat
1369 3425 1568 3502 attemptare.
1611 3418 1678 3484 Iste
1695 3425 1772 3486 sunt
1790 3424 1891 3487 mete:
1914 3418 2039 3486 Olobok
2056 3418 2152 3488 llario

604 3537 704 3605 usqne
722 3519 764 3588 ad
785 3521 890 3589 locum
910 3521 964 3588 ubi
986 3523 1131 3590 convenit
1145 3541 1216 3590 cum
1229 3521 1357 3589 flumine
1370 3521 1529 3606 Bystruec,
1548 3526 1583 3589 et
1603 3521 1644 3588 ab
1665 3520 1726 3588 boc
1746 3519 1874 3590 numme
1886 3522 2039 3608 Bystrnec
2052 3540 2153 3609 usqne

579 3613 582 3618 ’
603 3620 645 3689 ad
662 3620 791 3691 duvlnm
809 3625 864 3708 qui
885 3631 1017 3692 vocatur
1038 3624 1168 3692 Prosna
1212 3624 1256 3691 Et
1273 3623 1313 3692 de
1332 3623 1486 3691 biirawno
1507 3642 1607 3706 nsque
1625 3622 1800 3707 Bicoviam;
1822 3625 1917 3693 etde
1936 3626 2035 3693 Βίων
2056 3626 2152 3696 borra

604 3728 654 3792 est
674 3725 807 3793 chnstn
828 3725 1030 3794 Olobocensis
1052 3727 1212 3812 usquead
1236 3727 1339 3794 locum
1370 3726 1424 3793 ubi
1443 3727 1509 3794 exit
1528 3726 1638 3792 Βατία
1660 3727 1700 3793 de
1720 3725 1849 3795 Prosna
1894 3727 1939 3796 Et
1959 3728 2000 3797 de
2020 3728 2152 3813 Pmsm

603 3825 722 3912 Burycz
744 3834 814 3895 tota
834 3835 885 3895 ast
905 3830 1035 3897 claustri
1057 3848 1157 3915 usque
1179 3832 1212 3896 in
1240 3829 1403 3898 Felsinam.
1446 3829 1490 3896 Et
1510 3828 1550 3896 de
1571 3847 1647 3912 egro
1668 3829 1723 3911 qui
1744 3828 1845 3898 Niika
1865 3832 2057 3915 nominatur,
2079 3830 2154 3900 Olo-

579 3927 746 3998 vbocensis
766 3937 817 3998 est
842 3932 922 3999 silva
951 3951 1052 4017 usque
1078 3934 1111 3999 in
1140 3933 1278 4018 Wyrow,
1306 3940 1340 4001 et
1366 3932 1483 4000 Wnuw
1510 3950 1606 3998 unnrn
1636 3931 1728 3998 littus
1756 3939 1806 3999 est
1835 3933 1965 4002 claustri
1991 3953 2091 4020 usqne
2111 3934 2152 4002 ad

603 4030 708 4100 locum
728 4032 784 4100 ubi
805 4036 950 4102 convenit
970 4054 1057 4119 aqua
1078 4034 1279 4104 Olobocensis
1302 4055 1373 4102 cnm
1394 4034 1548 4116 Senseka3
1570 4039 1605 4101 et
1623 4033 1665 4101 ab
1686 4034 1834 4104 hocloco
1855 4037 1936 4104 silva
1956 4043 2007 4105 est
2021 4037 2152 4105 claustri

603 4152 704 4220 nsque
724 4137 767 4204 ad
788 4157 984 4223 aquamque
1006 4137 1129 4207 Olobok
1158 4141 1348 4206 nominatur.
1392 4139 1510 4206 Damus
1530 4139 1627 4206 etiam
1647 4136 1834 4205 dominabus
1855 4140 1961 4225 sepius
1982 4141 2152 4208 nominatis

540 4274 544 4282 ·
601 4244 725 4319 pamm
743 4259 825 4325 aque
845 4259 917 4307 cnm
939 4242 1125 4323 custoribus,
1147 4262 1169 4309 a
1190 4243 1341 4310 Zadovicn
1364 4241 1524 4325 usquead
1553 4241 1656 4307 locum
1686 4241 1720 4306 in
1746 4259 1809 4325 qno
1832 4243 1944 4310 Buricz
1970 4243 2011 4311 de
2030 4243 2152 4312 Prosna

603 4343 753 4425 procedit,
776 4348 810 4411 et
831 4345 903 4411 aliis
921 4346 1114 4413 utilitatibus
1135 4348 1168 4413 in
1191 4346 1333 4413 terminis
1353 4347 1497 4413 villarum
1526 4344 1749 4429 predictarum,
1780 4352 1814 4412 et
1841 4344 2021 4415 Obecannm
2043 4365 2153 4416 cocum

602 4450 746 4512 noenum
767 4452 801 4514 et
822 4465 946 4514 servum
968 4466 1039 4514 cum
1062 4466 1120 4515 sua
1141 4451 1338 4532 posteritate.
1383 4447 1429 4514 Ut
1455 4449 1560 4514 autem
1587 4446 1645 4512 hec
1670 4453 1779 4514 nostru
1805 4449 1934 4517 donatio
1964 4457 1998 4519 et
2022 4450 2153 4537 prouida

602 4546 760 4615 ordinatio
778 4549 902 4617 lirmnm
923 4550 1021 4617 robur
1048 4550 1204 4634 obtineat,
1233 4570 1362 4636 prosam
1392 4551 1544 4634 scriptum
1572 4548 1747 4633 sigillorum
1774 4557 1956 4621 nostrorum
1977 4560 2012 4622 et
2031 4554 2151 4622 domini

602 4648 829 4736 archiepiscopi
849 4653 997 4720 Falconis
1016 4654 1231 4721 Gnezdnensis
1252 4654 1423 4721 munimine
1444 4653 1590 4719 duximus
1610 4651 1830 4723 roborandum.
1875 4656 2059 4742 Quicunque
2078 4657 2151 4725 hnic

603 4746 687 4819 felici
705 4751 790 4821 lacto
812 4755 969 4822 contraire
990 4758 1227 4842 presumpserit,
1249 4756 1309 4823 Dei
1330 4756 1553 4840 omnipotentis
1567 4753 1813 4838 indignationem
1826 4765 1861 4826 et
1874 4758 1965 4826 Sedis
1978 4760 2152 4845 apostolice

602 4856 953 4924 mcomnnnieationan
974 4864 1008 4925 et
1029 4860 1148 4928 domini
1164 4859 1389 4944 archiepiscopi
1411 4859 1558 4926 Fulconis
1578 4877 1613 4924 se
1634 4860 1758 4926 noverit
1778 4861 1988 4931 incursurum.
2030 4863 2151 4932 Datum

601 4960 937 5046 nongentenos.
959 4964 1216 5049 quinquagesimo
1239 4964 1343 5041 lartio,
1373 4964 1484 5047 quinto
1512 4961 1587 5029 idus
1613 4961 1692 5030 Maii
1717 4963 1751 5029 in
1777 4963 1936 5033 dominica
1962 4967 2058 5034 tertia
2078 4974 2152 5052 post

516 5136 522 5145 ‚
601 5065 728 5133 aava
748 5063 868 5132 Pcscbe
888 5065 923 5131 in
943 5064 1085 5150 (inezna,
1104 5067 1295 5135 testantibus
1317 5066 1404 5134 istis:
1426 5065 1631 5149 Pretpelcone
1648 5066 1789 5149 palatino
1811 5065 2028 5151 Poznaniensi,
2049 5067 2150 5136 birsi-

602 5164 685 5232 ctsio
704 5165 846 5254 palatino
867 5165 1056 5250 Guennensi,
1077 5167 1213 5238 lancone
1226 5170 1367 5254 palatino
1383 5167 1560 5252 Kalisiemi,
1576 5167 1729 5253 Romuleis
1743 5169 1916 5239 mutellano
1933 5170 2148 5265 Poznaniensl,
