4860 6180
995 899 1069 987 Nn.
1101 897 1200 986 601.
1249 895 1407 1003 (3432)

533 1096 771 1203 Bognphulus
798 1098 988 1203 episcopus
1014 1096 1254 1182 Pomanlone.
1281 1100 1420 1178 1256
1447 1093 1472 1178 J
1473 1095 1525 1179 nl
1558 1099 1608 1192 3,
1637 1093 1680 1178 in
1712 1092 1880 1198 capitulo
1906 1091 1972 1176 Po·

431 1216 642 1321 militnm
671 1234 793 1304 eonlert
813 1236 962 1304 eeclesiae
985 1236 1018 1303 in
1040 1235 1228 1319 Wronezyn,
1257 1253 1333 1302 ase
1355 1240 1486 1316 erectae,
1516 1233 1652 1302 decimas
1673 1231 1713 1301 de
1733 1232 1855 1300 duabus
1880 1232 1973 1301 villis.

540 1341 681 1407 emmo
725 1343 843 1408 acuo.
871 1343 1044 1407 cocciores
1066 1341 1221 1420 suropo
1264 1345 1343 1406 sua
1363 1344 1439 1405 anne
1459 1340 1556 1444 rouo.

532 1544 570 1614 ln
588 1546 715 1614 nomino
734 1545 839 1614 Patris
860 1553 894 1613 et
914 1545 988 1612 Filii
1010 1550 1045 1614 et
1065 1544 1202 1630 Spiritus
1222 1547 1325 1613 sancti
1345 1565 1448 1614 amen
1492 1545 1645 1627 Quoniam
1665 1543 1827 1629 generatio
1841 1543 1975 1628 preterit

431 1657 466 1719 et
484 1650 645 1736 generatio
666 1650 801 1728 advenit,
828 1650 899 1718 ideo
925 1667 1052 1717 neeesse
1078 1654 1138 1732 est,
1165 1656 1204 1716 ut
1232 1668 1270 1717 ea
1299 1669 1361 1735 que
1389 1651 1423 1716 in
1448 1656 1636 1735 perpetuum
1655 1648 1800 1716 uolumus
1821 1647 1973 1731 stabilire,

431 1755 658 1839 scripturamm
682 1754 849 1839 diligencia
873 1759 1075 1836 annotentur,
1106 1759 1261 1837 quatenus
1283 1760 1357 1822 acta
1381 1755 1605 1838 preteritorum
1631 1752 1754 1820 facilius
1782 1753 1909 1819 ueniant
1933 1751 1974 1820 ad

402 1897 406 1903 -
435 1857 585 1925 noticiam
605 1856 792 1926 futurorum.
835 1855 912 1924 Inde
934 1856 1086 1942 estquod
1106 1875 1164 1924 nos
1184 1856 1387 1942 Boguphalus
1405 1855 1465 1923 Dei
1481 1858 1590 1942 gracia
1604 1857 1768 1940 episeopus
1782 1855 1975 1924 Poznanien·

431 1961 475 2029 sis
494 1979 559 2028 nnc
579 1979 650 2029 cum
673 1959 819 2046 capitulo
840 1964 958 2041 nostro,
980 1959 1020 2028 de
1042 1961 1197 2028 communi
1219 1980 1349 2029 werten
1371 1961 1462 2029 etde
1483 1961 1566 2028 bona
1590 1961 1754 2028 voluntate
1780 1959 1857 2028 dicti
1879 1959 1974 2045 Capi·

382 2135 386 2142 ,
433 2064 502 2148 unii,
524 2064 654 2133 ecclesie
674 2071 783 2133 nostre
800 2063 840 2131 de
860 2062 1063 2145 Wronchino,
1085 2082 1180 2146 quam
1202 2064 1247 2131 ob
1268 2064 1440 2131 remedium
1469 2065 1573 2132 anime
1600 2070 1709 2132 nostre
1733 2064 1974 2148 construximus,

433 2166 568 2236 decimus
589 2167 723 2234 duarum
743 2166 888 2233 villarum
914 2185 953 2232 ex
980 2165 1112 2250 integro,
1138 2184 1272 2250 quarum
1303 2166 1361 2235 hee
1386 2174 1462 2234 sunt
1486 2167 1623 2250 nomina,
1648 2166 1837 2252 Biskupicze
1859 2175 1892 2235 et
1912 2166 1975 2236 Bo-

438 2288 541 2352 soevo,
563 2268 664 2338 eidem
685 2269 815 2338 ecclesie
836 2271 869 2335 in
891 2274 1077 2353 perpetuum
1099 2270 1302 2353 possidendas
1323 2271 1522 2338 contulimus.
1565 2269 1614 2338 lit
1637 2276 1744 2338 autern
1766 2270 1824 2338 hec
1844 2270 1976 2338 donacio

434 2378 545 2441 nostm
561 2378 596 2441 et
616 2371 730 2456 pressu
753 2372 892 2458 Capituli
918 2373 1020 2439 nostri
1040 2372 1163 2440 stabilis
1184 2380 1218 2440 et
1238 2373 1330 2440 firma
1354 2393 1437 2442 nunc
1458 2379 1492 2441 et
1512 2373 1547 2440 iu
1568 2392 1660 2441 evum
1688 2380 1876 2458 perseveret,
1906 2392 1977 2458 pre·

432 2481 552 2544 oentern
573 2476 718 2562 paginam
741 2476 843 2560 sigillo
867 2481 976 2542 nostro
991 2480 1025 2542 et
1039 2475 1141 2559 sigillo
1162 2477 1301 2543 eiusdem
1324 2475 1473 2561 Capituli,
1495 2496 1553 2544 nec
1574 2495 1638 2543 non
1665 2475 1777 2560 sigillis
1796 2482 1977 2545 nostrorum

433 2579 625 2665 prelatorum
647 2579 776 2648 fecimus
805 2579 955 2647 roborari
999 2580 1084 2646 Acta
1109 2586 1215 2646 antem
1242 2586 1318 2646 sunt
1342 2579 1400 2647 hec
1425 2581 1459 2645 in
1489 2577 1638 2663 Capitnlo
1663 2577 1869 2672 Posnaniensi
1894 2598 1977 2649 anno

431 2683 535 2768 gracie
555 2681 682 2749 Domini
699 2683 864 2750 millesimo
886 2682 1100 2759 ducentesimo
1121 2682 1380 2767 quinquagesimo
1401 2687 1501 2762 sexto,
1527 2681 1638 2766 quinto
1659 2680 1767 2749 Nonus
1793 2681 1877 2765 Iulii,
1907 2701 1978 2767 pne·

432 2785 572 2854 sentibus
593 2785 744 2854 dominis:
766 2785 862 2855 Petro
876 2787 1046 2870 preposito,
1069 2785 1211 2854 Gerarclo
1226 2786 1353 2867 decano,
1373 2784 1512 2852 Iohanne
1525 2784 1701 2865 scolastico,
1723 2783 1862 2852 Iohanne
1876 2785 1978 2853 archi·

432 2887 572 2971 diaeono,
600 2887 738 2957 ilenrico
768 2895 905 2970 cantore,
936 2889 1078 2957 Basonm
1101 2890 1240 2970 custode,
1268 2887 1416 2966 Iohanne,
1441 2887 1584 2971 Nicolao,
1607 2887 1779 2970 Broncone,
1809 2887 1977 2974 Sophonia,

434 2991 617 3075 Venceslao,
637 2990 785 3074 Horacio,
804 2991 926 3074 Iacobo,
948 2991 1054 3076 Petro,
1076 2991 1195 3076 Murco,
1218 2992 1395 3075 Vincentio,
1426 2991 1601 3077 Bogumilo,
1627 2990 1794 3074 Tomisleo,
1821 2992 1979 3084 canonicis

434 3093 707 3163 Pemaniensibns
1301 3093 1305 3098 '
1862 3126 1865 3133 λ
2043 3100 2047 3112 ·

537 3281 740 3366 Wronclnino,
770 3286 929 3372 Wroozpa
971 3282 1171 3370 Biskupicze,
1193 3288 1363 3365 Butuptce.
1394 3283 1557 3388 ¹Bozeevo,
1578 3286 1738 3362 comeso.

998 3581 1072 3669 Nr.
1105 3579 1206 3669 602.
1249 3578 1411 3685 (3922)

535 3776 728 3862 Bolonlaua
755 3779 833 3861 dux
857 3777 1007 3862 Polonio
1033 3782 1157 3860 1261
1183 3779 1273 3863 lior.
1300 3784 1345 3878 9,
1370 3781 1413 3862 in
1435 3777 1562 3884 droda3
1583 3797 1640 3865 dat
1665 3797 1874 3866 momento
1896 3797 1978 3866 scul-

433 3904 502 3968 teto
522 3899 562 3967 de
583 3899 694 3985 Zduny
715 3898 894 3968 libertatem
916 3901 1039 3968 locandi
1063 3901 1179 3970 ibidem
1209 3901 1368 3969 civitatem
1395 3902 1464 3969 iure
1485 3901 1688 3983 Theutoniee,
1714 3903 1845 3986 eumque
1868 3901 1979 3969 multis
2094 3953 2096 3958 .

433 4001 633 4072 muudum
653 4003 754 4072 dotat

545 4109 700 4174 rmum.
745 4111 862 4174 oceo.
891 4112 1030 4192 opaea.
1073 4112 1165 4176 noer
1184 4114 1274 4190 nepo
1291 4130 1325 4189 ρ.
1347 4110 1419 4174 441.

538 4312 705 4383 Bolaelaus
727 4312 788 4382 Dei
808 4314 915 4399 gracie
933 4315 997 4382 dux
1019 4314 1158 4399 Polonie,
1180 4315 1334 4382 universis
1355 4319 1533 4398 presentem
1554 4313 1679 4381 literam
1702 4314 1889 4399 inspecturis
1910 4335 1981 4400 gra·

372 4463 374 4472 ·
434 4418 482 4486 cie
503 4436 559 4486 sue
579 4416 805 4502 plenitudinem
826 4438 897 4486 curn
926 4418 1038 4486 salute,
1082 4418 1252 4499 Novanius,
1281 4437 1338 4483 nos
1362 4417 1496 4484 scmteto
1526 4417 1565 4483 de
1591 4416 1744 4485 Sduncow
1770 4418 1980 4487 lambrechto

433 4520 613 4590 libertatem
631 4519 754 4587 dedisse
773 4521 982 4588 omnimodam
1004 4521 1045 4589 ad
1066 4521 1231 4589 locandam
1253 4521 1492 4604 civitatemque
1513 4519 1666 4587 Sduncow
1688 4521 1847 4605 wlgariter
1860 4541 1981 4590 nuncu·

435 4632 539 4710 patur,
561 4624 629 4691 iure
650 4623 842 4691 Thcutonico
863 4644 911 4707 ee,
933 4644 995 4709 quo
1017 4625 1129 4692 civitas
1150 4624 1232 4691 Novi
1257 4623 1317 4689 fori
1339 4624 1371 4689 in
1393 4622 1496 4690 Slezia
1514 4628 1564 4690 est
1585 4623 1702 4706 locata,
1725 4625 1896 4693 eximentes
1910 4646 1981 4694 eam

434 4726 475 4795 ab
496 4727 640 4795 omnibus
662 4727 879 4795 exacciouibus
901 4747 962 4812 que
984 4729 1016 4794 in
1038 4729 1170 4797 Polonia
1191 4728 1387 4795 consueverit
1408 4727 1493 4812 (sic),
1519 4726 1632 4795 dantes
1656 4727 1755 4794 eciam
1784 4729 1885 4796 eidem
1907 4731 1982 4798 ciri·

435 4831 496 4899 tati
517 4830 679 4899 duodecim
701 4831 794 4898 annis
814 4831 1004 4913 libertatem,
1026 4852 1098 4899 curn
1117 4831 1237 4898 duabus
1252 4831 1335 4897 villis
1350 4830 1574 4912 adiacentibus,
1598 4849 1659 4914 quc
1674 4829 1819 4900 Ccseowo
1834 4838 1868 4900 et
1882 4833 1982 4901 suod-

391 4957 395 4965 ·
435 4953 520 5003 oouo
541 4935 751 5001 nominantur.
796 4934 839 5000 lit
861 4953 900 5001 ne
921 4934 1036 5017 aliquis
1059 4935 1091 5000 in
1110 4940 1269 5018 posterum
1288 4932 1369 5000 hanc
1390 4933 1569 4999 libertatern
1590 4931 1713 5017 prefato
1728 4933 1862 5002 sculteto
1878 4936 1982 5004 valeat

435 5037 562 5119 doure,
583 5044 760 5121 presentem
783 5038 928 5122 peginam
956 5038 1056 5103 nostri
1082 5037 1176 5120 sigilli
1205 5037 1394 5119 appensione
1423 5043 1457 5103 et
1479 5036 1650 5102 munimine
1676 5035 1806 5104 finimus
1829 5037 1980 5108 roborari.

436 5141 551 5209 Datum
573 5139 607 5207 in
630 5139 731 5207 Srocla
752 5160 834 5209 auno
856 5141 981 5208 llonnini
1005 5139 1115 5207 M.CC.
1138 5140 1330 5223 sexagesimo
1351 5141 1461 5225 primo,
1485 5140 1517 5206 in
1539 5139 1591 5206 dic
1612 5139 1765 5207 Theodori
1779 5144 1936 5228 martyris.

537 5328 700 5408 ScluneoW,
724 5332 838 5411 Zdrory.
873 5329 996 5396 Novum
1019 5328 1131 5411 fontini,
1156 5333 1327 5412 chmorlcl,
1351 5336 1429 5411 crusti
1453 5313 1553 5393 &rodo
1573 5349 1617 5394 nu
1632 5333 1772 5417 Srlqcloc.
1820 5329 1977 5417 (iescowu,

440 5436 613 5539 questore,
643 5437 768 5498 :rrieoc
802 5438 979 5498 l'eacoouz.
1030 5433 1211 5515 Sdoclcowo,
1241 5437 1422 5516 llziuldouu,
1449 5457 1465 5498 z
1493 5439 1579 5500 vaicra.
1616 5437 1825 5502 Trclmuloroc.
1870 5435 1981 5520 stola,

438 5541 546 5602 Sroda
1129 5533 1131 5537 ⁴

1772 5655 1806 5714 ii
