<?xml version="1.0" encoding="UTF-8"?>
<!DOCTYPE html PUBLIC "-//W3C//DTD XHTML 1.0 Transitional//EN"
    "http://www.w3.org/TR/xhtml1/DTD/xhtml1-transitional.dtd">
<html xmlns="http://www.w3.org/1999/xhtml" xml:lang="en" lang="en">
 <head>
  <title>
</title>
<meta http-equiv="Content-Type" content="text/html;charset=utf-8" />
  <meta name='ocr-system' content='tesseract 3.04.00' />
  <meta name='ocr-capabilities' content='ocr_page ocr_carea ocr_par ocr_line ocrx_word'/>
</head>
<body>
  <div class='ocr_page' id='page_1' title='image "./codexdiplomatic03zakrgoog_0217.png"; bbox 0 0 4476 6180; ppageno 0'>
   <div class='ocr_carea' id='block_1_1' title="bbox 1694 334 1768 414">
    <p class='ocr_par' dir='ltr' id='par_1_1' title="bbox 1694 334 1768 414">
     <span class='ocr_line' id='line_1_1' title="bbox 1694 334 1768 414; baseline -0.014 0"><span class='ocrx_word' id='word_1_1' title='bbox 1694 334 1768 414; x_wconf 74' lang='lat'>825</span> 
     </span>
    </p>
   </div>
   <div class='ocr_carea' id='block_1_2' title="bbox 223 534 1771 734">
    <p class='ocr_par' dir='ltr' id='par_1_2' title="bbox 223 534 1771 734">
     <span class='ocr_line' id='line_1_2' title="bbox 223 534 1771 626; baseline 0.003 -22"><span class='ocrx_word' id='word_1_2' title='bbox 223 536 403 625; x_wconf 78' lang='lat' dir='ltr'>quagesima</span> <span class='ocrx_word' id='word_1_3' title='bbox 422 536 555 622; x_wconf 90' lang='lat' dir='ltr'>septimo</span> <span class='ocrx_word' id='word_1_4' title='bbox 577 535 610 605; x_wconf 92' lang='lat' dir='ltr'>in</span> <span class='ocrx_word' id='word_1_5' title='bbox 630 535 683 605; x_wconf 89' lang='lat' dir='ltr'>die</span> <span class='ocrx_word' id='word_1_6' title='bbox 703 535 806 605; x_wconf 90' lang='lat' dir='ltr'>saneti</span> <span class='ocrx_word' id='word_1_7' title='bbox 827 534 962 618; x_wconf 79' lang='lat' dir='ltr'>Andros,</span> <span class='ocrx_word' id='word_1_8' title='bbox 984 537 1181 621; x_wconf 75' lang='lat' dir='ltr'>presentibus</span> <span class='ocrx_word' id='word_1_9' title='bbox 1200 535 1366 607; x_wconf 73' lang='lat' dir='ltr'><strong>comitibus</strong></span> <span class='ocrx_word' id='word_1_10' title='bbox 1387 535 1476 605; x_wconf 87' lang='lat' dir='ltr'>istis:</span> <span class='ocrx_word' id='word_1_11' title='bbox 1499 538 1662 626; x_wconf 84' lang='lat' dir='ltr'>Protpeleo</span> <span class='ocrx_word' id='word_1_12' title='bbox 1681 538 1771 625; x_wconf 81' lang='lat' dir='ltr'>pela-</span> 
     </span>
     <span class='ocr_line' id='line_1_3' title="bbox 223 638 1769 734; baseline 0.001 -24"><span class='ocrx_word' id='word_1_13' title='bbox 223 643 299 724; x_wconf 82' lang='lat' dir='ltr'>tino,</span> <span class='ocrx_word' id='word_1_14' title='bbox 318 640 481 709; x_wconf 78' lang='lat' dir='ltr'>Beniamin</span> <span class='ocrx_word' id='word_1_15' title='bbox 504 639 687 722; x_wconf 63' lang='lat' dir='ltr'>cutellum,</span> <span class='ocrx_word' id='word_1_16' title='bbox 711 639 882 708; x_wconf 79' lang='lat' dir='ltr'>Vincentio</span> <span class='ocrx_word' id='word_1_17' title='bbox 898 639 1140 734; x_wconf 71' lang='lat' dir='ltr'>sniumundo,</span> <span class='ocrx_word' id='word_1_18' title='bbox 1161 638 1352 722; x_wconf 85' lang='lat' dir='ltr'>llnomislao‚</span> <span class='ocrx_word' id='word_1_19' title='bbox 1373 638 1498 706; x_wconf 90' lang='lat' dir='ltr'>ldathia</span> <span class='ocrx_word' id='word_1_20' title='bbox 1525 642 1648 711; x_wconf 88' lang='lat' dir='ltr'>notario</span> <span class='ocrx_word' id='word_1_21' title='bbox 1673 641 1769 712; x_wconf 81' lang='lat' dir='ltr'>nuria</span> 
     </span>
    </p>
   </div>
   <div class='ocr_carea' id='block_1_3' title="bbox 219 843 1849 1237">
    <p class='ocr_par' dir='ltr' id='par_1_3' title="bbox 219 843 1849 1237">
     <span class='ocr_line' id='line_1_4' title="bbox 321 843 1766 934; baseline 0.003 -22"><span class='ocrx_word' id='word_1_22' title='bbox 321 845 474 927; x_wconf 74' lang='lat' dir='ltr'>larnano,</span> <span class='ocrx_word' id='word_1_23' title='bbox 508 850 659 911; x_wconf 65' lang='lat' dir='ltr'>rumoso.</span> <span class='ocrx_word' id='word_1_24' title='bbox 704 844 862 930; x_wconf 72' lang='lat' dir='ltr'>Langona,</span> <span class='ocrx_word' id='word_1_25' title='bbox 888 848 1021 934; x_wconf 67' lang='lat' dir='ltr'>lfporoo.</span> <span class='ocrx_word' id='word_1_26' title='bbox 1065 847 1200 931; x_wconf 76' lang='lat' dir='ltr'>&#39;diesim</span> <span class='ocrx_word' id='word_1_27' title='bbox 1228 851 1364 914; x_wconf 74' lang='lat' dir='ltr'>Rudzira</span> <span class='ocrx_word' id='word_1_28' title='bbox 1409 843 1581 928; x_wconf 66' lang='lat' dir='ltr'>ozensara,</span> <span class='ocrx_word' id='word_1_29' title='bbox 1607 851 1766 916; x_wconf 69' lang='lat' dir='ltr'>Centeno.</span> 
     </span>
     <span class='ocr_line' id='line_1_5' title="bbox 219 939 1849 1032; baseline 0.002 -15"><span class='ocrx_word' id='word_1_30' title='bbox 219 947 401 1030; x_wconf 81' lang='lat' dir='ltr'>Broslsowo,</span> <span class='ocrx_word' id='word_1_31' title='bbox 425 953 620 1015; x_wconf 77' lang='lat' dir='ltr'>Brzortkowo.</span> <span class='ocrx_word' id='word_1_32' title='bbox 665 948 828 1032; x_wconf 72' lang='lat' dir='ltr'>Zirehovq</span> <span class='ocrx_word' id='word_1_33' title='bbox 853 939 985 1017; x_wconf 79' lang='lat' dir='ltr'>Zerlcom.</span> <span class='ocrx_word' id='word_1_34' title='bbox 1030 948 1174 1032; x_wconf 71' lang='lat' dir='ltr'>solmon,</span> <span class='ocrx_word' id='word_1_35' title='bbox 1199 939 1351 1015; x_wconf 71' lang='lat' dir='ltr'>turem.</span> <span class='ocrx_word' id='word_1_36' title='bbox 1388 945 1529 1030; x_wconf 75' lang='lat' dir='ltr'>caelans,</span> <span class='ocrx_word' id='word_1_37' title='bbox 1554 951 1678 1016; x_wconf 73' lang='lat' dir='ltr'>dietata</span> <span class='ocrx_word' id='word_1_38' title='bbox 1706 951 1770 1019; x_wconf 84' lang='lat' dir='ltr'>Mi·</span> <span class='ocrx_word' id='word_1_39' title='bbox 1846 953 1849 959; x_wconf 81' lang='grc'><strong><em>’</em></strong></span> 
     </span>
     <span class='ocr_line' id='line_1_6' title="bbox 220 1049 1770 1136; baseline 0.001 -17"><span class='ocrx_word' id='word_1_40' title='bbox 220 1050 292 1132; x_wconf 87' lang='lat' dir='ltr'>roei,</span> <span class='ocrx_word' id='word_1_41' title='bbox 320 1056 370 1115; x_wconf 77' lang='lat' dir='ltr'>nte</span> <span class='ocrx_word' id='word_1_42' title='bbox 399 1056 597 1132; x_wconf 76' lang='lat' dir='ltr'>odpodnione.</span> <span class='ocrx_word' id='word_1_43' title='bbox 646 1051 818 1133; x_wconf 76' lang='lat' dir='ltr'>Iaroeainq</span> <span class='ocrx_word' id='word_1_44' title='bbox 848 1057 983 1120; x_wconf 68' lang='lat' dir='ltr'>lancos.</span> <span class='ocrx_word' id='word_1_45' title='bbox 1037 1052 1254 1136; x_wconf 56' lang='lat' dir='ltr'>modenana,</span> <span class='ocrx_word' id='word_1_46' title='bbox 1286 1053 1476 1120; x_wconf 74' lang='lat' dir='ltr'>Kononono.</span> <span class='ocrx_word' id='word_1_47' title='bbox 1529 1049 1690 1135; x_wconf 75' lang='lat' dir='ltr'>Mireuinu</span> <span class='ocrx_word' id='word_1_48' title='bbox 1719 1061 1770 1121; x_wconf 81' lang='lat' dir='ltr'>nte</span> 
     </span>
     <span class='ocr_line' id='line_1_7' title="bbox 221 1143 1206 1237; baseline 0.001 -19"><span class='ocrx_word' id='word_1_49' title='bbox 221 1157 417 1234; x_wconf 55' lang='lat' dir='ltr'>&amp;asamona</span> <span class='ocrx_word' id='word_1_50' title='bbox 461 1153 660 1237; x_wconf 83' lang='lat' dir='ltr'>Klonovieze,</span> <span class='ocrx_word' id='word_1_51' title='bbox 683 1158 833 1221; x_wconf 73' lang='lat' dir='ltr'>Ktonono.</span> <span class='ocrx_word' id='word_1_52' title='bbox 878 1154 1006 1237; x_wconf 85' lang='lat' dir='ltr'>Zidovo,</span> <span class='ocrx_word' id='word_1_53' title='bbox 1030 1143 1164 1237; x_wconf 71' lang='lat' dir='ltr'>Zydona</span> <span class='ocrx_word' id='word_1_54' title='bbox 1201 1225 1206 1233; x_wconf 53' lang='grc'>,</span> 
     </span>
    </p>
   </div>
   <div class='ocr_carea' id='block_1_4' title="bbox 890 1447 1183 1538">
    <p class='ocr_par' dir='ltr' id='par_1_4' title="bbox 890 1447 1183 1538">
     <span class='ocr_line' id='line_1_8' title="bbox 890 1447 1183 1538; baseline -0.003 -2"><span class='ocrx_word' id='word_1_55' title='bbox 890 1451 965 1538; x_wconf 83' lang='lat' dir='ltr'>Nr.</span> <span class='ocrx_word' id='word_1_56' title='bbox 997 1447 1097 1538; x_wconf 82' lang='lat'><strong>365.</strong></span> <span class='ocrx_word' id='word_1_57' title='bbox 1180 1459 1183 1465; x_wconf 83' lang='lat'>&#39;</span> 
     </span>
    </p>
   </div>
   <div class='ocr_carea' id='block_1_5' title="bbox 220 1642 1768 1852">
    <p class='ocr_par' dir='ltr' id='par_1_5' title="bbox 220 1642 1768 1852">
     <span class='ocr_line' id='line_1_9' title="bbox 321 1642 1768 1751; baseline 0.007 -23"><span class='ocrx_word' id='word_1_58' title='bbox 321 1642 519 1729; x_wconf 79' lang='lat' dir='ltr'>Eelnrlnus</span> <span class='ocrx_word' id='word_1_59' title='bbox 547 1647 623 1729; x_wconf 89' lang='lat' dir='ltr'>dax</span> <span class='ocrx_word' id='word_1_60' title='bbox 649 1644 768 1731; x_wconf 80' lang='lat' dir='ltr'>Sionis</span> <span class='ocrx_word' id='word_1_61' title='bbox 794 1652 928 1729; x_wconf 74' lang='lat'>1257</span> <span class='ocrx_word' id='word_1_62' title='bbox 961 1647 1044 1731; x_wconf 85' lang='lat' dir='ltr'>lieo.</span> <span class='ocrx_word' id='word_1_63' title='bbox 1069 1653 1115 1743; x_wconf 79' lang='lat'>2,</span> <span class='ocrx_word' id='word_1_64' title='bbox 1139 1647 1406 1751; x_wconf 66' lang='lat' dir='ltr'>wratizlaum</span> <span class='ocrx_word' id='word_1_65' title='bbox 1420 1665 1768 1738; x_wconf 76' lang='lat' dir='ltr'>mnunrtomtmtto</span> 
     </span>
     <span class='ocr_line' id='line_1_10' title="bbox 220 1765 1767 1852; baseline 0.005 -20"><span class='ocrx_word' id='word_1_66' title='bbox 220 1783 419 1850; x_wconf 79' lang='lat' dir='ltr'>remquam</span> <span class='ocrx_word' id='word_1_67' title='bbox 437 1765 581 1850; x_wconf 78' lang='lat' dir='ltr'>Boguszs</span> <span class='ocrx_word' id='word_1_68' title='bbox 600 1771 634 1834; x_wconf 93' lang='lat' dir='ltr'>et</span> <span class='ocrx_word' id='word_1_69' title='bbox 656 1767 784 1850; x_wconf 87' lang='lat' dir='ltr'>Paulus,</span> <span class='ocrx_word' id='word_1_70' title='bbox 806 1767 866 1834; x_wconf 87' lang='lat' dir='ltr'>tilii</span> <span class='ocrx_word' id='word_1_71' title='bbox 886 1767 1044 1852; x_wconf 86' lang='lat' dir='ltr'>quondam</span> <span class='ocrx_word' id='word_1_72' title='bbox 1072 1767 1192 1850; x_wconf 71' lang='lat' dir='ltr'>leai,</span> <span class='ocrx_word' id='word_1_73' title='bbox 1218 1769 1342 1836; x_wconf 83' lang='lat' dir='ltr'>ratione</span> <span class='ocrx_word' id='word_1_74' title='bbox 1364 1769 1477 1836; x_wconf 86' lang='lat' dir='ltr'>osmbii</span> <span class='ocrx_word' id='word_1_75' title='bbox 1505 1776 1540 1836; x_wconf 89' lang='lat' dir='ltr'>et</span> <span class='ocrx_word' id='word_1_76' title='bbox 1567 1771 1767 1840; x_wconf 76' lang='lat' dir='ltr'>redemtionis</span> 
     </span>
    </p>
   </div>
   <div class='ocr_carea' id='block_1_6' title="bbox 88 1866 1532 1940">
    <p class='ocr_par' dir='ltr' id='par_1_6' title="bbox 88 1866 1532 1940">
     <span class='ocr_line' id='line_1_11' title="bbox 88 1866 1532 1940; baseline 0.004 -6"><span class='ocrx_word' id='word_1_77' title='bbox 88 1897 91 1903; x_wconf 93' lang='lat'>·</span> <span class='ocrx_word' id='word_1_78' title='bbox 216 1866 362 1935; x_wconf 72' lang='lat' dir='ltr'>villarum</span> <span class='ocrx_word' id='word_1_79' title='bbox 382 1867 527 1934; x_wconf 84' lang='lat' dir='ltr'>Brunaliz</span> <span class='ocrx_word' id='word_1_80' title='bbox 549 1875 583 1936; x_wconf 94' lang='lat' dir='ltr'>et</span> <span class='ocrx_word' id='word_1_81' title='bbox 600 1867 781 1937; x_wconf 74' lang='lat' dir='ltr'>Sieralrono</span> <span class='ocrx_word' id='word_1_82' title='bbox 802 1888 874 1937; x_wconf 89' lang='lat' dir='ltr'>eum</span> <span class='ocrx_word' id='word_1_83' title='bbox 895 1870 1085 1938; x_wconf 82' lang='lat' dir='ltr'>monastario</span> <span class='ocrx_word' id='word_1_84' title='bbox 1103 1870 1145 1937; x_wconf 91' lang='lat' dir='ltr'>de</span> <span class='ocrx_word' id='word_1_85' title='bbox 1165 1870 1359 1939; x_wconf 86' lang='lat' dir='ltr'>lleinrielrsu</span> <span class='ocrx_word' id='word_1_86' title='bbox 1380 1870 1532 1940; x_wconf 85' lang='lat' dir='ltr'>feserunt.</span> 
     </span>
    </p>
   </div>
   <div class='ocr_carea' id='block_1_7' title="bbox 320 1972 1281 2055">
    <p class='ocr_par' dir='ltr' id='par_1_7' title="bbox 320 1972 1281 2055">
     <span class='ocr_line' id='line_1_12' title="bbox 320 1972 1281 2055; baseline 0.005 -20"><span class='ocrx_word' id='word_1_87' title='bbox 320 1972 450 2047; x_wconf 70' lang='lat' dir='ltr'>mmm</span> <span class='ocrx_word' id='word_1_88' title='bbox 477 1973 539 2037; x_wconf 78' lang='lat' dir='ltr'>no.</span> <span class='ocrx_word' id='word_1_89' title='bbox 558 1975 733 2050; x_wconf 65' lang='lat' dir='ltr'>mauron</span> <span class='ocrx_word' id='word_1_90' title='bbox 756 1977 883 2038; x_wconf 70' lang='lat' dir='ltr'>amoro</span> <span class='ocrx_word' id='word_1_91' title='bbox 904 1977 1099 2055; x_wconf 64' lang='lat' dir='ltr'>namnum,</span> <span class='ocrx_word' id='word_1_92' title='bbox 1123 1993 1200 2054; x_wconf 66' lang='lat' dir='ltr'>pap.</span> <span class='ocrx_word' id='word_1_93' title='bbox 1227 1976 1281 2041; x_wconf 81' lang='lat' dir='ltr'>oo.</span> 
     </span>
    </p>
   </div>
   <div class='ocr_carea' id='block_1_8' title="bbox 214 2173 1766 2672">
    <p class='ocr_par' dir='ltr' id='par_1_8' title="bbox 214 2173 1766 2672">
     <span class='ocr_line' id='line_1_13' title="bbox 226 2173 1766 2265; baseline 0.005 -23"><span class='ocrx_word' id='word_1_94' title='bbox 226 2221 229 2226; x_wconf 87' lang='lat'><em>-</em></span> <span class='ocrx_word' id='word_1_95' title='bbox 316 2173 355 2241; x_wconf 91' lang='lat' dir='ltr'>ln</span> <span class='ocrx_word' id='word_1_96' title='bbox 375 2176 502 2243; x_wconf 91' lang='lat' dir='ltr'>nomine</span> <span class='ocrx_word' id='word_1_97' title='bbox 521 2175 649 2244; x_wconf 84' lang='lat' dir='ltr'>Domini</span> <span class='ocrx_word' id='word_1_98' title='bbox 668 2196 769 2245; x_wconf 85' lang='lat' dir='ltr'>amen</span> <span class='ocrx_word' id='word_1_99' title='bbox 799 2176 879 2260; x_wconf 82' lang='lat' dir='ltr'>Nisi,</span> <span class='ocrx_word' id='word_1_100' title='bbox 902 2177 943 2247; x_wconf 90' lang='lat' dir='ltr'>ob</span> <span class='ocrx_word' id='word_1_101' title='bbox 964 2179 1163 2246; x_wconf 74' lang='lat' dir='ltr'>nonensem</span> <span class='ocrx_word' id='word_1_102' title='bbox 1185 2177 1405 2248; x_wconf 90' lang='lat' dir='ltr'>modernorum</span> <span class='ocrx_word' id='word_1_103' title='bbox 1418 2179 1693 2265; x_wconf 81' lang='lat' dir='ltr'>presumptionem,</span> <span class='ocrx_word' id='word_1_104' title='bbox 1707 2185 1766 2249; x_wconf 81' lang='lat' dir='ltr'>ant</span> 
     </span>
     <span class='ocr_line' id='line_1_14' title="bbox 215 2275 1765 2366; baseline 0.005 -23"><span class='ocrx_word' id='word_1_105' title='bbox 215 2275 341 2360; x_wconf 58' lang='lat' dir='ltr'>vkesnt</span> <span class='ocrx_word' id='word_1_106' title='bbox 360 2295 437 2344; x_wconf 81' lang='lat' dir='ltr'>voce</span> <span class='ocrx_word' id='word_1_107' title='bbox 458 2278 597 2360; x_wconf 78' lang='lat' dir='ltr'>testium,</span> <span class='ocrx_word' id='word_1_108' title='bbox 627 2284 685 2346; x_wconf 86' lang='lat' dir='ltr'>aut</span> <span class='ocrx_word' id='word_1_109' title='bbox 711 2279 892 2347; x_wconf 85' lang='lat' dir='ltr'>testimonio</span> <span class='ocrx_word' id='word_1_110' title='bbox 919 2280 1098 2348; x_wconf 83' lang='lat' dir='ltr'>litterarum</span> <span class='ocrx_word' id='word_1_111' title='bbox 1122 2300 1256 2366; x_wconf 80' lang='lat' dir='ltr'>quemn</span> <span class='ocrx_word' id='word_1_112' title='bbox 1281 2280 1418 2349; x_wconf 78' lang='lat' dir='ltr'>assertio</span> <span class='ocrx_word' id='word_1_113' title='bbox 1445 2281 1548 2348; x_wconf 86' lang='lat' dir='ltr'>nutrit</span> <span class='ocrx_word' id='word_1_114' title='bbox 1571 2283 1765 2366; x_wconf 86' lang='lat' dir='ltr'>memoriam,</span> 
     </span>
     <span class='ocr_line' id='line_1_15' title="bbox 214 2377 1764 2468; baseline 0.005 -23"><span class='ocrx_word' id='word_1_115' title='bbox 214 2377 350 2446; x_wconf 78' lang='lat' dir='ltr'>lneiliter</span> <span class='ocrx_word' id='word_1_116' title='bbox 371 2380 490 2446; x_wconf 86' lang='lat' dir='ltr'>cassari</span> <span class='ocrx_word' id='word_1_117' title='bbox 502 2388 567 2468; x_wconf 80' lang='lat' dir='ltr'>¹asu</span> <span class='ocrx_word' id='word_1_118' title='bbox 588 2380 723 2448; x_wconf 84' lang='lat' dir='ltr'>dedeere</span> <span class='ocrx_word' id='word_1_119' title='bbox 744 2384 894 2465; x_wconf 86' lang='lat' dir='ltr'>poterunt</span> <span class='ocrx_word' id='word_1_120' title='bbox 916 2382 1095 2450; x_wconf 77' lang='lat' dir='ltr'>mortalium</span> <span class='ocrx_word' id='word_1_121' title='bbox 1113 2385 1265 2451; x_wconf 88' lang='lat' dir='ltr'>aetianos.</span> <span class='ocrx_word' id='word_1_122' title='bbox 1308 2382 1410 2468; x_wconf 78' lang='lat' dir='ltr'>Igitur</span> <span class='ocrx_word' id='word_1_123' title='bbox 1429 2400 1489 2451; x_wconf 92' lang='lat' dir='ltr'>nos</span> <span class='ocrx_word' id='word_1_124' title='bbox 1513 2383 1683 2453; x_wconf 87' lang='lat' dir='ltr'>Heinrieas</span> <span class='ocrx_word' id='word_1_125' title='bbox 1703 2385 1764 2454; x_wconf 87' lang='lat' dir='ltr'>Dei</span> 
     </span>
     <span class='ocr_line' id='line_1_16' title="bbox 214 2482 1765 2570; baseline 0.005 -22"><span class='ocrx_word' id='word_1_126' title='bbox 214 2482 322 2566; x_wconf 67' lang='lat' dir='ltr'>mods</span> <span class='ocrx_word' id='word_1_127' title='bbox 341 2482 407 2549; x_wconf 84' lang='lat' dir='ltr'>dur</span> <span class='ocrx_word' id='word_1_128' title='bbox 428 2482 529 2550; x_wconf 85' lang='lat' dir='ltr'>Sleaie</span> <span class='ocrx_word' id='word_1_129' title='bbox 549 2489 765 2568; x_wconf 70' lang='lat' dir='ltr'>protestamur</span> <span class='ocrx_word' id='word_1_130' title='bbox 783 2485 939 2552; x_wconf 81' lang='lat' dir='ltr'>universio</span> <span class='ocrx_word' id='word_1_131' title='bbox 960 2503 1044 2553; x_wconf 91' lang='lat' dir='ltr'>nane</span> <span class='ocrx_word' id='word_1_132' title='bbox 1064 2486 1273 2553; x_wconf 61' lang='lat' dir='ltr'>mandabas</span> <span class='ocrx_word' id='word_1_133' title='bbox 1293 2491 1328 2553; x_wconf 91' lang='lat' dir='ltr'>et</span> <span class='ocrx_word' id='word_1_134' title='bbox 1347 2486 1381 2552; x_wconf 90' lang='lat' dir='ltr'>in</span> <span class='ocrx_word' id='word_1_135' title='bbox 1398 2491 1561 2570; x_wconf 86' lang='lat' dir='ltr'>posterum</span> <span class='ocrx_word' id='word_1_136' title='bbox 1574 2489 1765 2556; x_wconf 71' lang='lat' dir='ltr'>incensurus</span> 
     </span>
     <span class='ocr_line' id='line_1_17' title="bbox 214 2585 1764 2672; baseline 0.003 -19"><span class='ocrx_word' id='word_1_137' title='bbox 214 2603 348 2670; x_wconf 90' lang='lat' dir='ltr'>qnorum</span> <span class='ocrx_word' id='word_1_138' title='bbox 369 2585 532 2653; x_wconf 85' lang='lat' dir='ltr'>andieneie</span> <span class='ocrx_word' id='word_1_139' title='bbox 555 2604 685 2670; x_wconf 79' lang='lat' dir='ltr'>presens</span> <span class='ocrx_word' id='word_1_140' title='bbox 706 2587 860 2672; x_wconf 86' lang='lat' dir='ltr'>seriptum</span> <span class='ocrx_word' id='word_1_141' title='bbox 879 2585 1047 2669; x_wconf 86' lang='lat' dir='ltr'>deleretur,</span> <span class='ocrx_word' id='word_1_142' title='bbox 1076 2586 1162 2671; x_wconf 91' lang='lat' dir='ltr'>quod</span> <span class='ocrx_word' id='word_1_143' title='bbox 1186 2592 1297 2655; x_wconf 76' lang='lat' dir='ltr'>noenu</span> <span class='ocrx_word' id='word_1_144' title='bbox 1322 2587 1356 2654; x_wconf 93' lang='lat' dir='ltr'>in</span> <span class='ocrx_word' id='word_1_145' title='bbox 1379 2589 1543 2672; x_wconf 79' lang='lat' dir='ltr'>presencia</span> <span class='ocrx_word' id='word_1_146' title='bbox 1568 2587 1710 2672; x_wconf 63' lang='lat' dir='ltr'>&amp;garos</span> <span class='ocrx_word' id='word_1_147' title='bbox 1729 2594 1764 2657; x_wconf 88' lang='lat' dir='ltr'>et</span> 
     </span>
    </p>
   </div>
   <div class='ocr_carea' id='block_1_9' title="bbox 216 2684 1872 2775">
    <p class='ocr_par' dir='ltr' id='par_1_9' title="bbox 216 2684 1872 2775">
     <span class='ocr_line' id='line_1_18' title="bbox 216 2684 1872 2775; baseline 0.002 -19"><span class='ocrx_word' id='word_1_148' title='bbox 216 2687 333 2756; x_wconf 80' lang='lat' dir='ltr'>Paulus</span> <span class='ocrx_word' id='word_1_149' title='bbox 354 2688 468 2757; x_wconf 78' lang='lat' dir='ltr'>fratres</span> <span class='ocrx_word' id='word_1_150' title='bbox 489 2690 630 2774; x_wconf 78' lang='lat' dir='ltr'>germani</span> <span class='ocrx_word' id='word_1_151' title='bbox 650 2688 708 2756; x_wconf 90' lang='lat' dir='ltr'>tilii</span> <span class='ocrx_word' id='word_1_152' title='bbox 728 2690 886 2775; x_wconf 86' lang='lat' dir='ltr'>quondam</span> <span class='ocrx_word' id='word_1_153' title='bbox 901 2690 1011 2757; x_wconf 84' lang='lat' dir='ltr'>Rezlai</span> <span class='ocrx_word' id='word_1_154' title='bbox 1024 2688 1065 2757; x_wconf 89' lang='lat' dir='ltr'>de</span> <span class='ocrx_word' id='word_1_155' title='bbox 1077 2688 1235 2770; x_wconf 81' lang='lat' dir='ltr'>Brnoelir,</span> <span class='ocrx_word' id='word_1_156' title='bbox 1254 2684 1441 2757; x_wconf 83' lang='lat' dir='ltr'>dominis&#39;et</span> <span class='ocrx_word' id='word_1_157' title='bbox 1454 2688 1605 2757; x_wconf 73' lang='lat' dir='ltr'>denibus</span> <span class='ocrx_word' id='word_1_158' title='bbox 1618 2691 1653 2758; x_wconf 91' lang='lat' dir='ltr'>in</span> <span class='ocrx_word' id='word_1_159' title='bbox 1665 2689 1765 2760; x_wconf 85' lang='lat' dir='ltr'>Heln-</span> <span class='ocrx_word' id='word_1_160' title='bbox 1870 2712 1872 2717; x_wconf 72' lang='grc'>’</span> 
     </span>
    </p>
   </div>
   <div class='ocr_carea' id='block_1_10' title="bbox 212 2789 1765 3288">
    <p class='ocr_par' dir='ltr' id='par_1_10' title="bbox 212 2789 1765 3288">
     <span class='ocr_line' id='line_1_19' title="bbox 212 2789 1762 2878; baseline 0.003 -20"><span class='ocrx_word' id='word_1_161' title='bbox 212 2789 347 2858; x_wconf 74' lang='lat' dir='ltr'>riebm</span> <span class='ocrx_word' id='word_1_162' title='bbox 368 2789 576 2859; x_wconf 83' lang='lat' dir='ltr'>hereditatem</span> <span class='ocrx_word' id='word_1_163' title='bbox 597 2793 631 2859; x_wconf 91' lang='lat' dir='ltr'>in</span> <span class='ocrx_word' id='word_1_164' title='bbox 651 2791 798 2860; x_wconf 85' lang='lat' dir='ltr'>Bruealiz</span> <span class='ocrx_word' id='word_1_165' title='bbox 819 2793 1021 2876; x_wconf 70' lang='lat' dir='ltr'>migrarunt</span> <span class='ocrx_word' id='word_1_166' title='bbox 1041 2798 1107 2860; x_wconf 85' lang='lat' dir='ltr'>tres</span> <span class='ocrx_word' id='word_1_167' title='bbox 1128 2810 1255 2860; x_wconf 91' lang='lat' dir='ltr'>mansos</span> <span class='ocrx_word' id='word_1_168' title='bbox 1275 2811 1389 2877; x_wconf 80' lang='lat' dir='ltr'>porros</span> <span class='ocrx_word' id='word_1_169' title='bbox 1408 2792 1630 2875; x_wconf 81' lang='lat' dir='ltr'>continentem,</span> <span class='ocrx_word' id='word_1_170' title='bbox 1651 2794 1707 2878; x_wconf 93' lang='lat' dir='ltr'>qui</span> <span class='ocrx_word' id='word_1_171' title='bbox 1719 2793 1762 2862; x_wconf 86' lang='lat' dir='ltr'>sd</span> 
     </span>
     <span class='ocr_line' id='line_1_20' title="bbox 213 2893 1764 2981; baseline 0.003 -22"><span class='ocrx_word' id='word_1_172' title='bbox 213 2893 299 2978; x_wconf 89' lang='lat' dir='ltr'>ipsos</span> <span class='ocrx_word' id='word_1_173' title='bbox 317 2893 387 2961; x_wconf 91' lang='lat' dir='ltr'>iure</span> <span class='ocrx_word' id='word_1_174' title='bbox 407 2895 590 2977; x_wconf 87' lang='lat' dir='ltr'>patrimonii</span> <span class='ocrx_word' id='word_1_175' title='bbox 610 2896 802 2963; x_wconf 83' lang='lat' dir='ltr'>devenerant</span> <span class='ocrx_word' id='word_1_176' title='bbox 822 2896 1006 2978; x_wconf 84' lang='lat' dir='ltr'>sueeessive,</span> <span class='ocrx_word' id='word_1_177' title='bbox 1029 2895 1164 2963; x_wconf 89' lang='lat' dir='ltr'>dominis</span> <span class='ocrx_word' id='word_1_178' title='bbox 1184 2893 1338 2962; x_wconf 83' lang='lat' dir='ltr'>frutribus</span> <span class='ocrx_word' id='word_1_179' title='bbox 1358 2895 1462 2981; x_wconf 89' lang='lat' dir='ltr'>primo</span> <span class='ocrx_word' id='word_1_180' title='bbox 1482 2893 1576 2963; x_wconf 87' lang='lat' dir='ltr'>dietis</span> <span class='ocrx_word' id='word_1_181' title='bbox 1590 2896 1659 2964; x_wconf 90' lang='lat' dir='ltr'>iure</span> <span class='ocrx_word' id='word_1_182' title='bbox 1672 2895 1764 2964; x_wconf 84' lang='lat' dir='ltr'>bern·</span> 
     </span>
     <span class='ocr_line' id='line_1_21' title="bbox 215 2995 1765 3083; baseline 0.001 -20"><span class='ocrx_word' id='word_1_183' title='bbox 215 2995 331 3064; x_wconf 80' lang='lat' dir='ltr'>ditatio</span> <span class='ocrx_word' id='word_1_184' title='bbox 352 3001 504 3080; x_wconf 90' lang='lat' dir='ltr'>perpetuo</span> <span class='ocrx_word' id='word_1_185' title='bbox 526 2997 739 3080; x_wconf 85' lang='lat' dir='ltr'>possidendos,</span> <span class='ocrx_word' id='word_1_186' title='bbox 761 2998 847 3066; x_wconf 90' lang='lat' dir='ltr'>omni</span> <span class='ocrx_word' id='word_1_187' title='bbox 868 2998 1088 3065; x_wconf 90' lang='lat' dir='ltr'>immutatione</span> <span class='ocrx_word' id='word_1_188' title='bbox 1108 3002 1251 3064; x_wconf 76' lang='lat' dir='ltr'>oemsnte</span> <span class='ocrx_word' id='word_1_189' title='bbox 1272 3015 1335 3080; x_wconf 91' lang='lat' dir='ltr'>que</span> <span class='ocrx_word' id='word_1_190' title='bbox 1356 2997 1389 3064; x_wconf 92' lang='lat' dir='ltr'>in</span> <span class='ocrx_word' id='word_1_191' title='bbox 1412 3001 1575 3081; x_wconf 83' lang='lat' dir='ltr'>posterum</span> <span class='ocrx_word' id='word_1_192' title='bbox 1601 3015 1658 3082; x_wconf 84' lang='lat' dir='ltr'>per</span> <span class='ocrx_word' id='word_1_193' title='bbox 1678 2998 1765 3083; x_wconf 87' lang='lat' dir='ltr'>ipsos</span> 
     </span>
     <span class='ocr_line' id='line_1_22' title="bbox 213 3096 1765 3184; baseline 0.002 -18"><span class='ocrx_word' id='word_1_194' title='bbox 213 3096 264 3166; x_wconf 85' lang='lat' dir='ltr'>rel</span> <span class='ocrx_word' id='word_1_195' title='bbox 284 3096 400 3166; x_wconf 90' lang='lat' dir='ltr'>liberos</span> <span class='ocrx_word' id='word_1_196' title='bbox 421 3117 530 3166; x_wconf 89' lang='lat' dir='ltr'>eorum</span> <span class='ocrx_word' id='word_1_197' title='bbox 551 3105 659 3183; x_wconf 91' lang='lat' dir='ltr'>posset</span> <span class='ocrx_word' id='word_1_198' title='bbox 680 3100 804 3167; x_wconf 81' lang='lat' dir='ltr'>evenire</span> <span class='ocrx_word' id='word_1_199' title='bbox 824 3099 874 3167; x_wconf 80' lang='lat' dir='ltr'>vel</span> <span class='ocrx_word' id='word_1_200' title='bbox 889 3100 1138 3184; x_wconf 78' lang='lat' dir='ltr'>eonsanguinoos</span> <span class='ocrx_word' id='word_1_201' title='bbox 1152 3099 1394 3184; x_wconf 80' lang='lat' dir='ltr'>quolesesrnqne</span> <span class='ocrx_word' id='word_1_202' title='bbox 1423 3098 1473 3166; x_wconf 91' lang='lat' dir='ltr'>Ob</span> <span class='ocrx_word' id='word_1_203' title='bbox 1487 3099 1642 3168; x_wconf 86' lang='lat' dir='ltr'>enmbium</span> <span class='ocrx_word' id='word_1_204' title='bbox 1655 3106 1765 3169; x_wconf 81' lang='lat' dir='ltr'>antem</span> 
     </span>
     <span class='ocr_line' id='line_1_23' title="bbox 214 3200 1764 3288; baseline 0.001 -19"><span class='ocrx_word' id='word_1_205' title='bbox 214 3205 249 3269; x_wconf 89' lang='lat' dir='ltr'>et</span> <span class='ocrx_word' id='word_1_206' title='bbox 267 3206 447 3269; x_wconf 66' lang='lat' dir='ltr'>sesmarum</span> <span class='ocrx_word' id='word_1_207' title='bbox 468 3200 653 3270; x_wconf 86' lang='lat' dir='ltr'>hereditatis</span> <span class='ocrx_word' id='word_1_208' title='bbox 674 3203 709 3269; x_wconf 93' lang='lat' dir='ltr'>in</span> <span class='ocrx_word' id='word_1_209' title='bbox 729 3202 891 3285; x_wconf 87' lang='lat' dir='ltr'>Brulrnliz‚</span> <span class='ocrx_word' id='word_1_210' title='bbox 916 3203 1033 3271; x_wconf 70' lang='lat' dir='ltr'>iratroe</span> <span class='ocrx_word' id='word_1_211' title='bbox 1059 3201 1194 3288; x_wconf 85' lang='lat' dir='ltr'>predicti</span> <span class='ocrx_word' id='word_1_212' title='bbox 1215 3201 1249 3269; x_wconf 91' lang='lat' dir='ltr'>in</span> <span class='ocrx_word' id='word_1_213' title='bbox 1270 3200 1403 3269; x_wconf 84' lang='lat' dir='ltr'>Palosis</span> <span class='ocrx_word' id='word_1_214' title='bbox 1432 3202 1466 3269; x_wconf 91' lang='lat' dir='ltr'>ia</span> <span class='ocrx_word' id='word_1_215' title='bbox 1491 3201 1568 3269; x_wconf 83' lang='lat' dir='ltr'>villa</span> <span class='ocrx_word' id='word_1_216' title='bbox 1588 3220 1650 3287; x_wconf 91' lang='lat' dir='ltr'>que</span> <span class='ocrx_word' id='word_1_217' title='bbox 1677 3201 1764 3270; x_wconf 68' lang='lat' dir='ltr'>Sira</span> 
     </span>
    </p>
   </div>
   <div class='ocr_carea' id='block_1_11' title="bbox 111 3303 1763 3391">
    <p class='ocr_par' dir='ltr' id='par_1_11' title="bbox 111 3303 1763 3391">
     <span class='ocr_line' id='line_1_24' title="bbox 111 3303 1763 3391; baseline -0.001 -16"><span class='ocrx_word' id='word_1_218' title='bbox 111 3369 113 3375; x_wconf 76' lang='grc'>,</span> <span class='ocrx_word' id='word_1_219' title='bbox 214 3320 290 3371; x_wconf 82' lang='lat' dir='ltr'>earo</span> <span class='ocrx_word' id='word_1_220' title='bbox 310 3310 511 3389; x_wconf 82' lang='lat' dir='ltr'>nuncupatur</span> <span class='ocrx_word' id='word_1_221' title='bbox 531 3311 607 3373; x_wconf 87' lang='lat' dir='ltr'>ants</span> <span class='ocrx_word' id='word_1_222' title='bbox 624 3305 719 3373; x_wconf 88' lang='lat' dir='ltr'>dietis</span> <span class='ocrx_word' id='word_1_223' title='bbox 739 3306 777 3373; x_wconf 91' lang='lat' dir='ltr'>B.</span> <span class='ocrx_word' id='word_1_224' title='bbox 800 3310 833 3373; x_wconf 90' lang='lat' dir='ltr'>et</span> <span class='ocrx_word' id='word_1_225' title='bbox 853 3305 888 3374; x_wconf 91' lang='lat' dir='ltr'>P.</span> <span class='ocrx_word' id='word_1_226' title='bbox 911 3323 1037 3374; x_wconf 91' lang='lat' dir='ltr'>mansos</span> <span class='ocrx_word' id='word_1_227' title='bbox 1059 3305 1192 3374; x_wconf 87' lang='lat' dir='ltr'>totidem</span> <span class='ocrx_word' id='word_1_228' title='bbox 1211 3305 1414 3389; x_wconf 74' lang='lat' dir='ltr'>asdguarunt</span> <span class='ocrx_word' id='word_1_229' title='bbox 1433 3304 1501 3373; x_wconf 88' lang='lat' dir='ltr'>eius</span> <span class='ocrx_word' id='word_1_230' title='bbox 1521 3303 1603 3391; x_wconf 83' lang='lat' dir='ltr'>(sie),</span> <span class='ocrx_word' id='word_1_231' title='bbox 1624 3307 1693 3373; x_wconf 91' lang='lat' dir='ltr'>inre</span> <span class='ocrx_word' id='word_1_232' title='bbox 1706 3305 1763 3374; x_wconf 88' lang='lat' dir='ltr'>be·</span> 
     </span>
    </p>
   </div>
   <div class='ocr_carea' id='block_1_12' title="bbox 212 3405 1839 5029">
    <p class='ocr_par' dir='ltr' id='par_1_12' title="bbox 212 3405 1839 5029">
     <span class='ocr_line' id='line_1_25' title="bbox 213 3405 1763 3495; baseline 0.001 -21"><span class='ocrx_word' id='word_1_233' title='bbox 213 3407 364 3476; x_wconf 77' lang='lat' dir='ltr'>mditario</span> <span class='ocrx_word' id='word_1_234' title='bbox 382 3408 595 3493; x_wconf 83' lang='lat' dir='ltr'>possidendos.</span> <span class='ocrx_word' id='word_1_235' title='bbox 639 3409 724 3490; x_wconf 78' lang='lat' dir='ltr'>Quos</span> <span class='ocrx_word' id='word_1_236' title='bbox 750 3428 821 3477; x_wconf 89' lang='lat' dir='ltr'>eum</span> <span class='ocrx_word' id='word_1_237' title='bbox 847 3420 908 3494; x_wconf 86' lang='lat' dir='ltr'>per¹</span> <span class='ocrx_word' id='word_1_238' title='bbox 933 3416 1058 3495; x_wconf 87' lang='lat' dir='ltr'>tempus</span> <span class='ocrx_word' id='word_1_239' title='bbox 1086 3407 1215 3493; x_wconf 85' lang='lat' dir='ltr'>aliquod</span> <span class='ocrx_word' id='word_1_240' title='bbox 1246 3405 1400 3474; x_wconf 77' lang='lat' dir='ltr'>haberem</span> <span class='ocrx_word' id='word_1_241' title='bbox 1419 3405 1453 3473; x_wconf 91' lang='lat' dir='ltr'>in</span> <span class='ocrx_word' id='word_1_242' title='bbox 1471 3408 1667 3491; x_wconf 86' lang='lat' dir='ltr'>possessione</span> <span class='ocrx_word' id='word_1_243' title='bbox 1687 3408 1763 3494; x_wconf 78' lang='lat' dir='ltr'>legi-</span> 
     </span>
     <span class='ocr_line' id='line_1_26' title="bbox 214 3507 1762 3596; baseline 0 -18"><span class='ocrx_word' id='word_1_244' title='bbox 214 3511 301 3592; x_wconf 73' lang='lat' dir='ltr'>dnus,</span> <span class='ocrx_word' id='word_1_245' title='bbox 323 3512 451 3594; x_wconf 91' lang='lat' dir='ltr'>proprio</span> <span class='ocrx_word' id='word_1_246' title='bbox 472 3517 560 3578; x_wconf 91' lang='lat' dir='ltr'>motu</span> <span class='ocrx_word' id='word_1_247' title='bbox 578 3510 699 3578; x_wconf 92' lang='lat' dir='ltr'>indueti</span> <span class='ocrx_word' id='word_1_248' title='bbox 718 3511 928 3578; x_wconf 79' lang='lat' dir='ltr'>vendiderant</span> <span class='ocrx_word' id='word_1_249' title='bbox 947 3531 1006 3596; x_wconf 92' lang='lat' dir='ltr'>pro</span> <span class='ocrx_word' id='word_1_250' title='bbox 1026 3509 1166 3579; x_wconf 78' lang='lat' dir='ltr'>xxvm</span> <span class='ocrx_word' id='word_1_251' title='bbox 1186 3509 1301 3579; x_wconf 86' lang='lat' dir='ltr'>mareis</span> <span class='ocrx_word' id='word_1_252' title='bbox 1326 3508 1456 3594; x_wconf 75' lang='lat' dir='ltr'>argenti</span> <span class='ocrx_word' id='word_1_253' title='bbox 1475 3507 1627 3577; x_wconf 78' lang='lat' dir='ltr'>fratribus</span> <span class='ocrx_word' id='word_1_254' title='bbox 1656 3510 1762 3595; x_wconf 91' lang='lat' dir='ltr'>sepius</span> 
     </span>
     <span class='ocr_line' id='line_1_27' title="bbox 213 3608 1762 3697; baseline -0.001 -17"><span class='ocrx_word' id='word_1_255' title='bbox 213 3613 404 3695; x_wconf 81' lang='lat' dir='ltr'>memoratis,</span> <span class='ocrx_word' id='word_1_256' title='bbox 423 3612 557 3680; x_wconf 90' lang='lat' dir='ltr'>dominis</span> <span class='ocrx_word' id='word_1_257' title='bbox 578 3632 696 3694; x_wconf 86' lang='lat' dir='ltr'>eorum,</span> <span class='ocrx_word' id='word_1_258' title='bbox 717 3613 787 3681; x_wconf 91' lang='lat' dir='ltr'>iure</span> <span class='ocrx_word' id='word_1_259' title='bbox 807 3608 999 3681; x_wconf 76' lang='lat' dir='ltr'>hereditario</span> <span class='ocrx_word' id='word_1_260' title='bbox 1027 3611 1245 3697; x_wconf 75' lang='lat' dir='ltr'>possidendos:</span> <span class='ocrx_word' id='word_1_261' title='bbox 1270 3610 1330 3678; x_wconf 86' lang='lat' dir='ltr'>teli</span> <span class='ocrx_word' id='word_1_262' title='bbox 1354 3610 1544 3694; x_wconf 86' lang='lat' dir='ltr'>interposita</span> <span class='ocrx_word' id='word_1_263' title='bbox 1571 3610 1762 3696; x_wconf 78' lang='lat' dir='ltr'>conditione,</span> 
     </span>
     <span class='ocr_line' id='line_1_28' title="bbox 214 3711 1759 3804; baseline 0.001 -23"><span class='ocrx_word' id='word_1_264' title='bbox 214 3714 297 3798; x_wconf 89' lang='lat' dir='ltr'>quad</span> <span class='ocrx_word' id='word_1_265' title='bbox 317 3715 345 3781; x_wconf 91' lang='lat' dir='ltr'>si</span> <span class='ocrx_word' id='word_1_266' title='bbox 365 3714 477 3783; x_wconf 87' lang='lat' dir='ltr'>eedem</span> <span class='ocrx_word' id='word_1_267' title='bbox 498 3714 582 3783; x_wconf 89' lang='lat' dir='ltr'>bona</span> <span class='ocrx_word' id='word_1_268' title='bbox 601 3714 755 3782; x_wconf 89' lang='lat' dir='ltr'>redimere</span> <span class='ocrx_word' id='word_1_269' title='bbox 771 3714 930 3782; x_wconf 85' lang='lat' dir='ltr'>voluerint</span> <span class='ocrx_word' id='word_1_270' title='bbox 950 3714 989 3781; x_wconf 91' lang='grc' dir='ltr'>Β.</span> <span class='ocrx_word' id='word_1_271' title='bbox 1012 3721 1046 3782; x_wconf 90' lang='lat' dir='ltr'>et</span> <span class='ocrx_word' id='word_1_272' title='bbox 1063 3713 1114 3796; x_wconf 89' lang='lat' dir='ltr'>P.‚</span> <span class='ocrx_word' id='word_1_273' title='bbox 1136 3717 1287 3797; x_wconf 87' lang='lat' dir='ltr'>poterunt</span> <span class='ocrx_word' id='word_1_274' title='bbox 1307 3712 1341 3780; x_wconf 93' lang='lat' dir='ltr'>in</span> <span class='ocrx_word' id='word_1_275' title='bbox 1362 3711 1479 3804; x_wconf 82' lang='lat' dir='ltr'>futuro,</span> <span class='ocrx_word' id='word_1_276' title='bbox 1500 3712 1646 3782; x_wconf 78' lang='lat' dir='ltr'>videlieet</span> <span class='ocrx_word' id='word_1_277' title='bbox 1671 3732 1759 3782; x_wconf 85' lang='lat' dir='ltr'>man·</span> 
     </span>
     <span class='ocr_line' id='line_1_29' title="bbox 214 3815 1762 3902; baseline 0 -17"><span class='ocrx_word' id='word_1_278' title='bbox 214 3834 264 3885; x_wconf 90' lang='lat' dir='ltr'>sos</span> <span class='ocrx_word' id='word_1_279' title='bbox 284 3817 409 3886; x_wconf 85' lang='lat' dir='ltr'>habitos</span> <span class='ocrx_word' id='word_1_280' title='bbox 430 3818 464 3885; x_wconf 91' lang='lat' dir='ltr'>in</span> <span class='ocrx_word' id='word_1_281' title='bbox 485 3817 625 3901; x_wconf 76' lang='lat' dir='ltr'>Paionia,</span> <span class='ocrx_word' id='word_1_282' title='bbox 645 3837 708 3885; x_wconf 92' lang='lat' dir='ltr'>non</span> <span class='ocrx_word' id='word_1_283' title='bbox 728 3823 836 3885; x_wconf 88' lang='lat' dir='ltr'>eutem</span> <span class='ocrx_word' id='word_1_284' title='bbox 855 3819 994 3902; x_wconf 89' lang='lat' dir='ltr'>ipsorum</span> <span class='ocrx_word' id='word_1_285' title='bbox 1019 3816 1110 3884; x_wconf 89' lang='lat' dir='ltr'>liberi</span> <span class='ocrx_word' id='word_1_286' title='bbox 1138 3816 1189 3884; x_wconf 79' lang='lat' dir='ltr'>rel</span> <span class='ocrx_word' id='word_1_287' title='bbox 1211 3815 1332 3898; x_wconf 82' lang='lat' dir='ltr'>affines,</span> <span class='ocrx_word' id='word_1_288' title='bbox 1359 3815 1569 3900; x_wconf 83' lang='lat' dir='ltr'>qualicunque</span> <span class='ocrx_word' id='word_1_289' title='bbox 1596 3835 1671 3884; x_wconf 87' lang='lat' dir='ltr'>nasu</span> <span class='ocrx_word' id='word_1_290' title='bbox 1695 3836 1762 3885; x_wconf 90' lang='lat' dir='ltr'>me·</span> 
     </span>
     <span class='ocr_line' id='line_1_30' title="bbox 215 3917 1815 4005; baseline 0 -19"><span class='ocrx_word' id='word_1_291' title='bbox 215 3918 328 3988; x_wconf 82' lang='lat' dir='ltr'>disnte</span> <span class='ocrx_word' id='word_1_292' title='bbox 372 3920 463 3987; x_wconf 89' lang='lat' dir='ltr'>Bona</span> <span class='ocrx_word' id='word_1_293' title='bbox 489 3928 595 3988; x_wconf 90' lang='lat' dir='ltr'>autem</span> <span class='ocrx_word' id='word_1_294' title='bbox 623 3921 656 3987; x_wconf 91' lang='lat' dir='ltr'>in</span> <span class='ocrx_word' id='word_1_295' title='bbox 684 3921 840 4002; x_wconf 88' lang='lat' dir='ltr'>Bruealiz‚</span> <span class='ocrx_word' id='word_1_296' title='bbox 870 3939 928 3987; x_wconf 89' lang='lat' dir='ltr'>neo</span> <span class='ocrx_word' id='word_1_297' title='bbox 954 3920 1015 4005; x_wconf 89' lang='lat' dir='ltr'>ipsi</span> <span class='ocrx_word' id='word_1_298' title='bbox 1043 3939 1099 3987; x_wconf 92' lang='lat' dir='ltr'>seu</span> <span class='ocrx_word' id='word_1_299' title='bbox 1129 3920 1269 4005; x_wconf 89' lang='lat' dir='ltr'>ipsorum</span> <span class='ocrx_word' id='word_1_300' title='bbox 1298 3917 1430 3985; x_wconf 88' lang='lat' dir='ltr'>heredes</span> <span class='ocrx_word' id='word_1_301' title='bbox 1455 3918 1506 3986; x_wconf 85' lang='lat' dir='ltr'>vel</span> <span class='ocrx_word' id='word_1_302' title='bbox 1541 3919 1761 4004; x_wconf 75' lang='lat' dir='ltr'>oonsaugninei</span> <span class='ocrx_word' id='word_1_303' title='bbox 1813 3930 1815 3933; x_wconf 80' lang='grc'>’</span> 
     </span>
     <span class='ocr_line' id='line_1_31' title="bbox 216 4021 1760 4108; baseline -0.001 -18"><span class='ocrx_word' id='word_1_304' title='bbox 216 4022 448 4107; x_wconf 79' lang='lat' dir='ltr'>qualescunque</span> <span class='ocrx_word' id='word_1_305' title='bbox 469 4022 621 4090; x_wconf 90' lang='lat' dir='ltr'>redimere</span> <span class='ocrx_word' id='word_1_306' title='bbox 640 4029 791 4108; x_wconf 86' lang='lat' dir='ltr'>poterunt</span> <span class='ocrx_word' id='word_1_307' title='bbox 812 4023 844 4089; x_wconf 92' lang='lat' dir='ltr'>in</span> <span class='ocrx_word' id='word_1_308' title='bbox 867 4022 984 4105; x_wconf 84' lang='lat' dir='ltr'>futuro,</span> <span class='ocrx_word' id='word_1_309' title='bbox 1008 4022 1150 4108; x_wconf 91' lang='lat' dir='ltr'>quolibet</span> <span class='ocrx_word' id='word_1_310' title='bbox 1176 4021 1312 4090; x_wconf 82' lang='lat' dir='ltr'>artiequ</span> <span class='ocrx_word' id='word_1_311' title='bbox 1342 4027 1536 4105; x_wconf 79' lang='lat' dir='ltr'>emergente3</span> <span class='ocrx_word' id='word_1_312' title='bbox 1565 4021 1621 4088; x_wconf 88' lang='lat' dir='ltr'>sed</span> <span class='ocrx_word' id='word_1_313' title='bbox 1648 4021 1760 4090; x_wconf 89' lang='lat' dir='ltr'>domus</span> 
     </span>
     <span class='ocr_line' id='line_1_32' title="bbox 214 4122 1761 4210; baseline 0 -18"><span class='ocrx_word' id='word_1_314' title='bbox 214 4125 316 4210; x_wconf 85' lang='lat' dir='ltr'>sepius</span> <span class='ocrx_word' id='word_1_315' title='bbox 337 4125 500 4193; x_wconf 90' lang='lat' dir='ltr'>nominata</span> <span class='ocrx_word' id='word_1_316' title='bbox 529 4125 637 4193; x_wconf 86' lang='lat' dir='ltr'>eedem</span> <span class='ocrx_word' id='word_1_317' title='bbox 662 4125 839 4194; x_wconf 81' lang='lat' dir='ltr'>boneium</span> <span class='ocrx_word' id='word_1_318' title='bbox 868 4125 1059 4193; x_wconf 85' lang='lat' dir='ltr'>hereditario</span> <span class='ocrx_word' id='word_1_319' title='bbox 1092 4123 1249 4191; x_wconf 89' lang='lat' dir='ltr'>obtinebit</span> <span class='ocrx_word' id='word_1_320' title='bbox 1277 4128 1429 4207; x_wconf 91' lang='lat' dir='ltr'>perpetuo</span> <span class='ocrx_word' id='word_1_321' title='bbox 1455 4141 1526 4189; x_wconf 89' lang='lat' dir='ltr'>eum</span> <span class='ocrx_word' id='word_1_322' title='bbox 1552 4123 1667 4206; x_wconf 81' lang='lat' dir='ltr'>qrdete.</span> <span class='ocrx_word' id='word_1_323' title='bbox 1710 4122 1761 4192; x_wconf 86' lang='lat' dir='ltr'>Ne</span> 
     </span>
     <span class='ocr_line' id='line_1_33' title="bbox 214 4224 1760 4313; baseline -0.001 -17"><span class='ocrx_word' id='word_1_324' title='bbox 214 4225 308 4311; x_wconf 75' lang='lat' dir='ltr'>igitur</span> <span class='ocrx_word' id='word_1_325' title='bbox 325 4235 456 4313; x_wconf 87' lang='lat' dir='ltr'>propter</span> <span class='ocrx_word' id='word_1_326' title='bbox 478 4229 711 4312; x_wconf 82' lang='lat' dir='ltr'>inexpertorum</span> <span class='ocrx_word' id='word_1_327' title='bbox 732 4227 972 4309; x_wconf 81' lang='lat' dir='ltr'>dubitationem,</span> <span class='ocrx_word' id='word_1_328' title='bbox 995 4227 1224 4294; x_wconf 87' lang='lat' dir='ltr'>ordinationem</span> <span class='ocrx_word' id='word_1_329' title='bbox 1242 4243 1348 4293; x_wconf 85' lang='lat' dir='ltr'>eornm</span> <span class='ocrx_word' id='word_1_330' title='bbox 1371 4224 1462 4291; x_wconf 91' lang='lat' dir='ltr'>nobis</span> <span class='ocrx_word' id='word_1_331' title='bbox 1486 4224 1660 4294; x_wconf 88' lang='lat' dir='ltr'>stabilitam</span> <span class='ocrx_word' id='word_1_332' title='bbox 1686 4245 1760 4295; x_wconf 90' lang='lat' dir='ltr'>oon·</span> 
     </span>
     <span class='ocr_line' id='line_1_34' title="bbox 215 4327 1839 4415; baseline 0.001 -21"><span class='ocrx_word' id='word_1_333' title='bbox 215 4328 316 4414; x_wconf 79' lang='lat' dir='ltr'>tingat</span> <span class='ocrx_word' id='word_1_334' title='bbox 336 4331 369 4397; x_wconf 91' lang='lat' dir='ltr'>in</span> <span class='ocrx_word' id='word_1_335' title='bbox 392 4338 552 4415; x_wconf 87' lang='lat' dir='ltr'>posterum</span> <span class='ocrx_word' id='word_1_336' title='bbox 573 4329 684 4397; x_wconf 86' lang='lat' dir='ltr'>frivole</span> <span class='ocrx_word' id='word_1_337' title='bbox 707 4330 856 4412; x_wconf 74' lang='lat' dir='ltr'>rnrooen,</span> <span class='ocrx_word' id='word_1_338' title='bbox 884 4348 1014 4415; x_wconf 90' lang='lat' dir='ltr'>presens</span> <span class='ocrx_word' id='word_1_339' title='bbox 1043 4331 1195 4412; x_wconf 84' lang='lat' dir='ltr'>seriptum</span> <span class='ocrx_word' id='word_1_340' title='bbox 1228 4327 1324 4412; x_wconf 77' lang='lat' dir='ltr'>sigilli</span> <span class='ocrx_word' id='word_1_341' title='bbox 1347 4327 1449 4393; x_wconf 89' lang='lat' dir='ltr'>nostri</span> <span class='ocrx_word' id='word_1_342' title='bbox 1474 4327 1588 4395; x_wconf 89' lang='lat' dir='ltr'>robore</span> <span class='ocrx_word' id='word_1_343' title='bbox 1614 4327 1759 4395; x_wconf 84' lang='lat' dir='ltr'>duximus</span> <span class='ocrx_word' id='word_1_344' title='bbox 1835 4338 1839 4345; x_wconf 83' lang='grc'><em>’</em></span> 
     </span>
     <span class='ocr_line' id='line_1_35' title="bbox 213 4428 1759 4512; baseline -0.001 -15"><span class='ocrx_word' id='word_1_345' title='bbox 213 4431 423 4500; x_wconf 84' lang='lat' dir='ltr'>muniendum.</span> <span class='ocrx_word' id='word_1_346' title='bbox 477 4433 559 4500; x_wconf 82' lang='lat' dir='ltr'>Aeta</span> <span class='ocrx_word' id='word_1_347' title='bbox 594 4437 670 4498; x_wconf 92' lang='lat' dir='ltr'>sunt</span> <span class='ocrx_word' id='word_1_348' title='bbox 701 4430 760 4499; x_wconf 87' lang='lat' dir='ltr'>bea</span> <span class='ocrx_word' id='word_1_349' title='bbox 791 4430 996 4500; x_wconf 78' lang='lat' dir='ltr'>wratizlavie</span> <span class='ocrx_word' id='word_1_350' title='bbox 1033 4431 1189 4500; x_wconf 85' lang='lat' dir='ltr'>dominius</span> <span class='ocrx_word' id='word_1_351' title='bbox 1219 4429 1270 4496; x_wconf 75' lang='lat' dir='ltr'>Ad</span> <span class='ocrx_word' id='word_1_352' title='bbox 1303 4434 1337 4496; x_wconf 87' lang='lat' dir='ltr'>te</span> <span class='ocrx_word' id='word_1_353' title='bbox 1367 4428 1479 4512; x_wconf 78' lang='lat' dir='ltr'>levavi,</span> <span class='ocrx_word' id='word_1_354' title='bbox 1514 4448 1598 4497; x_wconf 84' lang='lat' dir='ltr'>anno</span> <span class='ocrx_word' id='word_1_355' title='bbox 1632 4428 1759 4496; x_wconf 85' lang='lat' dir='ltr'>Domini</span> 
     </span>
     <span class='ocr_line' id='line_1_36' title="bbox 213 4529 1759 4619; baseline 0 -20"><span class='ocrx_word' id='word_1_356' title='bbox 213 4529 617 4619; x_wconf 64' lang='lat' dir='ltr'>recumpensatione</span> <span class='ocrx_word' id='word_1_357' title='bbox 638 4534 714 4601; x_wconf 89' lang='lat' dir='ltr'>hiis:</span> <span class='ocrx_word' id='word_1_358' title='bbox 736 4537 851 4602; x_wconf 89' lang='lat' dir='ltr'>eomite</span> <span class='ocrx_word' id='word_1_359' title='bbox 872 4534 1012 4601; x_wconf 88' lang='lat' dir='ltr'>Iohanne</span> <span class='ocrx_word' id='word_1_360' title='bbox 1033 4533 1204 4601; x_wconf 78' lang='lat' dir='ltr'>castellano</span> <span class='ocrx_word' id='word_1_361' title='bbox 1222 4531 1263 4598; x_wconf 79' lang='lat' dir='ltr'>sle</span> <span class='ocrx_word' id='word_1_362' title='bbox 1279 4531 1394 4612; x_wconf 76' lang='lat' dir='ltr'>lienem</span> <span class='ocrx_word' id='word_1_363' title='bbox 1415 4532 1530 4598; x_wconf 82' lang='lat' dir='ltr'>annuite</span> <span class='ocrx_word' id='word_1_364' title='bbox 1543 4530 1698 4598; x_wconf 85' lang='lat' dir='ltr'>Micbaele</span> <span class='ocrx_word' id='word_1_365' title='bbox 1711 4530 1759 4599; x_wconf 90' lang='lat' dir='ltr'>iu·</span> 
     </span>
     <span class='ocr_line' id='line_1_37' title="bbox 214 4632 1760 4720; baseline -0.003 -15"><span class='ocrx_word' id='word_1_366' title='bbox 214 4632 290 4718; x_wconf 68' lang='lat' dir='ltr'>(liae,</span> <span class='ocrx_word' id='word_1_367' title='bbox 311 4637 464 4720; x_wconf 77' lang='lat' dir='ltr'>magistro</span> <span class='ocrx_word' id='word_1_368' title='bbox 487 4636 637 4719; x_wconf 79' lang='lat' dir='ltr'>Gaurion,</span> <span class='ocrx_word' id='word_1_369' title='bbox 657 4637 772 4705; x_wconf 84' lang='lat' dir='ltr'>comite</span> <span class='ocrx_word' id='word_1_370' title='bbox 792 4637 931 4705; x_wconf 85' lang='lat' dir='ltr'>Sulizlao</span> <span class='ocrx_word' id='word_1_371' title='bbox 952 4637 1059 4705; x_wconf 78' lang='lat' dir='ltr'>Reuek</span> <span class='ocrx_word' id='word_1_372' title='bbox 1081 4655 1152 4704; x_wconf 86' lang='lat' dir='ltr'>euru</span> <span class='ocrx_word' id='word_1_373' title='bbox 1174 4634 1289 4702; x_wconf 88' lang='lat' dir='ltr'>eomito</span> <span class='ocrx_word' id='word_1_374' title='bbox 1317 4632 1473 4701; x_wconf 87' lang='lat' dir='ltr'>Mielraele</span> <span class='ocrx_word' id='word_1_375' title='bbox 1498 4633 1704 4702; x_wconf 82' lang='lat' dir='ltr'>Dslebornria</span> <span class='ocrx_word' id='word_1_376' title='bbox 1725 4640 1760 4701; x_wconf 91' lang='lat' dir='ltr'>et</span> 
     </span>
     <span class='ocr_line' id='line_1_38' title="bbox 215 4735 1759 4824; baseline -0.001 -18"><span class='ocrx_word' id='word_1_377' title='bbox 215 4736 340 4806; x_wconf 74' lang='lat' dir='ltr'>snum</span> <span class='ocrx_word' id='word_1_378' title='bbox 362 4736 519 4823; x_wconf 78' lang='lat' dir='ltr'>liugouia,</span> <span class='ocrx_word' id='word_1_379' title='bbox 534 4739 588 4823; x_wconf 93' lang='lat' dir='ltr'>qui</span> <span class='ocrx_word' id='word_1_380' title='bbox 603 4745 823 4823; x_wconf 89' lang='lat' dir='ltr'>procuratores</span> <span class='ocrx_word' id='word_1_381' title='bbox 838 4740 932 4806; x_wconf 90' lang='lat' dir='ltr'>buius</span> <span class='ocrx_word' id='word_1_382' title='bbox 946 4739 1067 4824; x_wconf 80' lang='lat' dir='ltr'>negodi</span> <span class='ocrx_word' id='word_1_383' title='bbox 1082 4737 1287 4817; x_wconf 79' lang='lat' dir='ltr'>exstiterunt3</span> <span class='ocrx_word' id='word_1_384' title='bbox 1308 4735 1349 4802; x_wconf 90' lang='lat' dir='ltr'>de</span> <span class='ocrx_word' id='word_1_385' title='bbox 1362 4735 1572 4804; x_wconf 72' lang='lat' dir='ltr'>sewieatibus</span> <span class='ocrx_word' id='word_1_386' title='bbox 1585 4755 1659 4805; x_wconf 80' lang='lat' dir='ltr'>vero</span> <span class='ocrx_word' id='word_1_387' title='bbox 1672 4735 1759 4804; x_wconf 84' lang='lat' dir='ltr'>Hen-</span> 
     </span>
     <span class='ocr_line' id='line_1_39' title="bbox 212 4836 1758 4926; baseline -0.001 -19"><span class='ocrx_word' id='word_1_388' title='bbox 212 4855 287 4907; x_wconf 76' lang='lat' dir='ltr'>sone</span> <span class='ocrx_word' id='word_1_389' title='bbox 307 4839 380 4908; x_wconf 85' lang='lat' dir='ltr'>lilio.</span> <span class='ocrx_word' id='word_1_390' title='bbox 394 4839 486 4922; x_wconf 86' lang='lat' dir='ltr'>Yllei,</span> <span class='ocrx_word' id='word_1_391' title='bbox 508 4841 652 4926; x_wconf 73' lang='lat' dir='ltr'>Symnne</span> <span class='ocrx_word' id='word_1_392' title='bbox 676 4841 799 4925; x_wconf 66' lang='lat' dir='ltr'>Epidio,</span> <span class='ocrx_word' id='word_1_393' title='bbox 821 4841 929 4923; x_wconf 75' lang='lat' dir='ltr'>Iueha,</span> <span class='ocrx_word' id='word_1_394' title='bbox 951 4840 1113 4922; x_wconf 80' lang='lat' dir='ltr'>Parasino,</span> <span class='ocrx_word' id='word_1_395' title='bbox 1133 4837 1268 4920; x_wconf 74' lang='lat' dir='ltr'>Solesizt,</span> <span class='ocrx_word' id='word_1_396' title='bbox 1290 4836 1451 4907; x_wconf 70' lang='lat' dir='ltr'>Stanidw</span> <span class='ocrx_word' id='word_1_397' title='bbox 1472 4838 1710 4907; x_wconf 86' lang='lat' dir='ltr'>subkamerario</span> <span class='ocrx_word' id='word_1_398' title='bbox 1723 4844 1758 4906; x_wconf 89' lang='lat' dir='ltr'>et</span> 
     </span>
     <span class='ocr_line' id='line_1_40' title="bbox 213 4939 1681 5029; baseline -0.001 -20"><span class='ocrx_word' id='word_1_399' title='bbox 213 4939 282 5008; x_wconf 80' lang='lat' dir='ltr'>slils</span> <span class='ocrx_word' id='word_1_400' title='bbox 301 4960 398 5027; x_wconf 84' lang='lat' dir='ltr'>quam</span> <span class='ocrx_word' id='word_1_401' title='bbox 420 4942 573 5027; x_wconf 89' lang='lat' dir='ltr'>pluribus.</span> <span class='ocrx_word' id='word_1_402' title='bbox 616 4943 735 5011; x_wconf 87' lang='lat' dir='ltr'>Datum</span> <span class='ocrx_word' id='word_1_403' title='bbox 757 4963 815 5029; x_wconf 91' lang='lat' dir='ltr'>per</span> <span class='ocrx_word' id='word_1_404' title='bbox 835 4963 962 5011; x_wconf 90' lang='lat' dir='ltr'>manum</span> <span class='ocrx_word' id='word_1_405' title='bbox 983 4942 1101 5010; x_wconf 91' lang='lat' dir='ltr'>domini</span> <span class='ocrx_word' id='word_1_406' title='bbox 1123 4939 1252 5008; x_wconf 89' lang='lat' dir='ltr'>Ottanis</span> <span class='ocrx_word' id='word_1_407' title='bbox 1274 4941 1360 5008; x_wconf 85' lang='lat' dir='ltr'>eurio</span> <span class='ocrx_word' id='word_1_408' title='bbox 1381 4948 1489 5009; x_wconf 88' lang='lat' dir='ltr'>nostre</span> <span class='ocrx_word' id='word_1_409' title='bbox 1509 4941 1681 5024; x_wconf 83' lang='lat' dir='ltr'>seripturis</span> 
     </span>
    </p>
   </div>
   <div class='ocr_carea' id='block_1_13' title="bbox 215 5110 1757 5341">
    <p class='ocr_par' dir='ltr' id='par_1_13' title="bbox 215 5110 1757 5341">
     <span class='ocr_line' id='line_1_41' title="bbox 304 5110 1757 5234; baseline -0.003 -17"><span class='ocrx_word' id='word_1_410' title='bbox 304 5110 472 5226; x_wconf 22' lang='lat' dir='ltr'>&#39;Brnnslim</span> <span class='ocrx_word' id='word_1_411' title='bbox 492 5149 619 5229; x_wconf 71' lang='lat' dir='ltr'>nieodyl</span> <span class='ocrx_word' id='word_1_412' title='bbox 639 5154 734 5214; x_wconf 71' lang='lat' dir='ltr'>auda</span> <span class='ocrx_word' id='word_1_413' title='bbox 752 5170 787 5232; x_wconf 83' lang='lat' dir='ltr'>p.</span> <span class='ocrx_word' id='word_1_414' title='bbox 802 5170 839 5215; x_wconf 83' lang='lat' dir='ltr'>m.</span> <span class='ocrx_word' id='word_1_415' title='bbox 858 5151 1070 5229; x_wconf 74' lang='lat' dir='ltr'>Manoterberp</span> <span class='ocrx_word' id='word_1_416' title='bbox 1084 5167 1126 5213; x_wconf 86' lang='lat' dir='ltr'>nu</span> <span class='ocrx_word' id='word_1_417' title='bbox 1143 5149 1284 5234; x_wconf 63' lang='lat' dir='ltr'>szopzsn.</span> <span class='ocrx_word' id='word_1_418' title='bbox 1312 5143 1541 5226; x_wconf 73' lang='lat' dir='ltr'>Heinrielrowe</span> <span class='ocrx_word' id='word_1_419' title='bbox 1564 5148 1757 5212; x_wconf 66' lang='lat' dir='ltr'>licinium</span> 
     </span>
     <span class='ocr_line' id='line_1_42' title="bbox 215 5243 1757 5341; baseline 0.003 -28"><span class='ocrx_word' id='word_1_420' title='bbox 215 5243 366 5334; x_wconf 73' lang='lat' dir='ltr'>Sinum,</span> <span class='ocrx_word' id='word_1_421' title='bbox 391 5253 569 5318; x_wconf 73' lang='lat' dir='ltr'>Sirrulono.</span> <span class='ocrx_word' id='word_1_422' title='bbox 615 5252 729 5335; x_wconf 61' lang='lat' dir='ltr'>meets,</span> <span class='ocrx_word' id='word_1_423' title='bbox 752 5254 879 5334; x_wconf 75' lang='lat' dir='ltr'>rdepripoi</span> <span class='ocrx_word' id='word_1_424' title='bbox 900 5256 1006 5317; x_wconf 79' lang='lat' dir='ltr'>zwuek</span> <span class='ocrx_word' id='word_1_425' title='bbox 1031 5255 1096 5315; x_wconf 80' lang='lat' dir='ltr'>oud</span> <span class='ocrx_word' id='word_1_426' title='bbox 1120 5273 1166 5317; x_wconf 78' lang='lat' dir='ltr'>rz.</span> <span class='ocrx_word' id='word_1_427' title='bbox 1203 5253 1297 5333; x_wconf 72' lang='lat' dir='ltr'>Odon,</span> <span class='ocrx_word' id='word_1_428' title='bbox 1315 5271 1350 5332; x_wconf 80' lang='lat' dir='ltr'>p.</span> <span class='ocrx_word' id='word_1_429' title='bbox 1372 5270 1409 5316; x_wconf 86' lang='lat' dir='ltr'>nr.</span> <span class='ocrx_word' id='word_1_430' title='bbox 1434 5253 1534 5328; x_wconf 67' lang='lat' dir='ltr'>meep</span> <span class='ocrx_word' id='word_1_431' title='bbox 1554 5271 1595 5313; x_wconf 84' lang='lat' dir='ltr'>nu</span> <span class='ocrx_word' id='word_1_432' title='bbox 1617 5251 1757 5341; x_wconf 72' lang='lat' dir='ltr'>srtpzta.</span> 
     </span>
    </p>
   </div>
   <div class='ocr_carea' id='block_1_14' title="bbox 0 0 2242 6180">
    <p class='ocr_par' dir='ltr' id='par_1_14' title="bbox 0 0 2242 6180">
     <span class='ocr_line' id='line_1_43' title="bbox 0 0 2242 6180; baseline 0 4"><span class='ocrx_word' id='word_1_433' title='bbox 0 0 2242 6180; x_wconf 95' lang='lat' dir='ltr'> </span> 
     </span>
    </p>
   </div>
  </div>
 </body>
</html>
