4860 6180
545 453 620 528 ele
762 532 766 539 ,

544 661 645 725 totam
665 655 873 724 hereditatem
892 656 1021 724 minoris
1042 656 1174 737 Dobree,
1197 654 1355 740 Podgorze
1375 655 1422 724 sic
1443 659 1665 739 nuncupatam,
1690 672 1752 737 que
1774 658 1850 720 tunc
1871 651 1977 720 decem
1999 671 2088 721 man·
2198 725 2202 732 ,

544 779 597 829 sos
618 760 686 844 apri
704 761 738 826 in
760 779 793 826 se
819 761 959 827 continet
987 764 1082 844 prout
1109 759 1210 826 nostri
1236 759 1337 827 mansi
1363 758 1569 826 consumunitor
1596 764 1832 824 mensurantur:
1862 775 1917 822 sex
1943 755 2088 823 videlieet

545 863 804 951 possessiouatos,
826 863 859 929 in
881 863 994 947 quibus
1010 863 1147 942 ‚ecclesio
1165 865 1266 931 sancti
1288 862 1445 930 Gothardi
1468 861 1612 928 consistit
1640 860 1820 930 collacionis
1843 858 1957 945 prelati
1977 858 2088 926 militis

545 969 656 1048 nostri,
678 985 786 1034 versus
808 973 946 1035 castrum
967 967 1135 1051 antiquum
1157 967 1294 1033 civitatis
1312 985 1346 1032 se
1368 965 1581 1046 extendentes,
1603 983 1674 1032 cum
1695 964 1796 1048 pratis
1811 962 1955 1030 omnibus
1968 967 2003 1030 et
2016 961 2089 1028 her·

545 1070 589 1138 tis
609 1069 650 1138 ad
671 1070 796 1139 eosdem
817 1089 943 1138 mansos
964 1070 1212 1155 pcrtinentibus:
1235 1078 1268 1137 ct
1288 1077 1425 1154 quatuor
1449 1069 1603 1154 preliales
1625 1087 1721 1153 penes
1744 1067 1869 1148 coslem
1896 1067 2034 1133 iacentes
2056 1070 2090 1132 et

545 1191 585 1241 ex
602 1173 704 1241 altera
721 1181 812 1258 purte
834 1191 929 1256 penes
949 1189 1041 1256 agros
1063 1172 1248 1240 beralitatis
1269 1181 1387 1255 nostre,
1406 1171 1486 1239 allas
1508 1173 1637 1239 minoris
1651 1170 1803 1252 Dobrcze,
1825 1169 1993 1237 locaciouis
2007 1168 2089 1236 Her·

546 1275 622 1345 dani
642 1275 770 1346 sculteti
792 1274 903 1356 nostri,
925 1294 996 1342 cum
1017 1274 1162 1342 omnibus
1183 1276 1284 1343 hortis
1305 1281 1339 1343 et
1360 1276 1461 1360 pratis
1482 1275 1523 1342 ad
1538 1275 1663 1343 eosdem
1678 1273 1894 1359 spectantibus
1909 1291 1948 1340 en
1962 1272 2091 1357 speciali

545 1382 653 1468 mucia
672 1385 783 1448 nostra
802 1378 1053 1464 approbavimus,
1076 1379 1285 1464 approbamus
1307 1386 1340 1447 et
1362 1378 1590 1446 confirmamus.
1634 1377 1679 1445 m
1699 1378 1774 1462 qnia
1800 1376 1963 1445 occasione
1990 1381 2092 1444 certe·

546 1503 617 1552 rum
638 1501 818 1551 mansorum
840 1489 873 1550 et
886 1483 1049 1550 hortorum
1064 1481 1203 1550 eiusdem
1217 1482 1402 1550 hereditatis
1417 1482 1547 1548 minoris
1561 1480 1712 1562 Dobreze,
1727 1479 1888 1564 Podgorre
1901 1484 2091 1564 unumpate,

546 1589 631 1656 inter
651 1587 784 1655 eundem
805 1585 1011 1654 Iaschlconem
1040 1586 1172 1654 militem
1200 1592 1397 1654 nostramet
1426 1585 1608 1653 Herdanum
1636 1584 1806 1651 scultetum
1830 1589 1984 1665 nostrum,
2013 1581 2093 1649 alias

546 1690 676 1760 mineris
695 1690 847 1774 Dobrcze,
868 1689 1048 1758 differentia
1076 1709 1181 1758 coram
1211 1691 1302 1758 nobis
1330 1695 1440 1758 morta
1466 1687 1541 1757 fnit:
1573 1689 1627 1774 qui
1654 1689 1808 1756 scultetus
1830 1691 1939 1755 noster
1966 1686 2093 1754 eosdem

547 1811 673 1863 manses
690 1793 845 1879 prediales
866 1800 901 1863 et
921 1793 1030 1861 hortos
1055 1793 1139 1860 dicte
1167 1792 1352 1860 hereditatis
1378 1793 1508 1859 minoris
1534 1790 1686 1873 Dobrcae,
1715 1790 1874 1874 Podgorze
1902 1794 2093 1874 nuncupate,

548 1897 590 1966 ad
609 1897 817 1966 hereditatem
834 1902 986 1980 nostram,
1005 1895 1085 1964 alias
1106 1896 1236 1963 minoris
1257 1895 1398 1963 Dobrcae
1423 1894 1591 1963 loeacionis
1616 1913 1682 1977 sue,
1711 1895 1870 1980 pertinere
1895 1891 2092 1960 affirmabat:

548 2018 607 2069 nos
624 2000 823 2086 complanare
841 1999 1036 2068 differendas
1057 1998 1208 2080 volentes,
1238 2005 1272 2067 ct
1292 1999 1425 2068 enodem
1455 1999 1587 2066 militem
1609 2005 1752 2066 nocuum
1781 1997 1870 2064 iuxta
1890 1997 2094 2065 domdomm

549 2103 649 2189 ipsius
670 2121 854 2172 conservare
876 2109 910 2171 et
930 2102 1062 2170 eundem
1084 2102 1119 2168 in
1139 2102 1224 2169 dicta
1244 2101 1419 2171 hereditate
1441 2121 1634 2184 conservare,
1659 2100 1797 2188 prelatos
1811 2100 1991 2168 octodecem
2005 2119 2094 2167 man·

549 2224 602 2275 sos
623 2206 707 2276 dicte
727 2207 912 2275 hereditatis
933 2206 1062 2274 minoris
1083 2205 1234 2288 Dobrcre,
1253 2206 1337 2274 dicte
1355 2206 1525 2290 Podgorze,
1547 2225 1626 2290 quos
1648 2224 1748 2291 usque
1768 2224 1852 2272 nnnc
1880 2206 1950 2272 iure
1970 2203 2094 2272 heredi·

551 2310 635 2379 tario
653 2316 752 2393 tenet,
771 2311 877 2396 vigore
898 2309 1019 2396 pretate
1040 2308 1221 2376 donacionis
1242 2308 1342 2375 eidem
1366 2308 1461 2375 militi
1486 2315 1596 2376 nostro
1613 2327 1652 2377 ιο
1673 2309 1741 2376 cius
1767 2308 1949 2393 posteritati
1970 2307 2039 2375 iure
2061 2312 2095 2374 et

549 2413 644 2481 b'tulo
664 2411 856 2480 hereditario
872 2419 1024 2497 perpetue
1046 2411 1212 2478 nuendum
1233 2411 1414 2493 adiecimus,
1436 2413 1625 2480 contudimus
1646 2419 1680 2481 et
1693 2413 1948 2481 adiudieavimua
1992 2410 2037 2478 Et
2057 2417 2096 2478 ut

549 2516 658 2601 mauu
674 2515 811 2584 uberiori
832 2515 957 2583 anobis
979 2514 1158 2583 consoletur
1178 2513 1219 2581 ob
1236 2513 1328 2582 fidele
1349 2517 1515 2584 servicium
1537 2535 1628 2584 suum
1649 2517 1734 2602 quod
1755 2516 1847 2584 nobis
1864 2515 1939 2583 tecit
1951 2521 2096 2600 tempore

550 2619 748 2688 noeoesitatis
768 2624 885 2701 nostre,
904 2618 1016 2704 viginti
1034 2637 1132 2686 unum
1153 2617 1263 2686 hortos
1284 2618 1409 2702 liberm,
1430 2620 1579 2704 integros,
1600 2619 1777 2705 incipiendo
1791 2638 1831 2688 ex
1844 2618 1989 2705 opposito
2003 2637 2096 2704 agro·

549 2739 621 2791 rum
642 2722 828 2808 predialium
849 2720 1016 2791 aflnmiae
1036 2722 1175 2791 Pnosna
1195 2741 1295 2808 usquc
1315 2723 1356 2790 ad
1375 2721 1470 2791 linem
1488 2724 1658 2792 eorundem
1671 2723 1845 2806 hortorum,
1868 2722 1971 2790 eundo
1984 2721 2025 2788 ad
2038 2739 2095 2790 ne·

548 2830 650 2894 stram
670 2826 829 2894 cirinum
850 2844 931 2893 nova
950 2825 1042 2894 Kalis
1060 2826 1101 2893 ad
1120 2845 1249 2894 menum
1269 2826 1412 2893 dextram
1433 2845 1469 2894 se
1486 2827 1720 2912 protendentes,
1742 2826 1897 2912 usquead
1910 2843 2017 2909 sepem
2031 2843 2096 2909 quo

549 2947 681 3015 peccora
701 2928 863 3014 pelluntur
883 2928 924 2997 ad
946 2927 1094 2997 bilariam
1122 2948 1231 2998 versus
1257 2930 1404 2998 nltimam
1432 2938 1561 3016 pontem
1589 2932 1727 2999 civitatis
1753 2936 1861 2998 nostre
1886 2929 1986 2998 Kalis
2028 2927 2096 2997 Nec

548 3049 613 3100 nen
633 3031 737 3101 lacum
758 3033 814 3117 qni
835 3050 874 3099 er
894 3029 989 3100 fluvio
1009 3031 1120 3116 effluit,
1143 3040 1176 3101 et
1196 3033 1279 3118 quod
1301 3039 1351 3101 est
1363 3039 1438 3119 post
1451 3033 1577 3102 eosdem
1590 3033 1709 3116 hortos,
1723 3032 1870 3101 videlicet
1883 3034 1990 3101 omnia
2002 3039 2096 3119 prata

399 3105 431 3159 ’·
549 3139 623 3220 post
643 3135 767 3204 eosdem
789 3133 898 3203 hortos
919 3135 1055 3203 tacenda
1075 3135 1238 3220 usquead
1259 3135 1335 3202 burs
1356 3135 1433 3202 dicti
1455 3134 1592 3204 fluminis
1614 3137 1761 3218 Pmosna,
1784 3137 1840 3221 qni
1861 3136 1992 3205 eaodem
2005 3136 2096 3204 here·

549 3236 682 3306 (litatem
702 3238 897 3324 grauitiabit
941 3238 1062 3323 Inque
1085 3238 1247 3306 damasci
1270 3240 1392 3306 eteius
1417 3239 1552 3324 posteris
1580 3239 1710 3307 liberam
1740 3240 1879 3325 piscandi
1904 3244 2096 3326 potestatem

549 3341 670 3409 retibus
690 3360 729 3410 ιο
750 3340 968 3408 instrumentis
989 3341 1104 3408 diversi
1124 3341 1257 3425 generis,
1279 3343 1473 3426 temporibus
1487 3343 1645 3411 evitemis.
1675 3343 1808 3428 Insuper
1828 3348 1863 3411 et
1883 3341 2096 3413 molendinum

552 3449 705 3527 noemam,
725 3444 810 3528 quod
831 3442 893 3511 fuit
913 3444 1043 3528 nonque
1063 3443 1200 3511 civitatis
1220 3445 1254 3510 in
1275 3441 1403 3512 flumine
1421 3445 1569 3529 Przosna,
1592 3464 1664 3514 cnm
1684 3446 1806 3530 piscina
1832 3447 1867 3512 in
1887 3465 1953 3530 qna
1976 3445 2096 3515 molen·

550 3545 659 3615 dinnm
680 3552 730 3615 est
751 3552 975 3630 constructum,
997 3564 1061 3613 una
1081 3565 1153 3614 eum
1174 3545 1278 3614 insula
1299 3545 1423 3615 Ostrea
1443 3548 1539 3631 dicta,
1569 3567 1640 3616 cum
1661 3548 1806 3616 omnibus
1827 3548 1911 3616 dicte
1939 3548 2097 3616 heredita·

549 3649 592 3718 tis
612 3650 786 3733 hortorum,
812 3650 901 3718 lacus
922 3656 956 3717 et
981 3655 1143 3735 pratorum
1168 3667 1207 3717 ιο
1227 3649 1345 3734 piscine
1370 3650 1573 3734 utilitatibus,
1595 3651 1763 3734 bucdbus,
1793 3652 1947 3735 censibus,
1977 3652 2096 3720 emolu·

549 3753 675 3836 munds,
696 3753 899 3839 proventibus
918 3770 980 3836 qne
1000 3770 1084 3820 nunc
1105 3751 1149 3819 ibi
1164 3757 1240 3819 sunt
1253 3758 1287 3820 et
1300 3753 1333 3819 in
1347 3759 1509 3838 posterum
1525 3756 1665 3840 poterint
1678 3755 1852 3840 pruvenire,
1874 3755 1976 3823 eidem
1990 3754 2097 3823 Imcb·

549 3853 626 3924 koui
645 3874 684 3924 ιο
701 3857 769 3924 eiua
789 3854 1025 3923 suecessoribus
1041 3855 1110 3923 iure
1131 3872 1169 3922 ιο
1189 3853 1283 3921 titulo
1306 3855 1497 3924 hereditario
1512 3863 1665 3942 perpetuo
1678 3858 1834 3926 ediximus
1849 3865 1882 3925 et
1896 3859 2095 3942 contudimus,

548 3957 661 4028 damus
681 3965 715 4026 et
737 3959 876 4026 eviteme
894 3957 1087 4040 donavimus,
1107 3975 1145 4025 ac
1166 3944 1431 4026 emensuravimus
1452 3958 1493 4026 ab
1514 3964 1548 4026 et
1576 3977 1615 4027 ex
1646 3959 1822 4028 hereditate
1844 3966 1956 4029 nostra
1982 3962 2098 4029 minori

548 4060 700 4144 Dobrcze,
723 4067 756 4129 et
777 4060 1000 4144 adscripsimus
1021 4065 1055 4127 et
1071 4060 1337 4143 incorporavimus
1359 4068 1511 4146 perpetue
1530 4059 1699 4130 hereditati
1719 4060 1797 4130 dicti
1819 4063 1929 4130 militis
1949 4064 2050 4131 nostri
2063 4069 2098 4132 ct

551 4163 645 4245 certis
663 4163 817 4231 limitibus
839 4163 1099 4248 consignavimus,
1122 4181 1255 4246 querum
1278 4164 1347 4231 loca
1367 4170 1498 4248 propter
1519 4171 1702 4250 perpetuam
1725 4166 1908 4233 memoriam
1935 4171 1969 4233 et
1989 4166 2097 4234 dilecti

549 4266 661 4334 militis
681 4268 783 4335 nostri
804 4267 1005 4335 securitatem
1026 4265 1078 4333 iric
1100 4266 1253 4334 conscribi
1275 4264 1414 4347 iedmm,
1437 4266 1561 4350 prelato
1580 4268 1673 4335 militi
1695 4275 1804 4336 nostro
1827 4287 1865 4334 ac
1878 4269 1945 4334 eius
1964 4268 2097 4353 posteri·

550 4371 610 4438 tati
632 4376 784 4456 unquam
803 4377 955 4455 perpetuo
975 4368 1085 4437 heredi
1106 4369 1140 4435 in
1162 4389 1253 4436 evum
1275 4370 1380 4437 omnia
1407 4369 1663 4453 adiudicavimus,
1686 4378 1720 4440 ct
1740 4372 1927 4457 imponendo
1948 4371 2097 4439 Herulnoo

550 4475 686 4543 sculteto
706 4482 815 4543 nostro
836 4472 998 4541 silcncium
1020 4478 1216 4556 perpetuum,
1239 4492 1309 4541 cum
1331 4475 1428 4558 pleno
1449 4474 1601 4542 facultate
1622 4477 1776 4560 prefatam
1797 4475 2005 4543 hereditatem
2026 4494 2097 4543 cum

552 4572 698 4645 omnibns
717 4579 758 4646 ad
779 4596 848 4644 enm
871 4574 1100 4660 pertinentibus
1121 4595 1208 4643 more
1230 4577 1363 4645 aliorum
1384 4578 1537 4645 nobilium
1558 4581 1693 4646 militnm
1716 4579 1896 4647 nostrbrum
1919 4580 2097 4663 tenendam,

550 4681 754 4764 vendendam,
777 4681 1005 4767 possidendam,
1029 4681 1290 4764 commutandum,
1313 4682 1520 4765 alienandum,
1547 4689 1604 4751 aut
1623 4702 1681 4767 pro
1700 4702 1844 4767 usuque
1870 4683 2005 4750 voluerit
2024 4702 2098 4750 con-

550 4786 742 4853 vertendam.
786 4784 933 4852 Facimus
952 4784 1080 4866 insuper
1100 4783 1233 4850 liberum
1254 4789 1287 4850 ct
1318 4785 1489 4851 exemimus
1513 4785 1554 4852 ab
1580 4785 1778 4853 iuridictione
1799 4792 1833 4851 et
1854 4786 1938 4852 omni
1967 4786 2036 4852 inre
2053 4785 2098 4854 ci·

550 4885 605 4952 vili
628 4904 691 4970 qne
713 4885 796 4953 cives
819 4885 920 4952 nostri
941 4889 1083 4966 utuntur,
1105 4884 1152 4950 ita
1175 4890 1290 4966 tanuen,
1313 4892 1350 4953 ut
1370 4887 1412 4953 ab
1433 4889 1517 4954 omni
1540 4890 1704 4956 exaccione
1727 4896 1760 4956 ct
1773 4887 1932 4955 solucione
1950 4888 2099 4956 Poloniea

551 4988 785 5073 quomodolibet
805 4989 982 5073 cnopinata,
1004 5006 1099 5054 vacca
1120 4993 1152 5053 ct
1174 4989 1324 5071 vectione,
1342 4994 1376 5055 et
1397 5010 1417 5057 a
1439 4992 1556 5057 nostris
1586 4992 1753 5059 ordinariis
1782 4998 1815 5058 ct
1841 4989 2097 5058 extraordinariis

551 5091 691 5159 serviciis
712 5091 768 5159 liat
790 5092 869 5159 liber
890 5097 923 5159 ct
941 5097 1090 5181 perpetuo
1112 5089 1290 5174 absolutum
1309 5100 1438 5178 excepto
1461 5095 1591 5162 servicio
1613 5095 1734 5178 bellico,
1757 5094 1841 5180 quod
1863 5114 1950 5161 more
1964 5094 2098 5162 aluum

553 5194 698 5261 villarum
720 5194 802 5261 Novi
822 5194 882 5261 ieri
905 5194 1020 5260 militas
1042 5193 1143 5259 nostri
1165 5195 1282 5262 semim
1302 5202 1459 5279 tenentur,
1482 5197 1566 5280 qnod
1586 5200 1652 5283 lpse
1674 5217 1760 5265 moro
1782 5199 1915 5267 ndiomrn
1931 5198 2036 5265 subire
2051 5204 2098 5266 tc·

553 5296 687 5364 nubitur.
733 5298 779 5366 Ut
800 5306 906 5365 autem
926 5298 1066 5382 prolutus
1088 5297 1222 5364 lascliko
1243 5306 1277 5365 ct
1296 5318 1354 5366 svin
1376 5303 1545 5386 posteritas
1568 5302 1684 5368 «lictum
1711 5303 1916 5369 lrorelitntcm
1946 5301 2098 5368 minuerem

553 5396 838 5485 subruebantur
857 5402 1025 5487 Podgoruc,
1054 5420 1115 5484 que
1136 5409 1284 5470 anostra
1313 5404 1377 5471 alia
1401 5406 1522 5472 urirume
1553 5405 1694 5474 Debrcuc
1720 5413 1769 5473 est
1794 5412 1950 5490 separata,
1978 5405 2099 5491 hortos,
