4860 6180
1100 563 1175 651 ΝΥ.
1207 559 1308 651 349.

536 763 746 869 capitulum
772 761 920 845 ooalosio
948 760 1147 845 lnomons.
1173 764 1309 842 1257
1334 757 1442 841 liant
1461 763 1543 855 24,
1559 758 1603 841 in
1620 757 1808 862 Gnosium
1826 787 1978 864 penso.

431 890 494 967 tur,
516 884 710 953 sedecimas
730 882 866 950 suns-de
886 881 962 949 villu
983 881 1171 967 Wyszakow
1193 880 1316 948 dedisse
1345 879 1539 948 monastario
1566 879 1608 947 de
1636 878 1741 947 Lubiu
1769 898 1829 965 pro
1856 882 1980 961 decimis

432 988 503 1058 eius
524 986 661 1056 lievilla
682 983 868 1069 Opotowlro.

536 1089 677 1169 Penas.
700 1092 820 1169 omnia.
846 1090 975 1151 Ilsiurlri
996 1090 1038 1151 od
1052 1092 1291 1167 przpnteozeaiu
1313 1083 1415 1151 aaut
1433 1089 1580 1172 pieozfct.
1704 1092 1706 1097 '

536 1190 673 1261 Poma.
696 1192 861 1255 Bibliotelru
883 1189 1053 1271 ltnozprirlr.
1082 1192 1222 1270 llipim
1250 1192 1285 1256 B.
1308 1191 1338 1254 9.
1360 1224 1404 1238 -
1426 1187 1609 1271 Maenali,
1636 1189 1706 1254 eod.
1728 1189 1852 1268 diplom.
1874 1194 1978 1267 nator.

434 1297 772 1374 Polon.(l'uoaimi1e.)

533 1496 572 1566 In
592 1498 719 1566 nomine
741 1496 867 1565 Domini
881 1496 983 1563 nostri
997 1495 1091 1563 ihesu
1111 1494 1232 1564 cbristi
1255 1515 1357 1563 nmen
1391 1495 1546 1576 Quoniam
1565 1496 1669 1564 saneti
1689 1501 1808 1580 potres,
1831 1497 1980 1583 plurimun

430 1602 465 1670 in
485 1601 628 1670 Ecclesia
648 1600 709 1668 Dei
730 1620 788 1685 pro
809 1600 947 1667 eiusdem
970 1599 1098 1667 comodo
1113 1606 1147 1667 et
1165 1600 1273 1684 quiete
1287 1604 1464 1667 statuentes
1479 1599 1667 1681 sanctiones,
1681 1598 1768 1666 inter
1781 1605 1903 1670 oeteras
1915 1623 1982 1688 por.

430 1705 621 1773 mutationes
639 1703 739 1772 eciam
761 1703 898 1771 decimas
920 1703 1049 1771 ecclesie
1070 1721 1141 1770 enm
1160 1704 1259 1770 mam
1280 1703 1419 1770 looorum
1435 1709 1661 1787 ettempomm
1682 1701 1838 1786 qualitate
1848 1706 1982 1787 qurum
2132 1754 2135 1759 >

432 1813 465 1876 ta
477 1807 551 1894 (sio)
564 1807 763 1876 considerata
776 1807 950 1891 perinutmi
965 1811 1195 1888 oonoesserunt,
1209 1824 1268 1873 nos
1282 1806 1476 1874 Gneenensis
1488 1805 1620 1873 ecclesie
1639 1804 1821 1889 Capitulum
1833 1805 1983 1878 tissimum

431 1909 472 1979 de
492 1910 570 1980 silla
589 1910 747 1978 Visaohor
774 1914 883 1976 nostin
914 1906 1061 1992 capitulo
1090 1908 1303 1993 pertinentem
1331 1927 1390 1993 pro
1418 1908 1541 1977 decima
1569 1906 1610 1975 de
1636 1907 1759 1992 Opotor
1780 1925 1853 1975 oum
1874 1907 1983 1980 Iuaobo

432 2011 547 2082 abbate
567 2032 605 2082 ae
625 2015 693 2081 eius
717 2010 939 2080 contemndo
960 2010 1063 2078 Lubin
1085 2011 1348 2093 permutavimus,
1375 2011 1428 2094 pio
1449 2010 1490 2077 ad
1511 2011 1572 2078 noo
1592 2008 1700 2079 lavore
1718 2028 1760 2078 aa
1779 2009 1914 2096 beuigrm
1934 2032 1982 2081 as·

431 2134 526 2184 sensu
539 2116 657 2185 domim
670 2116 771 2184 nostri
784 2114 931 2182 Fuleonis
944 2112 1170 2197 arehiepisoopi
1183 2111 1361 2195 sotadeum,
1383 2119 1417 2181 et
1437 2112 1497 2181 hoa
1515 2118 1581 2181 um
1595 2118 1705 2180 nostro
1719 2129 1816 2197 quam
1829 2113 1982 2198 predicto

431 2237 503 2287 rum
520 2217 645 2288 entatu
662 2225 697 2287 et
719 2217 899 2285 Conventus
917 2216 957 2284 de
978 2215 1083 2283 11me
1104 2215 1233 2284 eomodo
1247 2223 1416 2301 pmnototo
1435 2215 1521 2302 (sic).
1549 2215 1589 2282 In
1603 2216 1694 2285 mins
1710 2215 1758 2282 rei
1771 2216 1982 2287 testimonium

433 2327 612 2407 presentem
631 2321 778 2408 paginam
800 2319 919 2387 domini
940 2318 1042 2387 nostri
1064 2318 1100 2386 F.
1122 2318 1352 2405 archiepisoopi
1374 2325 1409 2387 et
1429 2318 1532 2387 nostri
1550 2317 1691 2403 crpitnli
1711 2317 1824 2402 sigillis
1843 2317 1985 2389 duximus

433 2422 651 2492 roboraurlsnn
695 2422 815 2492 Datum
844 2421 1060 2491 inlinendos
1090 2440 1173 2490 anno
1204 2419 1319 2489 lucc.
1346 2422 1607 2507 quinquagesimo
1635 2421 1787 2507 septimo,
1815 2419 1986 2492 indictione

432 2523 504 2610 XV,
524 2542 609 2594 nouo
630 2525 791 2594 Kalendas
812 2524 941 2610 Aprilis.

537 2728 706 2834 nmmos,
735 2729 918 2813 worma.
951 2728 1085 2814 opnor,
1110 2729 1281 2812 oparata.
1315 2730 1429 2813 susm
1449 2732 1553 2797 ron

1108 3029 1182 3116 Nr.
1214 3024 1316 3115 350.

538 3223 698 3310 hamel
724 3224 800 3307 lux
825 3223 975 3307 Polonie
1006 3230 1141 3308 1257
1172 3248 1202 3311 s
1230 3225 1276 3328 ri,
1302 3226 1347 3310 in
1371 3224 1510 3329 liniam
1534 3243 1685 3328 recurat
1706 3262 1742 3312 so
1764 3244 1987 3314 monterium

435 3345 588 3431 Paesuri,
618 3343 702 3430 qnod
731 3344 932 3430 amplissimis
958 3346 1062 3413 munit
1093 3346 1274 3433 privilegiis,
1307 3346 1349 3415 ob
1385 3347 1663 3415 eommutetionem
1691 3347 1896 3416 inormitatis
1916 3346 1989 3416 veo·
2114 3371 2126 3375 ·'

436 3448 840 3538 mintkouodelensurum.
879 3505 881 3508 .

464 3549 465 3553 ‘
541 3558 684 3633 rapam.
706 3558 824 3633 omna.
866 3555 994 3617 azara
1021 3558 1063 3619 ou
1087 3560 1324 3636 menone
1349 3559 1487 3642 pense
1506 3557 1621 3642 mea
1642 3558 1875 3637 menonem
1901 3552 1988 3619 ntra

437 3658 546 3722 orobno
565 3659 768 3732 minanam
795 3666 940 3734 precioso
957 3666 1041 3730 xv.)

541 3749 676 3825 mmet.
710 3759 875 3824 ommno
898 3759 1067 3841 taratra.
1099 3763 1234 3842 norom
1262 3763 1428 3827 n.1o.-
1442 3750 1626 3843 mepta,
1653 3763 1725 3828 coa.
1743 3763 1862 3842 norm
1880 3763 1988 3825 noro.

540 4049 579 4118 In
600 4050 727 4119 nomine
748 4056 858 4118 sanate
879 4055 914 4117 et
939 4049 1099 4118 individue
1123 4050 1289 4119 Trinitatis
1317 4069 1418 4119 amen.
1462 4051 1589 4120 Veriari
1617 4053 1723 4121 solent
1748 4073 1854 4121 rerum
1874 4050 1988 4119 noticia

438 4170 588 4239 praeessu
609 4152 774 4237 temporis,
801 4153 862 4219 nisi
887 4153 998 4238 scripti
1022 4155 1175 4221 autentici
1200 4162 1235 4220 et
1259 4154 1469 4238 probabilium
1495 4157 1632 4223 virorum
1659 4157 1840 4224 testimonio
1861 4155 1989 4240 perben-

438 4260 563 4324 uentu.
596 4254 780 4322 innoteseat
801 4256 899 4340 igitur
920 4262 986 4322 mm
1008 4257 1205 4341 presentibus
1223 4276 1319 4342 quam
1340 4255 1465 4339 futuris,
1488 4258 1571 4343 quod
1587 4277 1644 4326 nos
1659 4258 1791 4325 Promisi
1807 4258 1866 4326 Dei
1886 4255 1991 4342 gracia

438 4358 504 4427 dux
523 4358 652 4426 Polonie
670 4359 802 4426 dilectos
825 4359 858 4425 iu
881 4358 1009 4428 Christo
1031 4359 1145 4428 intres
1159 4361 1343 4429 monasterii
1355 4361 1396 4429 de
1411 4361 1602 4445 (lastiniam,
1624 4362 1710 4447 quod
1730 4362 1899 4430 Parmlisus
1913 4377 1989 4425 nun·

439 4469 584 4547 enpntur,
606 4461 734 4528 Ordinis
757 4460 993 4547 Cysterciensis,
1019 4464 1137 4531 intuitu
1158 4464 1263 4532 dimne
1284 4464 1546 4532 remunerationis
1571 4471 1605 4532 et
1625 4483 1683 4550 pru
1705 4465 1918 4533 mmutatione
1938 4461 1989 4526 lte·

439 4563 584 4632 rediutis
605 4582 668 4648 que
687 4565 860 4648 vulgariter
884 4565 1099 4634 anentlrouo
1121 4573 1322 4652 nuncupatur
1347 4567 1532 4651 propensius
1559 4565 1727 4634 defendere
1747 4586 1786 4636 uo
1807 4567 1890 4635 tueri
1908 4570 1992 4631 sata·

439 4665 552 4752 pimus
574 4671 607 4733 et
628 4667 784 4751 presentis
805 4669 914 4752 scripti
936 4668 1099 4753 privilegio
1125 4670 1330 4737 comunimus.
1373 4668 1412 4735 lu
1437 4669 1547 4753 primis
1576 4667 1772 4737 conterentes
1801 4677 1836 4738 at
1860 4667 1992 4737 fideliter

440 4769 487 4838 als
509 4767 729 4836 confirmantes
751 4771 961 4838 omnimodam
982 4771 1162 4840 libertatem
1181 4774 1214 4840 in
1233 4773 1378 4841 omnibus
1394 4772 1622 4839 hereditatibus
1640 4771 1796 4856 ipsorum,
1817 4790 1898 4857 quas
1911 4784 1992 4836 nnnc

440 4871 603 4957 possident
623 4878 681 4942 aut
701 4873 735 4939 in
756 4873 898 4941 lutumm
925 4880 1001 4941 sunt
1026 4875 1183 4960 posessuri
1212 4883 1246 4944 et
1271 4876 1361 4944 novis
1382 4875 1560 4943 nominibus
1581 4874 1791 4958 appellaturi3
1814 4875 1905 4942 villos
1926 4872 1992 4937 iure

440 4972 636 5044 Teutonioali
658 4973 806 5044 locandos
820 4977 947 5061 plenam
960 4976 1098 5045 habeant
1114 4978 1296 5046 immutor
1311 4979 1344 5045 in
1358 4980 1443 5046 omni
1457 4978 1595 5045 dominio
1609 4983 1729 5046 nostro.
1764 4976 1832 5048 Nec
1845 4989 1991 5061 umquam

442 5074 557 5161 eliquia
578 5078 748 5146 temerario
767 5081 1003 5165 presumptione
1024 5081 1165 5148 inbonis
1186 5100 1305 5165 eorum,
1325 5081 1448 5149 scilieet
1468 5083 1562 5164 agris,
1585 5082 1696 5165 protis,
1712 5082 1814 5166 aquis,
1836 5080 1924 5148 silvis
1937 5091 1991 5142 mu

441 5180 621 5250 nemoribus
642 5181 692 5249 vel
714 5183 828 5250 netem
849 5182 1043 5252 utilitatibus
1061 5203 1172 5252 nonore
1193 5190 1250 5254 aut
1272 5184 1419 5251 iuratione
1446 5191 1609 5270 prasumat
1631 5184 1743 5253 frivolo
1762 5183 1927 5266 obviando,
1945 5183 1993 5245 sot
