4860 6180
1807 414 1883 495 633

338 615 428 686 citati
448 610 582 685 liborum
600 613 768 685 arbitrium
789 615 948 684 indicandi
975 615 1061 685 iurtn
1088 617 1137 686 rel
1161 618 1337 702 homicidio,
1364 635 1534 702 omnesque
1558 615 1769 686 membrorum
1791 617 1886 685 muti·

337 720 484 801 Mones,
502 737 563 804 qua
584 720 618 786 in
639 719 755 786 eisdem
777 718 1004 787 hereditatibus
1026 728 1156 805 possunt
1178 721 1313 805 peccatis
1335 720 1558 803 instigantibus
1579 719 1713 787 evenire.
1757 718 1882 785 Preter-

338 839 387 905 ω,
407 840 478 889 cum
500 821 569 906 ipso
591 822 731 889 volentes
751 821 888 903 mucium
910 820 1011 889 iacere
1031 822 1224 905 ampliorum,
1246 823 1435 889 contulimus
1454 822 1484 887 ei
1505 840 1610 887 araon
1633 826 1775 888 nostrum
1790 821 1885 887 sitnm

338 921 427 990 iuxta
447 922 610 991 ecclesium
631 923 723 990 bento
743 922 946 1006 Morgarctha
967 924 1106 1007 virginis,
1128 923 1189 990 sihi
1211 925 1337 1007 susque
1359 923 1590 992 successorihus
1611 930 1764 1006 pennmo
1785 922 1885 1006 possi·

338 1023 481 1106 dandam,
503 1029 599 1109 utque
620 1025 721 1109 ipsum
743 1024 828 1105 dora,
850 1042 910 1106 pro
932 1024 1034 1090 salute
1055 1023 1206 1105 conferre,
1228 1025 1278 1091 vei
1296 1025 1429 1092 vondcra
1447 1024 1497 1092 cni
1519 1024 1596 1108 ipsis
1619 1029 1760 1107 tempora
1778 1042 1886 1108 proca·

337 1125 432 1195 detta
452 1126 611 1195 videbitur
631 1126 788 1211 expedire
833 1124 881 1193 Ut
902 1131 1009 1193 autem
1030 1131 1141 1193 nostru
1162 1126 1295 1194 donacio
1316 1133 1468 1211 perpetuo
1490 1125 1678 1193 inviolabilis
1696 1131 1885 1209 perseveret,

337 1233 514 1313 presentent
535 1229 675 1295 litteram
696 1227 792 1311 sigilli
813 1229 914 1295 nostri
931 1229 1122 1312 appensione
1143 1229 1291 1295 iussimus
1311 1229 1495 1296 confirmare
1517 1233 1663 1312 presente
1683 1227 1810 1293 donnino
1837 1227 1886 1292 io·

338 1327 441 1396 baum
461 1328 607 1413 episcopo
629 1329 847 1410 Poznaniensi‚
867 1329 982 1396 comita
1002 1328 1181 1396 Domisluo
1202 1331 1374 1397 ansteiluno
1396 1329 1611 1410 Poznaniensi,
1639 1330 1792 1398 Petroona
1817 1328 1887 1413 pin·

337 1447 443 1512 aaran
469 1429 627 1515 Bogusluo
658 1430 889 1498 subcumerun‘o
916 1430 1121 1498 Puannniensi
1150 1437 1184 1497 et
1209 1432 1281 1498 aliis
1310 1431 1462 1515 pluribus.
1513 1431 1631 1498 Duturn
1664 1433 1698 1498 in
1729 1429 1890 1498 Poznania

336 1550 419 1599 anuo
443 1531 570 1599 Domini
596 1531 907 1614 MOCLXXXNII,
939 1533 972 1599 iu
999 1531 1051 1600 dio
1077 1532 1240 1601 beutorum
1269 1535 1403 1602 Fabiani
1434 1538 1469 1600 at
1494 1531 1672 1601 Sebastiani
1700 1539 1887 1619 martynum

337 1652 395 1719 per
416 1652 528 1702 manns
548 1633 666 1702 domini
686 1635 828 1702 Thilouis
849 1634 964 1702 notari
985 1636 1071 1702 curie
1091 1641 1207 1704 nostre.

316 1919 319 1925 .
440 1835 636 1920 Ganthoom,
661 1840 769 1926 dpdki.
812 1836 930 1919 Unino‚
957 1840 1045 1919 divo.

1006 2135 1080 2221 Nc.
1112 2129 1212 2220 573.

441 2325 628 2411 Mundus
646 2326 806 2410 Promisl
823 2328 901 2410 dur
918 2327 1069 2413 Polonio
1085 2332 1222 2411 1287
1238 2329 1340 2412 Febr.
1358 2334 1443 2426 24,
1459 2329 1503 2412 tn
1520 2327 1628 2430 dbrac
1652 2347 1819 2414 onomat
1831 2346 1888 2414 oo

311 2452 314 2458 '
338 2446 500 2514 ustionem
517 2446 611 2513 rilloa
632 2445 772 2531 Kioipin,
802 2449 992 2516 monasterio
1017 2447 1058 2515 de
1086 2447 1174 2516 Obra
1193 2467 1214 2515 a
1233 2447 1387 2515 Michade
1415 2447 1588 2515 castellano
1615 2447 1656 2515 de
1677 2446 1835 2515 Wmcinn
1854 2451 1889 2513 et

337 2547 436 2616 filiolo
457 2548 526 2615 eins
546 2547 730 2615 Mironoone
749 2547 891 2633 palatino
913 2547 954 2615 de
974 2548 1106 2633 Liguioa
1126 2548 1252 2616 hetam.

439 2649 576 2717 Pomm.
618 2655 737 2732 somna.
761 2655 866 2717 scano
887 2655 978 2720 och
1029 2654 1120 2733 ocra,
1143 2653 1207 2718 ao.
1226 2656 1330 2733 prou
1350 2654 1405 2731 sn.
1428 2653 1482 2717 10.

440 2852 479 2921 In
496 2853 623 2922 nomine
645 2853 772 2921 Domini
792 2873 895 2922 amen.
939 2855 1022 2923 Dum
1047 2856 1157 2923 littera
1182 2855 1271 2936 vivit,
1301 2855 1380 2921 vivit
1404 2860 1439 2922 at
1462 2854 1548 2921 actio
1577 2853 1743 2921 commissa
1770 2852 1887 2934 littere,

338 2954 427 3023 cuins
448 2955 582 3023 marcio
604 2956 708 3023 nutrit
728 2958 911 3025 memoriam
931 2964 965 3025 et
985 2957 1108 3025 nutrita
1125 2957 1259 3042 suscipit
1281 2956 1517 3023 incrementum.
1561 2954 1663 3040 Igitur
1689 2971 1747 3021 nos
1777 2971 1902 3050 socun-¹

338 3057 398 3124 dus
415 3055 548 3124 Pmmisl
569 3056 629 3125 Dei
642 3059 751 3142 gracia
770 3058 836 3126 dux
855 3059 985 3128 Polonia
1006 3067 1116 3127 notnm
1136 3059 1269 3127 iacimus
1296 3057 1451 3125 universis
1479 3063 1546 3124 tam
1571 3057 1771 3142 presentibus
1792 3073 1887 3139 quam
1967 3065 1971 3075 ·

339 3157 455 3226 intans
474 3166 653 3244 presentem
675 3161 822 3245 paginam
844 3160 1042 3245 inspecturis,
1063 3161 1149 3244 quod
1170 3178 1274 3228 comm
1294 3159 1431 3228 Michaol
1453 3158 1642 3226 castellanus
1663 3158 1704 3225 de
1718 3156 1887 3224 Wratisla·

339 3259 400 3327 tria
423 3278 488 3327 una
515 3278 586 3328 ctam
615 3260 798 3330 Mironcone
824 3262 922 3328 filiolo
951 3278 1008 3329 sno
1036 3262 1177 3346 palstino
1199 3263 1239 3330 de
1260 3262 1378 3346 Legnic
1406 3261 1513 3328 villam
1539 3278 1641 3342 suam,
1663 3278 1725 3345 qne
1747 3258 1884 3348 Kalpiuo

338 3360 510 3445 vulgariter
530 3369 741 3447 nuncupatur,
764 3365 798 3430 in
819 3370 930 3431 nostro
950 3370 1194 3449 nostrorumque
1215 3365 1369 3433 minnan
1390 3363 1552 3448 presencia
1572 3363 1613 3429 ob
1634 3360 1893 3444 remediumani·
1994 3364 2025 3426 s.
2173 3355 2174 3359 ’

338 3481 461 3531 marum
479 3481 606 3531 suerum
628 3469 662 3531 et
682 3470 849 3548 parentum
870 3483 999 3532 suorum
1021 3467 1165 3546 sulutem,
1188 3485 1259 3534 cum
1281 3466 1367 3532 omni
1388 3466 1457 3532 iure
1470 3482 1534 3547 quo
1547 3463 1665 3530 dictum
1680 3461 1889 3529 hereditatam

339 3564 543 3650 possidebant
564 3571 598 3632 et
619 3568 765 3635 omnibns
786 3566 941 3635 fructibus
962 3573 995 3635 et
1015 3567 1347 3648 utilitatibns‚‘domui
1368 3565 1503 3633 fratrum
1524 3565 1564 3631 da
1584 3565 1672 3632 Ohra
1692 3562 1821 3630 Ordinis
1837 3561 1889 3629 ci·

338 3669 517 3736 stercieneis
538 3669 741 3736 contulerunt
762 3669 831 3736 iure
852 3669 1042 3736 hereditario
1064 3671 1096 3735 in
1118 3676 1305 3754 perpetuum
1327 3668 1556 3754 possidendam.
1584 3666 1652 3734 Nos
1673 3684 1749 3734 uero
1768 3664 1808 3732 de
1822 3666 1888 3750 ple·

338 3770 481 3837 nitudine
500 3774 609 3837 nostre
630 3772 808 3854 potcstatis,
830 3771 1043 3855 supradictam
1064 3771 1257 3856 prefatorum
1279 3772 1428 3838 comitum
1449 3770 1615 3839 Michaelis
1635 3774 1668 3836 et
1694 3769 1888 3836 Mironoonis
1925 3772 1928 3778 '

338 3871 540 3940 donacionem
562 3874 663 3940 nostn'
685 3872 781 3957 sigilli
802 3875 974 3942 munimine
1002 3873 1147 3940 duximus
1175 3873 1430 3940 continuandam.
1474 3872 1663 3956 scripsimus
1689 3877 1796 3938 autem
1823 3887 1888 3953 eos,

338 3974 395 4058 qui
412 3979 499 4058 geste
519 3974 566 4041 aei
585 3992 643 4040 sua
665 3976 827 4058 presencia
848 3975 1074 4043 interfuerunt:
1105 3994 1208 4043 comas
1230 3976 1439 4043 Gnarumirns
1460 3974 1554 4043 iudex
1580 3974 1814 4056 Poznaniensis‚
1837 3992 1889 4041 co-

339 4093 405 4143 mes
427 4075 558 4144 (iselam
580 4077 771 4143 castellanus
792 4077 832 4144 do
854 4077 1001 4159 (insanae,
1024 4096 1127 4145 comes
1148 4077 1310 4146 Prandota
1324 4077 1514 4148 castellanus
1528 4076 1761 4157 Poananionsis,
1784 4093 1889 4142 comes

339 4176 488 4245 Nicolaus
510 4177 690 4262 subdnpiier
711 4179 906 4246 Kalisiensis.
937 4179 1055 4246 Datum
1071 4181 1103 4246 in
1125 4180 1212 4248 Obra
1232 4200 1316 4248 annno
1337 4180 1465 4247 Domini
1487 4180 1652 4245 millesimo
1674 4179 1888 4246 ducentesimo

338 4281 529 4364 octogesimo
549 4282 682 4365 septimo
704 4282 737 4346 in
758 4282 810 4348 dio
827 4281 913 4348 beuti
935 4281 1056 4349 Mathia
1078 4284 1225 4366 apostoli,
1255 4283 1430 4350 Indictione
1452 4283 1564 4366 quinta
1584 4281 1714 4362 decirna,
1743 4300 1799 4364 pcr
1822 4300 1888 4347 rna·

339 4400 400 4448 nus
421 4382 559 4449 losooms
581 4383 696 4449 notorii
717 4383 802 4449 curie
823 4389 941 4450 nostro.

339 4687 365 4755 c
446 4585 671 4666 Wrntishtwia‚
718 4591 877 4656 tiburtum.
934 4587 1061 4672 magne,
1096 4591 1231 4667 Limnen.
1287 4590 1432 4673 Koipino,
1470 4593 1602 4668 Kieipin
1660 4587 1756 4670 Obrue,
1800 4589 1886 4652 Obra

367 4706 486 4769 mozo,
512 4692 609 4774 stips
