4860 6180
1906 370 1978 446 261

432 583 564 670 spectat,
582 582 617 646 et
636 570 853 642 Fridlaudiam
874 591 975 656 usque
993 569 1034 639 ad
1055 569 1209 656 sylvulam
1231 573 1404 655 quandam,
1435 575 1587 642 termulum
1609 578 1697 643 tenet
1717 575 1874 660 perpende
1896 573 1986 641 iuxta

432 687 548 758 dlemm
566 679 713 748 silurlam
734 695 835 760 usque
855 675 897 743 ad
919 675 1095 742 scatebram
1121 673 1371 758 Maleremikem
1399 678 1490 747 iuxta
1515 677 1603 746 illam
1625 678 1667 745 ad
1688 679 1830 763 stipitem
1849 679 1985 748 semema

433 795 467 860 et
485 786 561 855 binc
580 783 622 851 ad
643 781 803 850 iomanem
824 780 858 846 in
880 798 945 863 qua
962 780 1126 863 liquantur
1147 777 1283 858 cineres,
1311 799 1376 863 qua
1402 783 1514 850 relicta
1531 781 1760 865 pmeulendum
1779 781 1870 849 iuxta
1890 781 1984 850 finem

432 895 520 962 lacus
540 885 664 954 Iatzlse
684 883 804 951 directe
826 883 867 950 ad
889 882 1033 950 arborem
1055 880 1272 960 monasticam,
1294 889 1327 948 et
1348 883 1388 950 sla
1410 886 1466 952 illa
1485 885 1526 952 ed
1548 903 1693 967 campum
1713 884 1986 953 Bradensteuueu·

433 1011 509 1074 sem,
530 989 571 1057 de
591 988 648 1055 illo
668 986 701 1052 iu
724 985 878 1069 Stagnum
900 986 1024 1068 nigrum
1045 983 1207 1065 usquead
1230 983 1418 1054 Klinlriortt
1460 988 1544 1055 Hinc
1563 1006 1664 1072 usque
1685 988 1719 1054 in
1736 987 1821 1054 uiam
1842 987 1987 1056 Kronen-

434 1115 501 1167 sem
521 1099 557 1163 et
575 1097 720 1179 porrecte
742 1088 814 1173 (sic)
836 1090 869 1155 iu
890 1089 953 1155 ista
973 1086 1129 1171 usquein
1160 1084 1281 1167 Luclse,
1311 1095 1346 1154 et
1373 1090 1507 1157 ulterius
1535 1090 1697 1175 usquead
1718 1088 1873 1172 sylvulam
1895 1089 1986 1173 fabri

437 1217 494 1287 per
513 1200 604 1265 setus
634 1192 788 1279 pecudum
813 1188 1186 1258 ilenrielrsdoriliensium
1211 1188 1253 1254 ad
1278 1190 1425 1271 paludem
1449 1194 1576 1277 longum
1604 1193 1659 1260 ubi
1680 1191 1801 1260 ferreus
1822 1193 1920 1277 stipes
1938 1192 1988 1258 iu·

433 1299 618 1378 ueniendum
639 1302 777 1380 suntque
797 1294 969 1362 Pmchnou
990 1299 1023 1360 et
1043 1291 1216 1375 Petzenigls
1238 1291 1297 1357 sub
1318 1293 1439 1362 ditione
1460 1297 1676 1366 marchionali.
1706 1296 1755 1364 De
1777 1294 1892 1363 tinibus
1913 1296 1987 1362 ville

435 1401 636 1478 zedoviensis
658 1401 773 1467 iterum
794 1417 904 1465 sersus
926 1395 1137 1481 Speclcsdorli,
1159 1402 1194 1461 et
1215 1394 1254 1461 de
1276 1395 1361 1463 illiue
1382 1399 1497 1467 linibus
1516 1401 1551 1468 in
1572 1399 1729 1484 quendam
1750 1398 1853 1466 mrum
1870 1398 1903 1464 in
1917 1397 1987 1465 Mo-
2103 1465 2105 1469 ,
2151 1451 2156 1466 .
2215 1377 2216 1380 “

434 1507 566 1579 deriuke
595 1509 786 1584 currentem,
817 1506 852 1568 et
880 1498 1085 1567 Moderinele
1114 1498 1147 1563 iu
1178 1501 1325 1581 stagnum
1353 1502 1524 1569 molendini
1555 1501 1872 1588 Specksdorffiauum
1901 1501 1987 1585 quod

436 1609 588 1685 ambobus
621 1607 688 1676 suis
715 1603 878 1673 littoribus
910 1622 982 1671 cum
1011 1601 1097 1669 dieta
1124 1600 1201 1666 villa
1228 1601 1269 1666 ad
1296 1601 1470 1672 Marcbiam
1491 1606 1644 1692 pertinet;
1669 1607 1770 1673 etsie
1791 1605 1925 1672 ulterius
1945 1604 1987 1672 ad

435 1718 540 1786 locum
559 1710 615 1780 nbi
636 1710 713 1778 olim
734 1727 817 1793 aqua
838 1705 996 1792 superflua
1022 1724 1061 1773 cx
1081 1704 1167 1772 dicto
1186 1708 1298 1788 stagno
1319 1706 1420 1774 effluit
1446 1715 1480 1775 et
1500 1708 1555 1774 ubi
1576 1727 1659 1776 nuuc
1676 1707 1799 1775 duabus
1820 1709 1899 1776 rotis
1920 1726 1989 1775 mo·
2100 1771 2103 1778 .

436 1817 556 1888 inum
575 1812 694 1883 decidit
711 1820 745 1879 et
764 1812 867 1879 nuum
888 1808 995 1890 eflicit,
1018 1798 1073 1892 qui
1095 1806 1181 1873 fluxu
1201 1825 1260 1874 suo
1280 1807 1400 1876 duecte
1420 1816 1453 1877 et
1466 1810 1631 1891 indirecto,
1653 1809 1738 1878 tacta
1751 1816 1786 1878 et
1799 1810 1989 1878 confluentia

437 1941 509 1992 erun
529 1918 593 1988 alio
613 1917 648 1984 in
668 1915 740 1984 lacu
760 1912 929 1981 Lubizensi
950 1911 1109 1992 existenti,
1128 1909 1244 1993 adepto
1263 1911 1388 1979 nomine
1408 1912 1530 1998 Kramp
1552 1914 1702 1980 terminos
1724 1918 1813 1979 tenet
1833 1931 1934 1998 usque
1954 1912 1989 1980 in

436 2025 541 2093 laeum
561 2020 675 2105 Zyten.
718 2017 756 2084 In
778 2017 867 2085 euius
887 2016 1016 2083 sinistra
1037 2013 1146 2081 littore
1168 2013 1304 2079 tendunt
1325 2015 1451 2081 termini
1471 2015 1588 2082 iterum
1614 2016 1655 2083 ad
1679 2015 1842 2082 fluentiam
1863 2035 1882 2081 e
1902 2015 1989 2082 dicto

437 2127 510 2195 laea
528 2124 706 2203 dueentem,
727 2120 878 2187 terminos
895 2119 1016 2186 directe
1036 2123 1071 2184 et
1085 2115 1236 2182 indirecte
1250 2115 1283 2181 in
1297 2121 1331 2183 et
1344 2136 1401 2200 per
1413 2117 1517 2185 laeam
1532 2118 1745 2199 Wusteruitz,
1767 2117 1824 2202 qui
1837 2116 1989 2185 ambobus

437 2225 599 2298 littoribus
619 2225 680 2292 sub
700 2223 819 2290 ditione
839 2219 1046 2289 membionali
1069 2218 1259 2298 continetur,
1281 2225 1404 2288 servato
1428 2222 1556 2311 nomine
1580 2219 1796 2289 Pldtzenlliess
1827 2226 1987 2288 muenmm

439 2347 540 2417 usque
559 2325 744 2397 milesium
765 2323 878 2405 Treba,
900 2322 986 2408 apud
1007 2321 1097 2390 cuius
1114 2318 1311 2388 influentiam
1331 2323 1365 2390 in
1385 2323 1457 2408 ripa
1475 2323 1597 2391 terreus
1615 2324 1714 2409 stipae
1739 2323 1988 2409 eonspiciendus,

438 2434 479 2502 de
504 2450 568 2518 quo
596 2431 631 2498 in
661 2427 748 2495 fluxu
778 2426 857 2495 dicti
882 2425 943 2492 rivi
970 2425 1005 2491 iu
1030 2422 1175 2490 'liabm
1216 2423 1320 2491 mate
1348 2426 1464 2493 iterum
1492 2427 1645 2494 terminos
1665 2427 1752 2494 inter
1772 2427 1934 2495 Palaniam
1954 2432 1990 2494 et

439 2533 615 2605 blachiam
632 2529 847 2599 descendendo
868 2533 989 2608 servat,
1011 2525 1059 2592 ita
1077 2531 1183 2592 emen
1208 2530 1246 2592 nt
1265 2528 1393 2612 utrique
1413 2529 1499 2612 parti
1520 2547 1598 2596 usus
1616 2529 1753 2597 fluminis
1774 2529 1816 2597 ad
1836 2529 1990 2597 mediata·

440 2645 505 2708 tem
529 2636 617 2704 illius
642 2634 677 2701 in
707 2632 874 2702 cuiuslibet
904 2628 1023 2697 littoris
1056 2627 1190 2694 terminu
1216 2627 1260 2695 sit
1284 2647 1459 2714 eonemsus
1488 2634 1663 2702 consistens
1687 2634 1722 2701 iu
1751 2633 1987 2718 piscationibus,

440 2739 565 2827 menis
585 2737 720 2821 aliisque
741 2733 941 2808 utilitatibus,
963 2748 1065 2815 usque
1083 2729 1169 2810 illuc,
1191 2729 1245 2797 ubi
1264 2735 1488 2817 propemodum
1508 2736 1549 2803 ad
1564 2742 1711 2820 quamam
1725 2742 1849 2821 partem
1862 2735 1990 2803 miliarii

439 2847 570 2912 ventum
590 2844 643 2908 est
661 2838 702 2905 ad
722 2837 831 2905 uillam
851 2835 963 2916 Pelita,
985 2832 1041 2901 ubi
1064 2831 1152 2899 Nata
1173 2837 1207 2898 et
1220 2832 1323 2901 lbaba
1342 2835 1543 2905 collabuntur
1561 2844 1595 2906 et
1606 2838 1711 2906 Treba
1723 2857 1839 2906 nomen
1856 2838 1987 2906 amittit

440 2944 491 3014 lbi
510 2941 690 3013 Pedum
710 2938 770 3008 soli
790 2937 909 3006 babent
920 2954 1013 3004 usum
1027 2934 1127 3003 totius
1146 2933 1284 3001 fluminis
1298 2954 1369 3003 cnm
1381 2939 1533 3007 ambabus
1554 2941 1632 3024 ripis
1650 2959 1751 3026 usque
1773 2940 1814 3007 ad
1833 2941 1990 3025 quendam

440 3047 545 3117 laeum
565 3044 652 3130 Ripa
670 3040 744 3110 elba
769 3040 904 3122 dictum,
932 3058 954 3106 a
978 3055 1042 3122 quo
1068 3055 1108 3103 ex
1138 3040 1318 3104 transverso
1338 3039 1380 3106 ad
1400 3040 1594 3109 lacusculum
1614 3043 1735 3111 dicmm
1756 3040 1878 3110 Kortfin
1901 3042 1990 3110 cuius
2017 3043 2022 3050 '

352 3181 363 3194 ·
440 3148 606 3218 dimidium
626 3146 668 3214 ad
689 3145 878 3213 Dramenses
902 3148 937 3210 et
959 3141 1097 3210 alterum
1118 3138 1160 3208 ad
1180 3139 1371 3210 Pelitzenses
1392 3145 1540 3228 pertinet,
1570 3144 1610 3212 de
1630 3163 1693 3230 quo
1714 3144 1930 3212 descendendo
1948 3142 1990 3212 ad

391 3308 394 3314 .
442 3253 540 3323 dium
560 3247 754 3320 latusculum
767 3247 886 3314 dicmm
901 3245 1050 3325 duosam,
1066 3261 1160 3327 quem
1174 3244 1271 3310 etiam
1284 3242 1461 3313 Pellaeuses
1475 3247 1627 3315 ambobus
1640 3246 1804 3315 littoribus
1817 3246 1990 3333 possident

441 3353 526 3424 ilina
545 3351 675 3423 termini
695 3350 785 3417 iuxta
804 3366 949 3432 campum
966 3345 1174 3414 Drataensem
1195 3351 1230 3412 et
1249 3348 1407 3430 quandam
1428 3366 1590 3433 quamam,
1618 3355 1652 3418 et
1672 3349 1808 3417 ulterius
1828 3349 1870 3417 ad
1891 3347 1992 3433 quod·

442 3456 516 3526 dum
527 3454 758 3525 munimentum
771 3452 805 3518 in
818 3452 902 3519 dicto
915 3449 1010 3517 fluvio
1024 3469 1046 3517 a
1060 3448 1192 3533 paganis
1204 3447 1430 3518 Pelitaensibus
1451 3449 1493 3519 ad
1511 3469 1603 3519 usum
1617 3452 1802 3536 piscationis
1823 3457 1990 3534 structum,

441 3559 590 3628 aditum
610 3574 722 3640 eampo
750 3553 912 3622 Draoensi
955 3551 1000 3619 ut
1020 3551 1066 3618 sic
1090 3557 1198 3619 servat
1216 3549 1329 3620 fluvius
1346 3552 1463 3636 Notae,
1481 3553 1633 3621 ambabus
1653 3554 1720 3622 suis
1740 3553 1819 3639 ripis
1841 3553 1883 3623 ad
1902 3552 1991 3623 ldar·

443 3660 548 3730 abiam
568 3658 721 3745 partinet,
746 3658 848 3742 iisque
873 3655 947 3723 hinc
965 3654 1162 3723 ascendendo
1183 3672 1285 3737 usque
1305 3656 1346 3723 ad
1366 3657 1508 3740 stipitem
1532 3656 1668 3724 iemeum
1686 3659 1720 3725 in
1741 3657 1797 3725 illo
1817 3656 1885 3724 rivo
1906 3655 1992 3743 posi·

444 3768 523 3845 tum,
544 3762 696 3830 terminos
724 3765 825 3841 tenet;
854 3757 948 3826 etde
973 3757 1036 3825 isto
1064 3757 1173 3839 stipite
1199 3757 1428 3840 procedendum
1460 3759 1501 3826 ad
1532 3760 1691 3843 quandam
1718 3759 1910 3842 scatebram,
1941 3758 1992 3827 cui

443 3863 569 3934 ediscet
587 3862 622 3931 in
642 3861 788 3928 interiore
814 3866 907 3944 parte
931 3858 1010 3925 silve
1035 3857 1178 3925 cumulus
1208 3858 1390 3926 termtualis.
1434 3859 1560 3928 Relicta
1584 3861 1730 3930 scatebra
1750 3862 1889 3931 occurrit
1909 3861 1992 3929 alius

444 3965 588 4036 cumulus
607 3963 790 4043 terminalis,
819 3962 859 4030 de
886 3980 949 4046 quo
970 3979 1011 4027 ex
1032 3959 1289 4026 circumsedendo
1311 3960 1457 4044 paludem
1478 3963 1564 4031 dicto
1584 3963 1833 4046 Praenestinis
1853 3982 1888 4031 se
1907 3963 1991 4030 alius

444 4067 589 4138 mmulus
621 4068 655 4135 in
685 4065 748 4133 tine
776 4065 936 4133 cuiusdam
963 4060 1065 4143 dumi,
1092 4061 1147 4144 qui
1175 4061 1262 4128 loeus
1291 4061 1395 4130 Fores
1415 4065 1591 4133 terminalis
1611 4066 1802 4151 appellatur.
1844 4064 1930 4132 Hine
1948 4064 1992 4133 ad

445 4171 604 4257 quandam
634 4169 717 4236 viam
748 4187 810 4253 que
841 4168 917 4236 olim
949 4166 989 4232 de
1021 4166 1149 4232 auae
1178 4163 1315 4230 Frouich
1339 4183 1448 4233 versus
1474 4166 1607 4235 Driesen
1630 4168 1736 4250 duxit,
1766 4168 1807 4235 ad
1832 4165 1993 4252 quandam

444 4291 552 4343 meam
573 4273 690 4340 metam
716 4273 800 4338 Area
826 4270 1030 4354 cauponans,
1060 4268 1100 4334 de
1121 4285 1186 4351 que
1206 4266 1240 4332 in
1261 4268 1415 4350 quendam
1436 4268 1540 4338 rivum
1560 4270 1636 4339 Ursi
1657 4272 1759 4353 rivus,
1784 4272 1818 4337 in
1839 4270 1907 4336 rivo
1929 4268 1992 4336 isto

444 4373 642 4444 amende
662 4390 761 4456 usqrre
781 4371 822 4438 ed
841 4370 1065 4454 scaturiginem
1086 4387 1176 4435 suam
1198 4386 1306 4434 versus
1326 4369 1405 4436 duos
1430 4373 1573 4441 mutulos
1594 4373 1786 4455 terminales,
1807 4372 1921 4455 quibus
1942 4389 1992 4437 re·

445 4477 531 4547 lictis
547 4476 668 4544 directa
688 4475 915 4559 procedendum
934 4474 975 4542 ml
995 4472 1080 4538 viam
1102 4470 1363 4554 Zirclcouieusem,
1385 4479 1419 4541 et
1436 4473 1471 4541 iu
1492 4481 1527 4542 et
1547 4494 1604 4559 per
1622 4475 1727 4544 baum
1745 4474 1865 4542 dictum
1879 4471 2008 4541 llaliui

447 4580 545 4649 cirea·
562 4578 667 4647 locum
694 4576 920 4658 Lubetascbke,
951 4577 985 4643 in
1017 4592 1079 4660 quo
1114 4572 1242 4657 quidam
1263 4573 1449 4659 lacusculus,
1473 4576 1623 4646 butioeta
1650 4584 1685 4645 et
1711 4583 1807 4664 prata
1830 4581 1906 4642 sunt
1930 4592 1993 4659 qne

447 4681 555 4750 omnia
573 4681 608 4748 in
630 4681 787 4748 territerio
808 4678 1012 4747 marchionali
1035 4684 1110 4744 sunt
1137 4675 1371 4760 comprehensa,
1398 4697 1498 4763 usque
1522 4682 1564 4748 ad
1585 4680 1848 4766 quendam'viam
1869 4676 1991 4744 dictum
2065 4751 2067 4754 ,

447 4782 551 4852 lacum
572 4782 790 4850 Lubetzscblre
816 4783 850 4848 in
871 4781 933 4849 fine
954 4781 1054 4864 ipsius
1075 4777 1347 4863 pretedabentem,
1376 4781 1416 4849 de
1442 4801 1506 4867 qna
1533 4785 1585 4852 vie
1612 4783 1654 4851 ad
1682 4783 1780 4851 aliam
1805 4781 1925 4848 dictam
1941 4779 1994 4847 uia

448 4884 523 4971 Pyrl
543 4884 585 4953 ad
606 4884 686 4952 duas
707 4885 845 4952 cumulos
867 4884 1058 4964 terminales,
1080 4880 1165 4948 baud
1187 4879 1296 4964 procul
1316 4902 1338 4948 a
1356 4882 1443 4951 dicta
1462 4885 1515 4951 uia
1535 4885 1569 4952 in
1589 4903 1736 4970 supremo
1758 4884 1827 4951 loeo
1841 4880 1993 4949 lacmmd

448 4987 526 5057 dieti
545 4986 709 5057 Radenick
735 4986 823 5052 sites
866 4986 949 5053 Hinc
970 4985 1012 5053 ad
1039 4985 1143 5052 lacum
1174 4981 1329 5066 quendam
1351 4984 1643 5055 Obrammentschin
1664 4987 1801 5068 dietum,
1822 4991 1855 5052 et
1875 4983 1916 5051 de
1937 4983 1993 5050 illo

450 5090 491 5157 ad
511 5087 634 5158 {summ
649 5088 811 5155 mlcariam
830 5088 863 5154 in
884 5108 1030 5173 supremo
1052 5089 1120 5156 loco
1140 5086 1228 5153 lacus
1250 5084 1361 5153 Lunko
1379 5090 1484 5171 sitam,
1506 5090 1546 5156 de
1566 5108 1631 5172 qua
1651 5088 1869 5157 adcumulem
1885 5086 1994 5154 termi-

448 5191 554 5260 nalem
573 5190 664 5256 iuxta
683 5189 764 5254 uiam
786 5190 1049 5257 Schueriueneem
1075 5190 1186 5268 situm,
1214 5192 1248 5253 ct
1272 5188 1421 5257 terminos
1449 5190 1567 5257 directa
1595 5197 1629 5257 et
1656 5190 1810 5256 indirecte
1830 5188 1993 5272 usquead

450 5291 644 5362 menum
674 5291 825 5375 disserite,
854 5294 909 5378 qui
936 5292 978 5359 ad
1000 5293 1106 5361 uillam
1132 5288 1272 5358 Polliclro
1290 5295 1323 5358 et
1344 5309 1416 5358 cum
1436 5291 1492 5358 illo
1512 5291 1554 5360 ad
1575 5292 1751 5362 uacuam
1772 5292 1925 5380 pertinet,
1946 5297 1993 5361 ta·
