4860 6180
489 183 566 309 ero

490 431 555 502 dux
577 433 708 502 Maioris
729 435 859 506 Polonic
880 435 965 524 ipsos
986 435 1163 507 omnimode
1183 435 1373 522 deseremus,
1395 455 1454 506 neo
1475 433 1604 520 aliquod
1624 434 1703 520 ipsis
1722 429 1896 500 subsidium
1917 428 1969 500 rel
1987 427 2043 497 ad-

490 534 673 604 miniculum
696 539 830 623 consilii,
851 542 961 609 auxilii
982 541 1033 609 vel
1054 538 1169 608 favoris
1191 538 1419 624 impendemus,
1446 539 1499 608 sed
1527 536 1664 622 pacienti
1692 535 1894 604 tolerabimus
1923 533 2043 613 animo,

488 635 573 722 quod
595 637 737 721 prefatas
757 641 903 710 dominus
924 663 980 711 rex
1001 640 1152 709 Bobcmic
1171 660 1297 710 causam
1318 641 1433 728 prefati
1456 640 1544 707 ducis
1567 638 1770 705 Wratislaric
1792 656 1862 704 cum
1882 635 1948 702 suis
1969 653 2043 703 con·

491 739 686 825 resipuimus,
706 739 884 812 fautoribus
904 745 1078 827 stamius,
1108 743 1191 812 sicut
1217 744 1375 814 efficacius
1402 744 1522 829 poterit
1542 747 1767 826 prosequatur,
1787 739 1908 806 nullum
1930 737 1991 805 sibi
2010 736 2044 804 in

489 838 660 926 mopere
680 843 938 930 impedimentum
960 851 1103 932 prestare
1123 846 1264 914 volentos
1285 848 1452 932 quominus
1473 845 1579 912 valent
1598 843 1748 929 prosequi
1769 841 1886 910 dictam
1904 858 2043 910 causam

489 941 529 1012 ln
549 943 640 1013 cuins
660 946 707 1016 rei
729 948 944 1017 testimoniam
966 955 1000 1018 et
1020 947 1118 1018 robur
1136 948 1309 1017 valiturum
1330 959 1385 1016 etc.

593 1165 709 1235 casim
728 1166 964 1238 Hubchenstoin
985 1177 1020 1240 et
1039 1169 1274 1256 Lubachowim,
1294 1177 1345 1238 nic
1359 1174 1557 1253 mperatum.
1580 1167 1706 1255 Opalia
1728 1171 1828 1252 Opoic,
1846 1169 2046 1233 ammiralio

495 1270 623 1352 Oppcbc
657 1269 759 1356 hver,
782 1275 897 1356 luam,
917 1294 937 1338 z
957 1277 1124 1343 macta
1144 1278 1251 1342 lacer.

1168 1625 1245 1712 Nr.
1275 1620 1376 1711 469.
1411 1641 1414 1648 '

592 1813 782 1902 dmuudus
808 1811 965 1902 homini
990 1820 1068 1904 dux
1093 1820 1244 1906 Palania
1272 1825 1404 1903 1277
1433 1817 1533 1920 Aac.
1559 1819 1639 1914 16,
1670 1815 1714 1898 in
1739 1814 1905 1917 Poenam
1937 1847 2048 1898 omns

489 1933 583 2003 villas
603 1938 787 2006 monum
808 1937 849 2006 de
869 1937 984 2024 Dubio.
1007 1942 1041 2010 in
1061 1959 1121 2010 suo
1142 1942 1260 2012 ducatu
1280 1941 1487 2022 constitutas,
1513 1937 1556 2007 ab
1575 1935 1723 2006 omnibns
1743 1934 1867 2003 viciniis
1884 1939 2048 2018 exemptas

489 2037 1367 2226 millffiepoptcrmpismozkcricoli'luiott
1685 2098 1688 2103 ι

594 2244 732 2312 mmm.
764 2247 931 2312 amnem
959 2249 1130 2332 ammae.
1153 2253 1294 2332 mmm
1314 2253 1350 2327 a,
1372 2249 1426 2315 so.
1446 2281 1493 2297 -
1521 2245 1660 2313 mmet
1689 2247 1807 2326 roasa
1831 2245 1937 2309 seam
1956 2243 2049 2316 Area

489 2346 574 2413 corr
610 2349 759 2415 τηεψ.
792 2350 922 2416 carrea
948 2357 1025 2418 aaa
1052 2354 1142 2419 rosa
1162 2356 1219 2433 saa
1240 2353 1315 2419 res.
1357 2349 1469 2418 moa
1513 2353 1676 2417 morea
1697 2381 1744 2398 -
1762 2344 1946 2428 ΜΨ
1976 2347 2048 2410 coo.

492 2451 1139 2531 aspendensium&
1885 2455 1889 2464 ’

594 2651 633 2722 lo
652 2653 780 2724 nemius
800 2653 929 2724 Domini
949 2637 1052 2727 amen
1087 2658 1173 2727 Dum
1192 2658 1272 2727 vivit
1291 2657 1402 2728 littera
1421 2657 1501 2726 sirit
1520 2662 1555 2726 et
1571 2658 1656 2726 actio
1678 2654 1814 2725 comissa
1826 2652 1944 2737 littera,
1959 2651 2050 2720 caios
2192 2656 2197 2683 ¹

488 2754 626 2824 marcio
654 2757 759 2824 nutrit
787 2759 973 2828 memoriam
1001 2767 1037 2829 et
1063 2760 1214 2830 roborato
1242 2761 1375 2847 suscipit
1401 2762 1639 2830 incrementum
1683 2757 1787 2844 Igitrtr
1814 2773 1873 2825 nos
1893 2753 2050 2824 secandos
2192 2752 2198 2835 i

488 2854 624 2926 Premisl
644 2856 705 2926 Dei
725 2861 831 2944 gratia
849 2861 915 2929 dux
934 2862 1065 2933 Polonie
1081 2869 1193 2933 notam
1214 2863 1347 2932 mcimoa
1368 2864 1524 2932 uniuersis
1545 2868 1612 2931 tam
1633 2860 1835 2947 presentibus
1853 2877 1949 2944 qaam
1963 2856 2051 2925 tutn-
2193 2873 2199 2959 j

488 2958 536 3028 ὼ
555 2968 737 3045 timentem
755 2963 905 3050 paginam
923 2965 1128 3051 inspecturis,
1158 2967 1243 3052 quod
1273 2984 1331 3034 nos
1360 2966 1531 3035 salubriter
1559 2963 1802 3051 cogitantes‘dc
1821 2962 1925 3030 salute
1945 2960 2052 3029 anima
2193 3017 2198 3028 .

489 3066 611 3146 nosue,
633 3067 668 3131 et
687 3070 853 3150 sperantes
877 3067 919 3135 de
946 3068 1162 3137 misericmdia
1189 3068 1249 3136 Dei
1274 3087 1333 3137 nos
1358 3069 1392 3137 in
1414 3069 1491 3138 celis
1518 3075 1639 3136 metere
1663 3066 1748 3152 quod
1769 3067 1995 3134 nominaremus
2016 3064 2051 3129 in
2194 3124 2199 3135 ,

488 3165 593 3249 terris,
615 3184 675 3251 pro
696 3170 875 3239 reverentia
895 3170 989 3240 beate
1009 3189 1134 3257 semper
1151 3171 1283 3256 virginis
1303 3171 1406 3240 Maria
1424 3179 1459 3240 et
1479 3171 1630 3257 preclaris
1652 3169 1775 3238 meritis
1803 3167 1923 3236 domiui
1944 3165 2051 3234 Iroobi

488 3266 613 3337 abbatis
634 3268 676 3339 de
696 3270 813 3356 Labra,
835 3275 998 3359 cupientes
1019 3277 1116 3344 etiam
1136 3276 1308 3361 participes
1328 3275 1398 3343 fleri
1419 3274 1599 3343 emtionem
1619 3271 1756 3340 iram
1781 3269 1921 3339 eiusdem
1942 3286 2053 3337 mona·
2194 3254 2197 3265 '

343 3398 345 3403 ’
488 3370 580 3440 aterii
597 3377 633 3440 et
652 3391 763 3442 eorum
785 3393 1012 3460 successorum,
1034 3378 1152 3445 auditis
1174 3378 1271 3445 etiam
1292 3395 1403 3445 eorum
1430 3376 1566 3444 assiduis
1594 3373 1814 3459 querimoniis,
1844 3372 1928 3459 quod
1948 3371 2053 3439 multo
2195 3438 2197 3442 .

487 3476 655 3560 marmora
672 3477 706 3544 in
727 3479 812 3547 villis
832 3488 867 3547 et
888 3480 922 3548 in
942 3480 1121 3549 bominibus
1142 3498 1253 3548 eorum
1273 3478 1502 3548 exercebantur
1528 3497 1586 3563 per
1613 3482 1741 3545 nostros
1767 3475 1887 3543 iudices
1916 3480 1951 3543 et
1970 3474 2052 3543 alios
2103 3472 2120 3479 ”
2194 3470 2198 3531 i

487 3574 659 3647 bmeticm:
688 3599 747 3649 nos
775 3589 883 3650 autem
909 3583 1066 3652 dictorum
1092 3583 1229 3652 narrum
1258 3583 1456 3651 mrbationes
1480 3587 1515 3650 et
1541 3579 1739 3648 incommoda
1759 3578 1879 3646 diutius
1902 3577 2051 3646 tollerare
2194 3642 2198 3665 ,

489 3679 672 3765 munimus,
694 3683 751 3752 sed
772 3685 944 3752 statuimus
965 3691 1000 3753 et
1019 3685 1154 3753 firmiter
1172 3685 1329 3770 ponimns,
1348 3690 1387 3752 nt
1404 3683 1592 3768 vincmpra
1605 3682 1683 3750 dicti
1696 3679 2052 3750 monosteriiinaostro
2194 3683 2198 3739 t

488 3778 608 3850 ducatu
629 3787 821 3869 constitute,
843 3787 909 3854 siut
939 3787 973 3855 in
995 3793 1183 3872 perpetuum
1203 3787 1246 3854 ab
1267 3787 1413 3855 omnibus
1431 3786 1555 3854 viciniis
1576 3784 1676 3852 libere
1697 3789 1733 3852 et
1752 3788 1908 3866 exempto,
1930 3781 2053 3849 scilicet
2194 3814 2197 3859 1

493 3881 669 3969 Stsrigrod.
704 3887 857 3974 Mripina
886 3888 1020 3972 Dalerm,
1049 3889 1249 3974 Vyrcbrcka,
1269 3889 1373 3973 Osom,
1392 3888 1610 3970 secernetur,
1635 3886 1781 3972 Dycborr,
1807 3885 1927 3967 Gorka,
1948 3885 2053 3952 Rade-

492 3984 608 4069 misqu
631 3985 758 4057 Vaneso
772 3989 813 4059 de
832 3989 1010 4058 Crivineusi
1025 3991 1139 4059 vicinia
1153 3991 1380 4073 deliberamus3
1402 3993 1451 4060 ita
1463 3998 1503 4059 nt
1515 4008 1587 4059 cum
1600 3989 1688 4058 dicta
1700 3989 1825 4070 vicinia,
1841 3988 2051 4070 circuitiones,

490 4089 703 4172 septuaginta,
734 4091 844 4159 bovem
868 4100 902 4160 et
923 4112 1065 4175 vaccam,
1095 4093 1278 4176 homicidia,
1307 4113 1478 4179 omnesque
1499 4095 1678 4162 motiones
1702 4091 1787 4159 dicte
1807 4092 1882 4159 vilic
1903 4109 1968 4158 non
1989 4091 2053 4157 sol·
2194 4132 2197 4169 ;

487 4194 575 4271 sant,
597 4189 654 4258 sed
675 4193 857 4275 specialiter
877 4214 987 4262 omnes
1008 4196 1083 4262 vilic
1101 4215 1140 4263 ex
1162 4197 1286 4280 integro
1308 4216 1406 4282 supra
1427 4199 1589 4266 nominate
1610 4196 1736 4277 domus,
1767 4195 1905 4262 habeant
1930 4212 1965 4261 se
1994 4212 2053 4279 pro
2194 4198 2198 4263 ἕ

487 4308 553 4358 uua
573 4293 690 4360 vicinia
709 4302 743 4361 et
765 4296 924 4364 solutione
944 4297 973 4363 si
995 4298 1080 4382 quod
1102 4298 1136 4364 iu
1161 4300 1206 4364 eis
1233 4303 1388 4383 evenerit,
1417 4302 1508 4370 nobis
1538 4306 1646 4368 autom
1672 4298 1804 4387 singulis
1834 4299 1925 4364 annis
1954 4315 2053 4363 unum

486 4393 599 4463 bovem
621 4403 655 4462 ct
672 4415 801 4464 vaccam
824 4401 959 4466 solvant
1005 4400 1052 4467 Ut
1072 4406 1178 4468 autem
1201 4401 1383 4470 donationis
1404 4411 1514 4470 nostre
1535 4403 1624 4486 vigor
1646 4407 1713 4466 tom
1735 4400 1934 4486 presentibus
1957 4417 2052 4483 quam

486 4495 604 4564 futuris
623 4499 817 4583 innotescat,
847 4508 1028 4585 presentem
1054 4504 1201 4587 paginam
1226 4507 1328 4572 nostri
1355 4506 1451 4589 sigilli
1474 4505 1646 4574 munimine
1675 4502 1823 4569 duximus
1844 4500 2053 4568 mborandam
2196 4538 2199 4593 3

486 4600 687 4683 presentibus
706 4601 772 4669 bis:
802 4605 917 4670 comite
945 4604 1091 4670 Sculrico
1113 4606 1285 4673 castellano
1308 4606 1347 4673 dc
1371 4607 1489 4690 crisin,
1515 4606 1629 4675 comita
1651 4604 1798 4689 Gevle'gio
1820 4604 1991 4671 castellano
2013 4604 2054 4671 de

487 4699 593 4784 Srem,
626 4704 742 4769 comite
776 4704 921 4772 Bozama
956 4706 1129 4772 castellano
1159 4706 1199 4773 dc
1228 4707 1388 4775 l'rcment.
1438 4709 1558 4776 Datum
1588 4708 1621 4774 ia
1650 4706 1778 4774 Poznan
1810 4725 1893 4773 auno
1925 4705 2054 4773 Domini
2195 4774 2198 4779 ,
2314 4686 2316 4690 ⁴

486 4800 688 4871 mocbxx
706 4807 854 4890 septimo,
877 4808 1024 4889 sequenti
1046 4806 1098 4874 dic
1120 4809 1358 4892 Assumptionis
1379 4817 1490 4877 sancte
1509 4809 1612 4877 Mario
1633 4809 1774 4894 virginis

591 5037 706 5124 Lubin,
731 5045 836 5109 lubin.
867 5044 1044 5128 Starigrod
1069 5047 1250 5128 Simuos-dd,
1273 5051 1385 5113 clamoso
1406 5049 1556 5113 rotraorodd
1576 5052 1731 5113 letantem
1757 5047 1973 5129 Labiriadiepo5
1999 5067 2054 5129 po-

487 5145 564 5223 amp
583 5149 771 5224 niniejasepo
794 5151 976 5212 dobremarum
999 5154 1138 5231 rropbrbp
1158 5152 1216 5231 bpe‘
1239 5155 1348 5240 zaidtq
1371 5157 1468 5240 orodp
1483 5175 1510 5215 ro
1526 5156 1642 5233 idolico
1662 5158 1760 5217 rnirart.
1777 5157 1928 5232 mecam.
1972 5150 2053 5218 Mat·
2198 5180 2202 5243 j
