4860 6180
1694 431 1703 445 ,
1802 351 1879 426 crs

341 553 510 623 latitudine
530 553 637 624 decem
657 555 761 638 virprs
784 559 819 621 et
839 553 873 620 in
893 551 1088 636 longitudine
1105 553 1295 638 quindecim,
1318 553 1403 620 intra
1419 555 1592 638 sulpuritcr
1611 553 1756 636 dieend03
1775 558 1810 621 et
1830 572 1882 622 su·

341 676 398 743 per
417 657 590 743 quamlibet
609 658 834 743 agnculturanr
855 654 949 723 debet
973 656 1089 724 lrabere
1118 657 1290 742 vulgariter
1318 656 1449 724 dicendo
1474 678 1516 743 pe
1536 660 1749 745 pietbnasczie
1769 659 1881 741 intras,

342 765 393 829 ter
412 761 614 828 numerando.
657 762 737 829 Itenr
757 760 936 841 statuimus,
959 760 1043 844 quod
1064 778 1172 826 ornnes
1192 760 1293 828 incole
1312 761 1385 828 ville
1406 762 1546 845 predicte
1559 764 1649 831 nobis
1662 765 1696 830 in
1710 762 1791 832 leste
1806 762 1884 831 Pas·

341 863 399 932 alre
419 862 459 932 dc
477 863 617 947 quolibet
643 884 751 932 manse
772 863 883 946 viginti
912 882 972 930 ova
992 868 1026 930 et
1045 863 1190 931 scalleus
1210 863 1420 933 decem'dare
1438 872 1614 934 tencantur.
1659 866 1768 934 Eciam
1789 865 1822 933 irr
1837 864 1882 933 ie

340 973 392 1035 sta
414 966 599 1035 Natiuitatis
621 967 757 1048 Domini,
779 985 886 1033 onrnas
907 965 1009 1034 incole
1029 966 1113 1033 dicte
1135 966 1208 1034 ville
1229 966 1319 1035 nobis
1340 968 1380 1036 de
1398 970 1540 1054 quolibet
1562 988 1670 1037 manso
1684 968 1763 1036 duos
1776 969 1881 1054 pullos

341 1075 376 1139 et
396 1071 528 1139 teraimn
549 1071 694 1138 scultetis
711 1071 787 1138 dare
808 1075 966 1137 tenentur.
1009 1069 1089 1137 Item
1110 1071 1290 1154 statuimus,
1313 1073 1397 1156 quod
1419 1093 1526 1143 ornnes
1548 1072 1662 1142 eolleni
1674 1070 1765 1138 nobis
1782 1072 1884 1139 tribus

341 1173 451 1241 diebus
472 1175 505 1241 in
526 1192 609 1241 anno
628 1193 748 1256 arrare,
768 1179 802 1241 et
823 1178 970 1257 quartum
991 1173 1075 1240 diem
1097 1173 1239 1242 laborare
1260 1177 1293 1242 irr
1316 1176 1484 1245 ialmtione
1512 1178 1576 1245 teni
1603 1175 1651 1243 vel
1673 1173 1707 1242 iu
1728 1175 1883 1257 campesi·

341 1276 430 1346 cione
451 1274 649 1345 tenebuntur.
679 1277 728 1346 Ut
743 1283 849 1345 autem
871 1277 929 1344 bec
950 1277 1108 1345 ordinacio
1129 1284 1164 1345 et
1183 1279 1324 1348 vendicio
1346 1281 1443 1349 robur
1464 1287 1615 1366 perpetue
1627 1277 1787 1346 &miuus
1801 1277 1884 1344 obti-

343 1385 427 1462 neat,
449 1385 610 1464 presentes
631 1380 726 1448 scribi
746 1380 877 1449 fecimus
902 1387 937 1447 et
965 1381 1067 1448 nostri
1096 1381 1192 1465 sigilli
1224 1385 1395 1454 munimine
1426 1384 1568 1453 roborari
1597 1380 1794 1469 presentibus
1822 1380 1884 1449 hiis

342 1481 490 1551 testibus:
520 1483 719 1552 Wlodissone
743 1485 878 1552 sculteto
905 1483 946 1552 de
967 1483 1085 1567 Magna
1111 1483 1233 1567 Lanka,
1256 1485 1438 1571 Wythkoue
1463 1486 1562 1554 fratre
1590 1487 1667 1567 eius,
1693 1483 1808 1551 comite
1833 1483 1884 1550 Ia-

341 1586 445 1655 reslao
464 1585 504 1655 de
525 1586 720 1670 Zamoczino,
743 1587 892 1672 Woyslao
913 1587 1097 1671 proconsule
1118 1587 1158 1654 de
1180 1586 1333 1674 Crayvyn
1359 1595 1393 1657 et
1413 1590 1579 1667 Humerus
1605 1588 1730 1657 concive
1757 1586 1883 1670 ibidem,

341 1694 377 1757 et
392 1689 464 1757 aliis
484 1708 579 1776 quarn
599 1691 742 1775 plurimis
763 1691 825 1758 tide
846 1691 959 1776 dignis
1003 1691 1123 1758 Datum
1144 1697 1178 1759 et
1197 1698 1304 1760 actum
1332 1693 1365 1760 in
1390 1692 1542 1780 Orapwpn
1569 1693 1603 1759 in
1629 1691 1722 1760 donro
1743 1690 1884 1775 Woyslai

343 1810 402 1877 per
423 1810 535 1860 manus
552 1791 670 1860 domini
692 1793 841 1862 llernrani
864 1793 992 1880 plebani
1012 1792 1052 1862 de
1068 1792 1230 1880 crzynyn,
1252 1816 1335 1864 anno
1352 1796 1480 1865 Domini
1493 1795 1658 1864 millesimo
1672 1791 1885 1862 ducentesimo

340 1895 531 1980 ocugesimo
562 1897 708 1980 secando,
739 1897 821 1965 teria
851 1896 951 1966 tercia
974 1897 1118 1981 proxima
1151 1903 1238 1967 autc·
1257 1897 1374 1968 iestam
1401 1899 1489 1970 beati
1508 1898 1673 1967 Adalberti
1692 1897 1829 1984 episcopi
1851 1901 1886 1965 et

341 1997 482 2068 martiris
502 1997 640 2085 gloriosi.

447 2204 566 2290 Gonia,
590 2206 701 2274 Gala
744 2205 889 2290 Sarbiuo,
910 2229 937 2271 r.
959 2209 1047 2272 1548
1067 2205 1223 2290 Skarbno,
1244 2212 1466 2290 munilia
1491 2208 1619 2277 Rullum
1633 2208 1796 2294 templum,
1817 2207 1885 2273 dzit

349 2312 510 2376 Omnem
522 2309 601 2376 eici.
630 2307 748 2396 lingna
761 2309 884 2394 Lanlra,
905 2313 1128 2401 Wieiticlrplri
1157 2311 1351 2412 Zcmoenino,
1366 2316 1531 2382 Szaraocr'a
1561 2312 1723 2400 cnyvpn,
1734 2316 1883 2397 lineata

1004 2608 1082 2697 Nr,
1116 2557 1217 2698 507.

446 2803 634 2890 &nundus
659 2805 817 2893 homini
846 2809 922 2892 dux
949 2807 1098 2892 Polonle
1124 2812 1260 2891 1282
1286 2831 1314 2892 a
1342 2810 1393 2911 d,
1425 2810 1469 2893 in
1493 2809 1627 2913 lllnslr3
1641 2826 1806 2896 oenfirmar
1820 2828 1884 2913 pri-

342 2924 457 3010 vilegia
473 2945 495 2993 a
514 2924 645 2995 ducibus
666 2930 824 3012 quondam
844 2929 993 2997 Poloniae
1010 2929 1155 2998 Boleslao
1176 2936 1210 2999 et
1229 2929 1377 2999 Messene
1397 2932 1588 3001 monasterio
1608 2932 1647 3000 de
1667 2931 1808 3017 blopilrro
1821 2931 1885 3000 eol·

342 3026 421 3111 lata,
442 3035 477 3096 et
495 3029 624 3115 insuper
642 3049 722 3100 nova
742 3034 892 3102 concmit.

454 3132 604 3202 suanm
628 3138 800 3202 canorae
844 3141 967 3218 nesae
993 3136 1162 3203 remeares
1190 3141 1228 3204 a
1257 3140 1474 3220 manopera,
1501 3142 1557 3218 sor.
1583 3140 1658 3205 117.
1680 3174 1725 3186 -
1748 3137 1884 3222 vomat,
1967 3137 1971 3146 ·

341 3203 461 3302 aare.
488 3239 953 3322 onavmrncaepacopara,
976 3242 1036 3305 ro.
1055 3246 1156 3320 prena
1174 3244 1229 3320 sor.
1253 3243 1327 3308 m.

446 3442 484 3511 lu
505 3443 630 3513 nemim
658 3450 765 3513 sancte
791 3451 825 3514 et
849 3445 1010 3513 individue
1032 3445 1197 3514 Trinitatis
1221 3465 1323 3514 amen.
1369 3445 1522 3526 Quoniam
1543 3465 1580 3515 ea
1606 3466 1667 3531 que
1692 3447 1726 3515 in
1745 3453 1886 3533 tempere
1911 3447 1913 3450 >

344 3551 491 3632 agantur,
512 3546 638 3616 libente
659 3553 800 3632 tempore
820 3567 841 3615 a
861 3548 1011 3616 memoria
1032 3554 1222 3617 evanescunt
1242 3549 1304 3616 nisi
1325 3549 1506 3616 testimonio
1527 3554 1561 3617 et
1578 3551 1736 3634 scriptura
1752 3551 1885 3618 authen.
1956 3635 1961 3647 ,
1994 3544 2040 3550 ”’
2069 3546 2073 3551 ·
2098 3548 2101 3552 ’

345 3650 409 3718 tica
427 3657 601 3736 murrata
619 3650 746 3735 luerint,
769 3653 866 3737 igitur
883 3658 994 3719 notum
1019 3670 1088 3719 esse
1114 3652 1257 3719 volumus
1287 3651 1440 3718 universis
1468 3658 1534 3717 tam
1564 3652 1761 3735 presentibus
1790 3672 1884 3737 quam

345 3751 470 3837 minna,
492 3754 575 3839 qued
597 3773 655 3822 nos
675 3755 830 3823 secundus
850 3755 983 3823 Premisl
1004 3755 1064 3822 Dei
1084 3755 1191 3840 mania
1211 3755 1276 3821 dux
1295 3753 1424 3822 Polonie
1438 3753 1526 3820 ducti
1539 3773 1613 3821 vero
1628 3756 1756 3839 pietatis
1769 3775 1885 3839 amore,

345 3857 405 3925 reli
426 3863 460 3925 et
477 3858 601 3926 iusticie
620 3857 772 3926 babentes
795 3860 978 3928 memoriam
999 3858 1132 3925 idusuis
1154 3858 1304 3943 principis
1333 3857 1378 3940 pii
1404 3857 1549 3942 Boleslay
1575 3858 1669 3925 simul
1694 3878 1765 3926 cum
1786 3861 1886 3928 excel·

345 3959 519 4029 lenbmimo
539 3959 619 4029 duce
639 3961 787 4028 Messene
807 3962 891 4028 vianr
918 3961 1061 4029 universe
1090 3962 1193 4028 carnis
1220 3960 1441 4044 ingressorum,
1471 3979 1528 4044 pro
1555 3961 1692 4030 remedio
1710 3963 1886 4032 animarum

346 4063 486 4148 ipserum
503 4080 573 4132 cum
591 4082 714 4131 summa
733 4063 911 4132 devocionis
931 4063 1096 4148 diligenda
1117 4063 1295 4130 studuimus
1317 4063 1456 4147 ipsorum
1486 4064 1740 4147 predecessorum
1761 4067 1886 4150 privile·

345 4167 399 4251 gia
419 4166 620 4234 roboracione
641 4166 826 4234 confirmare
848 4167 1032 4235 roborantes
1054 4185 1092 4234 ea
1110 4167 1257 4251 ampliori
1277 4184 1393 4248 amore,
1416 4170 1450 4233 et
1463 4166 1646 4235 donationes
1661 4169 1809 4252 ipsorum,
1829 4189 1886 4254 pre

347 4270 566 4339 emendacione
587 4277 785 4354 peccatorum
805 4278 985 4338 nostrorum
1003 4276 1036 4338 et
1058 4270 1161 4336 anime
1182 4275 1290 4336 nostre
1311 4268 1344 4335 in
1369 4268 1551 4350 remedium,
1577 4289 1616 4337 err
1644 4269 1759 4338 affeetu
1785 4272 1886 4340 cordis

347 4374 447 4441 nostri
468 4380 614 4459 percepto
635 4375 838 4459 protectionis
857 4382 892 4441 ct
911 4375 945 4441 irr
966 4375 1119 4441 auxilium
1140 4392 1228 4439 sacre
1249 4373 1378 4440 ecclesie
1399 4374 1500 4439 sancti
1523 4373 1669 4441 lobannis
1683 4375 1885 4459 Evangeliste

347 4477 380 4544 iu
400 4477 540 4563 blopilno
561 4495 683 4544 surnrna
703 4479 879 4561 provisione
897 4477 994 4559 ducti,
1016 4477 1187 4544 statuimus
1207 4476 1299 4543 firma
1320 4481 1354 4543 et
1375 4476 1481 4543 stabili
1500 4476 1704 4559 impressione
1723 4479 1823 4544 nostri
1845 4478 1887 4544 si·

346 4580 414 4664 gilli
436 4587 470 4650 et
490 4582 639 4649 memoria
660 4588 855 4665 perpetuare.
900 4581 1034 4665 Speciali
1056 4599 1129 4647 vero
1151 4585 1184 4646 et
1205 4580 1405 4663 prerogativa
1425 4578 1601 4661 dilectione,
1622 4586 1730 4647 sancto
1752 4578 1886 4663 Iohanni

347 4683 547 4770 Evangelistc
567 4689 601 4753 et
622 4692 754 4769 patr-ono
776 4684 900 4767 ibidem,
920 4692 954 4752 et
974 4686 1041 4750 eius
1063 4683 1208 4750 servitori
1230 4682 1356 4749 domino
1377 4681 1486 4749 abbati
1507 4681 1601 4749 Petro
1623 4689 1656 4750 et
1677 4681 1799 4767 prelata
1820 4703 1886 4752 nro·

347 4788 485 4857 uasterm
505 4787 702 4872 Mogilnensi‚
730 4806 826 4871 super
846 4787 994 4871 opuscola
1019 4787 1299 4853 instrumentorum
1322 4786 1460 4870 ipsorum
1488 4786 1741 4868 predecessorum
1769 4786 1827 4854 has
1848 4788 1887 4853 li·

347 4891 486 4960 bertates
507 4891 695 4959 contulimus
716 4909 786 4957 curn
809 4889 952 4957 omnibus
973 4887 1164 4955 utilitatibus
1186 4895 1219 4955 ct
1239 4889 1458 4973 proventibus:
1487 4907 1595 4955 enrnes
1615 4889 1706 4956 villas
1724 4908 1832 4957 eorum
1854 4897 1887 4960 et

348 4994 465 5063 incolas
486 4995 625 5079 ipsarum
645 4994 687 5060 ab
707 4993 850 5060 omnibus
871 4991 1080 5059 soluciooibus
1101 4992 1329 5060 Poloniealibus
1350 5011 1412 5075 que
1433 4996 1542 5058 nostro
1563 4991 1700 5059 dominio
1720 4992 1887 5061 dinoscun-

349 5103 402 5165 tur
418 5097 586 5182 pertinere,
609 5097 753 5165 videlicet
773 5117 794 5164 a
812 5116 917 5179 natan,
940 5115 960 5162 a
981 5115 1088 5180 povoz,
1111 5117 1131 5162 a
1153 5096 1279 5180 prevod,
1294 5116 1315 5161 a
1328 5095 1488 5180 poradlne,
1511 5087 1722 5178 apetvorove',
1737 5115 1758 5162 a
1772 5103 1885 5178 strena,

348 5218 492 5285 aporco,
515 5197 633 5267 above
654 5206 688 5265 et
708 5220 811 5281 vacca,
834 5200 875 5267 ab
897 5218 964 5279 ove,
986 5219 1007 5265 a
1028 5199 1190 5281 theloneis,
1212 5200 1351 5283 angariis
1372 5207 1407 5268 et
1428 5199 1630 5282 preangnriis,
1658 5197 1699 5266 ab
1717 5201 1887 5267 exactioni-

350 5303 417 5387 bus,
440 5302 650 5389 pensionibus,
673 5303 931 5388 prestacionibus,
951 5309 985 5368 et
1004 5301 1045 5370 ab
1065 5303 1150 5370 omni
1172 5304 1245 5388 iugo
1268 5303 1434 5372 tributarie
1449 5303 1611 5371 servitutis
1625 5320 1821 5389 quocumque
1836 5324 1887 5373 vo-

1682 5423 1733 5480 uo·
