4860 6180
1109 625 1183 711 Nr.
1216 626 1315 712 560.

535 818 664 902 nsua
691 819 769 902 ruz
796 818 977 920 unone,
1005 817 1233 903 snoomnu
1261 843 1304 905 ae
1330 760 1472 905 snam
1499 827 1634 906 1285
1659 846 1688 907 c.
1716 825 1766 923 n,
1794 822 1981 927 umorve
2104 891 2107 896 .
2199 938 2203 946 Ι

431 937 552 1006 redibas
570 939 796 1025 inconstantes,
817 940 872 1025 qui
891 941 1082 1008 monasterio
1103 941 1143 1008 dc
1163 940 1367 1010 Trucmrszno
1388 943 1428 1011 de
1454 943 1591 1029 qualum
1616 944 1718 1012 salina
1745 962 1843 1028 prope
1865 943 1981 1012 Crocu-

432 1041 514 1109 viam
534 1042 769 1127 proveniebant,
792 1043 968 1129 incertum
990 1062 1116 1111 censum
1136 1049 1249 1111 mutat.

535 1150 673 1226 Pergam.
696 1151 814 1226 crypta
858 1150 934 1210 Ilm
955 1152 1078 1232 mogoin
1096 1166 1290 1227 poprzecme
1312 1153 1353 1213 od
1372 1155 1607 1232 prmswieszertiu
1624 1153 1769 1236 pieczpci.

536 1251 740 1316 stammam.
783 1251 868 1317 Pria.
896 1253 982 1314 Gonu
1009 1253 1081 1314 Caro
1103 1252 1179 1330 Καρ.
1201 1248 1351 1318 suamc

533 1453 572 1522 ln
602 1455 730 1525 nomine
761 1453 888 1524 Domini
919 1474 1023 1524 amen.
1066 1456 1147 1537 Quia
1173 1476 1236 1541 que
1261 1463 1415 1542 geruntur
1440 1458 1474 1525 in
1500 1464 1642 1544 tempore
1667 1475 1708 1526 ne
1735 1457 1885 1526 lobuntur
1909 1475 1980 1525 cum

430 1562 581 1642 tempure,
602 1559 732 1643 dignum
754 1578 791 1628 ac
811 1577 938 1628 necesse
959 1565 1009 1626 est
1029 1579 1069 1628 ec
1090 1558 1269 1628 bominibus
1291 1561 1394 1629 tenaci
1414 1561 1564 1631 memorie
1585 1561 1811 1642 commendare,
1829 1579 1892 1644 que
1913 1560 1981 1628 suis

431 1661 624 1746 temporibus
656 1662 856 1730 laudabiliter
881 1667 1073 1729 statuerunt
1117 1662 1253 1730 Proinde
1278 1680 1336 1730 nos
1363 1662 1478 1731 Lestco
1504 1664 1565 1732 Dei
1592 1665 1699 1750 gracia
1724 1664 1789 1730 dux
1820 1662 1980 1746 Gmeovie,

431 1760 627 1834 Sandomirie
647 1785 685 1834 uc
716 1765 839 1833 Siradie
868 1770 979 1832 notum
1005 1763 1137 1832 iacimus
1163 1766 1317 1833 universis
1338 1767 1536 1850 presentibus
1560 1774 1738 1852 presentem
1764 1765 1911 1851 paginam
1932 1766 1981 1832 in·

416 1868 597 1951 wsb
619 1867 704 1952 ‘1⁰⁰⁶
725 1887 796 1936 Μ
818 1867 964 1935 cominus
982 1867 1140 1935 nunnus
1161 1869 1339 1953 numius
1360 1867 1494 1937 fratrum
1515 1869 1643 1937 omnis
1657 1869 1742 1938 sau
1757 1868 1928 1953 innan
1941 1867 1982 1935 ue
2000 1885 2016 1893 ι’
2065 1886 2079 1893 ··

433 1967 526 2036 domo
540 1968 779 2053 Zcremessensi,
794 1989 900 2038 corum
912 1969 1004 2038 nobis
1014 1976 1048 2036 et
1057 1971 1174 2038 nostris
1185 1970 1354 2040 baronibus
1367 1971 1543 2040 evidencius
1555 1990 1613 2056 per
1625 1970 1790 2056 privilegiu
1801 1977 1981 2038 nostrorum

394 2121 398 2127 -
431 2072 667 2156 progenitorum
687 2080 721 2140 et
742 2092 799 2158 per
819 2073 1036 2141 testimonium
1058 2075 1301 2142 commendabile
1321 2075 1520 2157 ostendisset,
1542 2092 1577 2143 se
1597 2075 1712 2143 babere
1730 2073 1888 2159 quondam
1906 2071 1981 2140 suli·

430 2193 504 2242 nam
525 2192 587 2258 pue
610 2175 679 2245 0..
701 2180 736 2259 (5
757 2182 877 2242 iterem
898 2178 968 2263 det)
989 2176 1161 2260 vulgariter
1179 2177 1296 2246 dicitur
1315 2195 1413 2262 prope
1435 2177 1617 2245 Cracovium
1639 2178 1673 2244 in
1694 2194 1807 2261 magno
1829 2175 1904 2257 sale,
1926 2193 1982 2242 va·

432 2277 549 2345 lentem
570 2278 701 2362 singulis
721 2279 813 2346 annis
835 2279 989 2363 quasdam
1007 2297 1130 2348 marcas
1151 2282 1285 2372 argenti,
1307 2286 1418 2366 utpote
1436 2281 1556 2366 decem,
1575 2285 1609 2348 et
1630 2281 1818 2365 quandoque
1831 2285 1912 2362 octo,
1934 2278 1982 2344 ite

430 2379 515 2464 quod
534 2380 722 2465 quaudoque
743 2382 842 2450 eciem
855 2383 1002 2466 ‚qunque
1022 2400 1145 2450 mareas
1166 2384 1290 2467 argenti
1310 2381 1419 2451 cadem
1443 2382 1545 2451 salius
1569 2381 1778 2467 persolvebat
1816 2379 1879 2448 Sed
1904 2381 1981 2464 quis

431 2482 499 2550 sine
515 2481 611 2550 dubio
633 2483 775 2568 predicta
795 2484 913 2552 solucio
934 2486 1001 2553 sive
1022 2502 1134 2553 census
1152 2486 1334 2570 supradicte
1355 2486 1515 2571 preposito
1537 2503 1609 2554 cum
1630 2484 1782 2554 fratribus
1804 2482 1980 2566 tenebatur,

430 2583 546 2653 idcirco
567 2603 625 2654 uos
646 2586 700 2671 pia
720 2586 949 2656 deliberacione
967 2592 1001 2655 et
1020 2587 1136 2655 devote
1156 2606 1196 2654 ex
1216 2593 1327 2655 nostru
1355 2593 1456 2672 parte,
1480 2592 1515 2655 et
1538 2587 1684 2655 dominus
1711 2586 1890 2682 prepositus
1908 2603 1981 2654 cum

432 2694 586 2756 conventu
606 2707 645 2756 ex
664 2688 768 2756 altera
789 2695 889 2774 parte,
912 2689 1008 2757 telem
1030 2689 1070 2759 de
1084 2693 1189 2758 cetero
1204 2707 1332 2757 censum
1353 2690 1420 2756 sive
1440 2689 1629 2758 solucionem
1651 2689 1782 2774 siugulis
1802 2688 1895 2756 annis
1915 2693 1980 2756 stu·

432 2788 550 2857 tuimus
571 2791 825 2875 persolvendum:
849 2798 886 2858 ut
906 2791 1015 2859 decem
1036 2791 1157 2859 modios
1178 2791 1254 2858 salis
1275 2791 1309 2857 in
1327 2808 1507 2859 mensnram
1528 2791 1767 2860 cracoviensem
1789 2791 1823 2858 in
1839 2789 1909 2859 loco
1929 2808 1981 2857 su·

432 2893 576 2977 prodictu
594 2901 765 2962 conventus
786 2894 964 2980 sepedictus
991 2913 1062 2962 cum
1092 2895 1252 2979 preposito
1280 2894 1420 2978 recipere
1446 2893 1582 2962 debeant
1601 2893 1775 2975 munaum,
1803 2898 1883 2978 aput
1908 2892 1981 2960 illos

431 2995 586 3079 videlicet
608 2996 664 3080 qui
684 2997 761 3064 salis
779 3016 912 3081 suppum
933 2998 1000 3065 sive
1020 2995 1157 3065 officium
1177 2995 1339 3080 possident
1359 3003 1393 3064 et
1413 3001 1570 3064 exercent
1601 2995 1640 3062 ln
1661 2996 1749 3063 cuius
1771 2994 1817 3063 rei
1839 2995 1982 3062 testimo·

433 3097 530 3180 nium,
552 3116 682 3182 presens
700 3098 854 3182 seriptum
875 3099 1065 3168 contulimus
1086 3099 1188 3166 nostri
1216 3091 1312 3182 sigilli
1341 3100 1513 3165 munimine
1538 3098 1730 3166 roboratum.
1762 3098 1881 3165 Datum
1904 3088 1986 3164 cra'
2050 3116 2054 3126 ·

433 3199 519 3267 ccvie
537 3218 620 3269 anno
642 3199 770 3268 Domini
787 3200 1048 3269 M.CC.LXXXV
1063 3220 1167 3269 coram
1186 3201 1248 3268 hiis
1263 3200 1411 3269 testibus:
1434 3202 1579 3269 dominus
1593 3202 1758 3286 episeopus
1772 3200 1890 3268 Paulus
1904 3199 1982 3267 Gru·

432 3301 593 3386 covieusis,
609 3321 713 3370 comes
727 3302 873 3370 Imusius
888 3304 1080 3371 castellanus
1095 3302 1320 3386 cracoviensis,
1335 3322 1439 3372 comes
1453 3303 1530 3371 Otto
1540 3303 1699 3387 palatinus
1709 3302 1980 3383 Scudomiriensis,

318 3422 326 3437 ·
432 3422 535 3471 comes
555 3403 712 3473 Iohannes
731 3405 921 3473 castellanus
939 3404 1148 3488 Lublineusis,
1170 3424 1274 3474 comes
1293 3405 1461 3500 chslaus
1482 3405 1731 3498 subcamerarius
1754 3403 1981 3487 Oracoviensis,

318 3523 327 3536 ·
432 3524 537 3576 comes
557 3505 731 3575 Dobcslaus
751 3508 961 3576 tesmuremus
983 3507 1207 3577 Cruooviensis.

535 3693 850 3779 lammam&
875 3699 1080 3764 memerato.

1102 3993 1176 4080 Nr.
1209 3992 1309 4080 561.

537 4187 723 4273 Secundus
756 4187 916 4272 Promisi
950 4189 1027 4272 dus
1061 4190 1211 4274 Pulonie
1245 4186 1676 4288 12861an7-12‚
1712 4187 1755 4271 in
1788 4187 1981 4291 Rogomu3

431 4309 624 4378 hereditates
646 4308 828 4378 Charbieliu
850 4316 884 4377 ct
905 4309 1042 4394 Diuzyn,
1062 4310 1137 4377 olim
1159 4330 1179 4376 u
1199 4310 1314 4377 conutu
1335 4309 1478 4392 Bogusso
1499 4309 1640 4390 collutos,
1668 4310 1859 4377 monasterio
1885 4307 1982 4376 Lubi-

433 4414 523 4480 neusi
543 4417 656 4480 contre
675 4413 859 4497 petitionem
879 4412 1047 4479 tiliolorum
1069 4411 1221 4496 praedicti
1245 4412 1406 4496 Bnguuvoc
1428 4409 1589 4478 adiudicat
1603 4417 1637 4478 et
1656 4412 1857 4481 libertatibus
1879 4416 1982 4480 caete·

433 4534 539 4584 rarum
563 4514 710 4582 villarum
731 4515 871 4582 eiusdem
893 4515 1077 4582 monasterii
1099 4515 1210 4581 munit

537 4622 676 4697 Perpetua
699 4624 816 4698 crypta.
861 4621 990 4682 uzon-rr
1010 4622 1052 4681 ort
1068 4621 1308 4700 przpmieszenia
1321 4615 1435 4694 jedoc'j
1450 4619 1593 4702 pieczpci

536 4720 673 4786 Poznur‘t
726 4725 890 4787 Bibliotelru
913 4720 1081 4801 Ruczprirk.
1136 4725 1275 4801 Iliplomu
1305 4724 1339 4784 B.
1370 4721 1421 4783 25.
1446 4754 1491 4768 -
1519 4717 1701 4800 Ruczyriski.
1758 4725 1828 4788 cod.
1861 4725 1982 4802 diplom.

437 4826 545 4889 Maior.
569 4827 671 4888 Polou.
694 4826 746 4886 68.

537 5027 574 5094 ln
607 5028 733 5099 nominc
766 5027 891 5095 Donniri
918 5047 1019 5095 omen
1066 5028 1148 5095 llum
1174 5026 1251 5094 vivit
1277 5027 1387 5095 littero
1417 5027 1494 5092 vivit
1520 5025 1658 5094 utactio
1680 5026 1983 5111 commissalittnre,

433 5132 524 5202 cuirav
544 5131 680 5200 esseruio
703 5132 805 5199 nutrit
825 5133 1007 5198 mennonium
1029 5137 1063 5198 et
1085 5131 1231 5198 roborata
1252 5131 1385 5215 suscipit
1406 5130 1643 5198 incrementum.
1672 5130 1773 5212 Igitur
1794 5147 1852 5197 nos
1873 5149 1984 5198 secun·

433 5235 495 5303 dus
516 5233 649 5302 l‘rcurizl
670 5235 730 5302 ilci
750 5235 856 5317 grstia
876 5234 939 5302 dux
959 5234 1088 5302 l’olonic
1106 5239 1215 5300 notum
1238 5233 1369 5300 smirnos
1392 5233 1546 5300 mrivcrsis
1576 5240 1642 5301 mur
1672 5232 1869 5319 presentibus
1887 5252 1983 5317 quum

1776 5350 1827 5406 dd*
