4860 6180
1997 311 2072 387 ast

527 524 607 586 otras
638 508 789 576 manrlato
826 527 934 576 eorum
965 507 1110 588 (linigero.
1155 508 1222 574 Nes
1243 527 1317 575 varo
1338 510 1572 592 progenitarum
1600 515 1781 576 nostrerum
1803 511 2004 580 (lavacionem
2026 510 2080 596 pie

528 617 749 707 prosequentes
772 610 896 690 allecta,
920 609 982 675 ianr
1004 608 1106 675 iliatam
1128 610 1319 677 iieiolirans
1344 630 1414 678 ‹rrirn
1437 613 1615 681 lronrinilrus
1636 619 1670 680 et
1691 630 1799 679 corunr
1822 616 1966 683 serviciis
1987 616 2080 684 simul

528 728 561 790 ct
581 712 792 793 libertatibus,
812 711 961 778 iratribus
984 711 1095 777 nonno
1117 712 1291 796 Lyrnlonsis
1314 715 1544 785 coritirmarnns.
1573 717 1619 785 ut
1641 722 1748 782 autern
1771 714 1830 782 boe
1853 725 1997 786 nostrum
2017 718 2082 786 tac·

530 833 595 892 tom
616 818 650 884 in
672 815 790 882 lionore
819 815 878 881 Dei
908 820 1077 897 sancteque
1099 814 1200 881 Maria
1219 815 1379 898 genitricis
1399 817 1536 885 cinsilern
1559 824 1662 886 ratum
1684 835 1722 882 ac
1743 815 1868 884 lirinum
1891 828 2075 901 parmaneat

527 924 774 1007 imperpetuum,
788 923 965 1001 presentem
987 917 1128 983 culnlrtm
1150 918 1245 999 sigilli
1267 918 1368 983 nostri
1384 923 1574 1002 appensione
1588 921 1734 987 «luximus
1749 918 1968 989 roborandam.
1996 924 2079 991 Acta

527 1031 600 1094 sunt
620 1022 678 1088 bec
699 1021 733 1087 in
756 1019 931 1104 Crampslro
954 1038 1036 1086 antro
1057 1020 1162 1102 gracie
1184 1017 1292 1086 nse.
1317 1020 1574 1103 quinquagesimo
1595 1024 1705 1107 prime,
1728 1021 1929 1105 presentibus
1950 1022 2080 1093 domitae

531 1127 667 1196 Falcone
688 1122 932 1206 archiepiscopo,
955 1122 1081 1204 Bagaso
1102 1121 1242 1205 palatino
1266 1119 1403 1202 Cuiauic,
1426 1122 1564 1191 Iohanne
1586 1126 1651 1193 lilio
1666 1123 1825 1206 Sebelaci,
1841 1125 2014 1193 Budirlavo
2028 1126 2078 1194 iu·

531 1230 598 1298 lice
616 1224 828 1305 lanciciense,
847 1223 968 1290 l'boma
985 1222 1193 1306 subuapiioro,
1217 1229 1250 1290 ct
1270 1225 1342 1291 aliis
1365 1242 1458 1307 quarn
1479 1226 1636 1308 pluribus.

633 1411 752 1497 Lynda,
775 1373 849 1498 Ipsi.
895 1409 1004 1491 Cloba,
1029 1413 1147 1477 Ktobin.
1192 1409 1345 1492 Cbecene,
1374 1411 1499 1479 Circeii.
1537 1412 1718 1499 Crampsco,
1743 1421 1881 1487 Krenai.

1202 1708 1275 1792 Nr.
1307 1703 1408 1792 299.

635 1904 792 2003 Premisl
820 1905 897 1987 dux
923 1905 1228 1988 Palanie1252
1255 1903 1339 1988 lan.
1366 1909 1454 2002 20,
1471 1906 1513 1988 in
1531 1906 1693 2011 luseum
1725 1926 1782 1993 aar
1815 1927 1965 1994 oenone
1998 1925 2082 1994 Gne

431 2074 435 2080 -
533 2026 640 2096 mensi
677 2026 785 2092 villam
823 2027 946 2093 comitis
976 2025 1144 2093 Osimben'i
1166 2025 1283 2092 dictam
1306 2024 1484 2108 Ostrowitc,
1507 2028 1648 2110 praefata
1667 2047 1741 2096 vere
1763 2029 1872 2096 canuti
1893 2048 1951 2115 pro
1972 2029 2082 2096 eadem

534 2129 624 2197 villas
644 2128 840 2214 legienniki
861 2136 894 2196 et
915 2129 1073 2196 Piotrono
1094 2129 1223 2197 confert.

497 2284 498 2287 ,
635 2233 776 2314 perpera
799 2238 917 2315 crypta
939 2254 961 2296 a
979 2232 1102 2313 Morene
1125 2237 1200 2297 maie
1218 2237 1372 2318 pieczpcic
1389 2238 1632 2313 prspmieazcnoe
1650 2238 1800 2313 piemsza
1821 2254 1863 2299 na
1883 2253 2013 2298 rzmrrze
2027 2237 2080 2312 je·

536 2335 650 2400 marn.
682 2353 800 2417 czcrrra,
833 2338 1054 2415 poetieam
1071 2339 1274 2415 pnedsiania
1303 2337 1431 2413 hanape
1450 2353 1493 2399 aa
1514 2341 1620 2411 ironic,
1641 2338 1918 2422 blopemaoiqccee,
1940 2357 1959 2399 z
1969 2344 2076 2416 pacto·

535 2440 630 2503 maur
650 2458 677 2501 n
694 2442 813 2519 lemicw
833 2460 851 2502 z
873 2434 1002 2518 sapien:
1027 2435 1060 2504 S.
1076 2436 1203 2503 Fut...
1219 2437 1261 2520 pi.
1296 2470 1328 2484 -·
1353 2440 1454 2515 antea
1475 2440 1588 2512 anilia,
1607 2441 1748 2518 pozosmt
1767 2458 1863 2502 samar
1877 2441 1969 2516 jecur.
1986 2437 2081 2519 'tritta

643 2541 787 2606 enam.
832 2543 951 2606 Arabia
979 2543 1109 2620 Capituli
1131 2544 1288 2620 necropor
1309 2541 1364 2605 Nr.
1387 2542 1440 2606 21.

639 2707 678 2776 In
698 2709 826 2777 nemine
859 2708 986 2776 Domini
1016 2712 1117 2777 uestri
1145 2711 1242 2778 lbesu
1264 2709 1383 2777 Christi
1403 2728 1505 2777 amera
1549 2709 1702 2791 Quoniam
1723 2709 1859 2777 mundus
1878 2709 2014 2779 caducus
2032 2716 2083 2778 est

538 2816 570 2879 et
588 2810 731 2894 dismas,
753 2812 884 2879 mttidie
897 2811 1021 2880 casibus
1036 2814 1187 2893 mriatm,
1209 2812 1325 2880 idcirce
1346 2829 1472 2879 necesse
1494 2818 1543 2878 est
1563 2812 1706 2879 acciones
1719 2811 1877 2894 legitimas
1891 2830 1954 2896 que
1967 2831 2085 2880 meme·

541 2913 589 2981 ria
615 2913 768 2998 indigent,
796 2933 854 2998 per
880 2915 989 2998 scripti
1011 2915 1235 2982 continentiam
1257 2915 1291 2981 in
1311 2912 1461 2981 noticiam
1482 2913 1656 2981 transmitti
1677 2919 1884 2997 posterorum.
1929 2913 2085 2982 ueremur

537 3015 634 3101 igitur
652 3016 791 3084 universi
813 3024 974 3101 presentes
995 3025 1029 3085 et
1046 3019 1174 3102 posteri,
1196 3017 1281 3101 quod
1303 3034 1360 3083 nos
1381 3015 1513 3082 Premisl
1534 3014 1594 3082 Dei
1614 3015 1722 3098 gracia
1741 3015 1808 3083 dax
1828 3015 1959 3083 Pelouie
1972 3016 2081 3084 villam

539 3118 661 3186 mmitis
682 3118 862 3202 Osimberii,
883 3119 1044 3187 Ostrerite
1065 3121 1200 3201 neruiue,
1222 3119 1365 3187 dedimus
1386 3117 1478 3184 beate
1496 3117 1669 3185 Adalbmte
1689 3122 1724 3184 et
1736 3117 1910 3186 venerabili
1928 3118 2014 3202 patri
2027 3117 2084 3215 (loy

482 3307 485 3314 Ι
538 3221 622 3291 mine
642 3222 786 3290 Flulceni
809 3222 1002 3290 Gnecneusis
1024 3224 1153 3291 ecclesie
1173 3223 1406 3306 archiepiscopo
1428 3221 1556 3304 musque
1585 3219 1817 3288 successoribus
1838 3221 1907 3287 iure
1926 3219 2084 3288 heredita·

540 3325 587 3392 rto
608 3323 737 3410 pacifice
768 3343 806 3392 ac
827 3325 933 3408 quiete
963 3332 1114 3408 perpetuo
1134 3325 1365 3409 possidendam,
1386 3323 1646 3407 quemadmodum
1667 3323 1701 3389 in
1722 3322 1885 3408 privileglo
1904 3329 2014 3390 nostro
2031 3341 2085 3390 su·

539 3444 596 3512 per
617 3427 677 3495 bec
703 3427 805 3496 silem
831 3425 880 3494 Fi
906 3426 1140 3512 arcbIepiscepe
1166 3427 1241 3496 dato
1262 3428 1385 3513 plenius
1406 3425 1593 3492 metiretur.
1638 3424 1756 3493 comiti
1777 3431 1884 3493 sutem
1906 3423 2084 3493 0simbari0

541 3528 670 3615 musque
687 3529 823 3615 posteris
846 3546 904 3613 pro
925 3529 1034 3596 mdem
1055 3530 1274 3612 prenominata
1294 3528 1369 3594 villa
1389 3526 1548 3594 &monte
1568 3525 1712 3594 dedimus
1733 3526 1840 3594 villam
1857 3525 2031 3608 Petrmnis,
2050 3531 2086 3595 et

381 3633 386 3641 ’
482 3634 483 3637 ’
540 3630 790 3699 ministerialium
811 3635 992 3698 nostrorum
1014 3633 1068 3715 qui
1088 3632 1262 3715 vulgariter
1283 3629 1450 3713 Lagemici
1469 3633 1632 3711 vocantur,
1651 3627 1725 3695 ville
1745 3622 1823 3696 dicti
1838 3628 2007 3696 Osimborii
2021 3627 2084 3696 lli·

541 3732 649 3801 ruciam
670 3733 796 3801 nomme
828 3733 1003 3816 coaugens,
1038 3751 1108 3800 cum
1129 3735 1273 3801 omnibus
1294 3731 1487 3798 abbatibus
1512 3731 1628 3815 quein
1649 3731 1790 3798 cissam
1810 3732 1860 3799 vel
1881 3731 1991 3799 haberi
2013 3748 2086 3817 pes·

545 3840 630 3918 mut
651 3835 721 3902 lure
741 3834 932 3902 beraultarie
953 3836 1179 3919 perpetualiter
1200 3833 1413 3920 possidendas.
1448 3833 1542 3901 Dicte
1556 3835 1655 3902 eciam
1672 3833 1747 3901 ville
1761 3834 1963 3919 ipsarumque
1984 3832 2086 3901 incole

456 4015 457 4018 Ἴ
543 3937 607 4006 sint
626 3938 771 4005 inmunes
792 3936 1045 4019 asernitutibus,
1078 3945 1182 4005 siresa
1203 3937 1348 4006 videlicet
1366 3943 1400 4002 et
1420 3935 1614 4020 podnorone,
1647 3954 1752 4004 ceram
1774 3943 1878 4005 caeno
1899 3938 2000 4006 eciam
2022 3955 2086 4005 uon

544 4040 754 4128 mpondeam
774 4058 832 4107 nec
854 4041 1000 4121 citantur,
1021 4046 1115 4125 prout
1134 4040 1289 4107 Mirucino
1303 4044 1337 4106 ct
1358 4039 1526 4121 Ostrorite,
1541 4037 1679 4106 eusdem
1694 4037 1863 4105 Osimborii
1873 4039 1958 4121 ville,
1979 4039 2087 4108 bacte-

542 4161 601 4211 nm
621 4162 661 4211 ex
692 4147 872 4210 nostrorum
903 4142 1073 4209 domcione
1094 4143 1345 4226 predecessorum
1367 4139 1553 4207 habuerrmt.
1597 4141 1645 4208 Ut
1664 4147 1771 4208 autem
1793 4140 1851 4208 bec
1872 4145 1983 4208 uestra
2003 4159 2086 4209 cem·

543 4246 680 4313 mutacio
710 4251 744 4312 et
772 4244 905 4311 ‹lomcie
935 4252 1086 4329 perpetue
1114 4245 1273 4311 firmitatis
1299 4242 1395 4309 robur
1418 4243 1591 4326 obtineant,
1614 4249 1791 4329 presentem
1810 4243 1957 4327 paginam
1978 4249 2088 4311 nostro

545 4350 579 4414 et
597 4346 716 4414 domini
736 4344 785 4412 Fi
808 4345 1034 4430 archiepiscopi
1056 4347 1168 4431 sigillis
1189 4344 1317 4412 fecimus
1339 4344 1488 4412 roborari.
1531 4347 1651 4414 Datum
1672 4343 1705 4411 in
1724 4344 1855 4414 Gnezna
1875 4345 1955 4413 XIII
1968 4345 2086 4413 Kalen·
2177 4425 2182 4431 ¹

548 4446 603 4516 (las
624 4447 800 4529 Februarii,
829 4467 912 4516 anno
932 4450 1046 4535 ,gracie
1066 4447 1156 4516 MCC
1175 4447 1431 4530 quinquagesimo
1449 4448 1594 4530 secundo,
1616 4446 1791 4516 indictione
1810 4447 1941 4530 decima,
1963 4466 2088 4532 presen-

546 4549 648 4618 tibus:
681 4551 791 4619 eodem
823 4549 950 4616 domino
984 4550 1032 4617 Fi.
1051 4551 1296 4634 archiepiscopo,
1318 4550 1432 4618 comite
1453 4551 1662 4637 Psetpellrone
1679 4552 1851 4620 castellam
1869 4551 2086 4633 Poznanieusi,

546 4654 658 4722 comite
678 4653 806 4721 Preslao
828 4654 894 4720 lilio
915 4653 1081 4721 Dirskonis
1105 4653 1275 4721 castellium
1304 4652 1344 4718 le
1365 4653 1508 4738 Βεεὶιοκν,
1530 4655 1675 4723 Ianussio
1696 4655 1892 4738 macellaria,
1914 4653 2088 4722 Wlescibe-

547 4754 594 4824 rie
626 4756 825 4824 tbmanrarie
861 4755 979 4823 domini
1012 4756 1254 4842 archicpiscopi,
1286 4755 1441 4824 Michaele
1475 4765 1585 4826 nostro
1621 4757 1782 4844 capellano
1815 4764 1849 4826 et
1885 4756 1958 4825 aliis
1992 4774 2088 4840 qaam

548 4855 698 4940 pluribus.

632 5026 821 5112 -osoovne,
843 5033 1005 5125 'ostresio
1026 5028 1271 5112 memnonios.
1315 5028 1403 5098 vnn
1415 5030 1587 5114 sermm,
1609 5036 1765 5098 rorone.
1808 5031 1897 5100 vura
1917 5009 2089 5115 monade

551 5148 633 5215 rum,
654 5134 848 5213 lupiemiilci.
884 5132 1050 5215 Minucino,
1074 5137 1216 5209 iliimrcin,
1239 5135 1280 5196 011
1300 5133 1401 5198 noles
1418 5137 1625 5214 popneesici
1644 5136 1666 5198 4
1685 5139 1752 5199 mile
1772 5138 1899 5214 odleptc.
1943 5132 2088 5218 Bechow,

552 5237 693 5302 seces

1898 5356 1936 5413 tt
