<?xml version="1.0" encoding="UTF-8"?>
<!DOCTYPE html PUBLIC "-//W3C//DTD XHTML 1.0 Transitional//EN"
    "http://www.w3.org/TR/xhtml1/DTD/xhtml1-transitional.dtd">
<html xmlns="http://www.w3.org/1999/xhtml" xml:lang="en" lang="en">
 <head>
  <title>
</title>
<meta http-equiv="Content-Type" content="text/html;charset=utf-8" />
  <meta name='ocr-system' content='tesseract 3.04.00' />
  <meta name='ocr-capabilities' content='ocr_page ocr_carea ocr_par ocr_line ocrx_word'/>
</head>
<body>
  <div class='ocr_page' id='page_1' title='image "./codexdiplomatic03zakrgoog_0055.png"; bbox 0 0 4860 6180; ppageno 0'>
   <div class='ocr_carea' id='block_1_1' title="bbox 1231 633 1437 730">
    <p class='ocr_par' dir='ltr' id='par_1_1' title="bbox 1231 633 1437 754">
     <span class='ocr_line' id='line_1_1' title="bbox 1231 633 1437 730; baseline 0.019 -5"><span class='ocrx_word' id='word_1_1' title='bbox 1231 639 1305 729; x_wconf 86' lang='lat' dir='ltr'><strong>Nr.</strong></span> <span class='ocrx_word' id='word_1_2' title='bbox 1337 633 1437 730; x_wconf 74' lang='lat'><strong>278.</strong></span> 
     </span>
    </p>
   </div>
   <div class='ocr_carea' id='block_1_2' title="bbox 561 830 2113 1245">
    <p class='ocr_par' dir='ltr' id='par_1_2' title="bbox 561 830 2113 1144">
     <span class='ocr_line' id='line_1_2' title="bbox 663 830 2112 941; baseline -0.001 -25"><span class='ocrx_word' id='word_1_3' title='bbox 663 830 822 916; x_wconf 82' lang='lat' dir='ltr'><strong>Promisi</strong></span> <span class='ocrx_word' id='word_1_4' title='bbox 853 835 930 917; x_wconf 88' lang='lat' dir='ltr'><strong>dux</strong></span> <span class='ocrx_word' id='word_1_5' title='bbox 967 832 1118 919; x_wconf 89' lang='lat' dir='ltr'><strong>Polonio</strong></span> <span class='ocrx_word' id='word_1_6' title='bbox 1149 840 1281 919; x_wconf 79' lang='lat'>1249</span> <span class='ocrx_word' id='word_1_7' title='bbox 1312 837 1409 941; x_wconf 78' lang='lat' dir='ltr'><strong>lug.</strong></span> <span class='ocrx_word' id='word_1_8' title='bbox 1441 843 1527 936; x_wconf 76' lang='lat'><strong>24,</strong></span> <span class='ocrx_word' id='word_1_9' title='bbox 1558 837 1601 920; x_wconf 91' lang='lat' dir='ltr'><strong>in</strong></span> <span class='ocrx_word' id='word_1_10' title='bbox 1633 836 1812 939; x_wconf 82' lang='lat' dir='ltr'><strong>coloquio</strong></span> <span class='ocrx_word' id='word_1_11' title='bbox 1844 835 1889 917; x_wconf 89' lang='lat' dir='ltr'><strong>in</strong></span> <span class='ocrx_word' id='word_1_12' title='bbox 1915 832 2112 935; x_wconf 85' lang='lat' dir='ltr'><strong>Sdnncow;</strong></span> 
     </span>
     <span class='ocr_line' id='line_1_3' title="bbox 561 951 2113 1041; baseline -0.003 -16"><span class='ocrx_word' id='word_1_13' title='bbox 561 951 722 1025; x_wconf 81' lang='lat' dir='ltr'><strong>adiudicat</strong></span> <span class='ocrx_word' id='word_1_14' title='bbox 752 951 960 1023; x_wconf 77' lang='lat' dir='ltr'>hereditatem</span> <span class='ocrx_word' id='word_1_15' title='bbox 993 955 1176 1038; x_wconf 85' lang='lat' dir='ltr'><strong>llolritnica‚</strong></span> <span class='ocrx_word' id='word_1_16' title='bbox 1209 975 1303 1041; x_wconf 87' lang='lat' dir='ltr'><strong>quam</strong></span> <span class='ocrx_word' id='word_1_17' title='bbox 1329 958 1490 1026; x_wconf 89' lang='lat' dir='ltr'><strong>comitissa</strong></span> <span class='ocrx_word' id='word_1_18' title='bbox 1517 955 1712 1026; x_wconf 77' lang='lat' dir='ltr'><strong>Strouelatra</strong></span> <span class='ocrx_word' id='word_1_19' title='bbox 1736 955 1928 1024; x_wconf 88' lang='lat' dir='ltr'><strong>monasterio</strong></span> <span class='ocrx_word' id='word_1_20' title='bbox 1956 952 1998 1020; x_wconf 90' lang='lat' dir='ltr'><strong>da</strong></span> <span class='ocrx_word' id='word_1_21' title='bbox 2026 951 2113 1021; x_wconf 91' lang='lat' dir='ltr'><strong>Obra</strong></span> 
     </span>
     <span class='ocr_line' id='line_1_4' title="bbox 562 1053 2113 1144; baseline -0.003 -20"><span class='ocrx_word' id='word_1_22' title='bbox 562 1054 751 1137; x_wconf 76' lang='lat' dir='ltr'><strong>contulerat,</strong></span> <span class='ocrx_word' id='word_1_23' title='bbox 772 1053 875 1123; x_wconf 88' lang='lat' dir='ltr'><strong>eidem</strong></span> <span class='ocrx_word' id='word_1_24' title='bbox 896 1057 1087 1126; x_wconf 86' lang='lat' dir='ltr'><strong>monasterio</strong></span> <span class='ocrx_word' id='word_1_25' title='bbox 1109 1065 1220 1128; x_wconf 90' lang='lat' dir='ltr'><strong>contra</strong></span> <span class='ocrx_word' id='word_1_26' title='bbox 1242 1061 1428 1144; x_wconf 81' lang='lat' dir='ltr'><strong>petitionem</strong></span> <span class='ocrx_word' id='word_1_27' title='bbox 1450 1061 1575 1128; x_wconf 87' lang='lat' dir='ltr'><strong>comitis</strong></span> <span class='ocrx_word' id='word_1_28' title='bbox 1604 1059 1710 1128; x_wconf 89' lang='lat' dir='ltr'><strong>Barnn</strong></span> <span class='ocrx_word' id='word_1_29' title='bbox 1726 1064 1761 1126; x_wconf 90' lang='lat' dir='ltr'><strong>et</strong></span> <span class='ocrx_word' id='word_1_30' title='bbox 1780 1056 1881 1144; x_wconf 89' lang='lat' dir='ltr'><strong>ipsius</strong></span> <span class='ocrx_word' id='word_1_31' title='bbox 1906 1054 2113 1139; x_wconf 77' lang='lat' dir='ltr'><strong>mgnadonis.</strong></span> 
     </span>
    </p>

    <p class='ocr_par' dir='ltr' id='par_1_3' title="bbox 665 1149 2033 1245">
     <span class='ocr_line' id='line_1_5' title="bbox 665 1149 2033 1245; baseline 0.002 -19"><span class='ocrx_word' id='word_1_32' title='bbox 665 1156 801 1226; x_wconf 70' lang='lat' dir='ltr'><strong>manet</strong></span> <span class='ocrx_word' id='word_1_33' title='bbox 845 1160 966 1240; x_wconf 68' lang='lat' dir='ltr'><strong>ebriat.</strong></span> <span class='ocrx_word' id='word_1_34' title='bbox 989 1162 1095 1225; x_wconf 64' lang='lat' dir='ltr'><strong>&amp;ante</strong></span> <span class='ocrx_word' id='word_1_35' title='bbox 1115 1165 1206 1227; x_wconf 75' lang='lat' dir='ltr'><strong>Aret.</strong></span> <span class='ocrx_word' id='word_1_36' title='bbox 1257 1164 1346 1239; x_wconf 87' lang='lat' dir='ltr'><strong>Obrn,</strong></span> <span class='ocrx_word' id='word_1_37' title='bbox 1365 1164 1428 1229; x_wconf 82' lang='lat' dir='ltr'><strong>Lib.</strong></span> <span class='ocrx_word' id='word_1_38' title='bbox 1446 1166 1547 1245; x_wconf 79' lang='lat' dir='ltr'><strong>privil.</strong></span> <span class='ocrx_word' id='word_1_39' title='bbox 1561 1182 1639 1243; x_wconf 78' lang='lat' dir='ltr'><strong>pop.</strong></span> <span class='ocrx_word' id='word_1_40' title='bbox 1660 1164 1692 1229; x_wconf 84' lang='lat'><strong>9.</strong></span> <span class='ocrx_word' id='word_1_41' title='bbox 2032 1149 2033 1152; x_wconf 24' lang='lat'>¹</span> 
     </span>
    </p>
   </div>
   <div class='ocr_carea' id='block_1_3' title="bbox 562 1358 2211 3500">
    <p class='ocr_par' dir='ltr' id='par_1_4' title="bbox 562 1358 2211 3500">
     <span class='ocr_line' id='line_1_6' title="bbox 667 1358 2167 1450; baseline -0.003 -19"><span class='ocrx_word' id='word_1_42' title='bbox 667 1358 750 1431; x_wconf 75' lang='lat' dir='ltr'><strong>Cum</strong></span> <span class='ocrx_word' id='word_1_43' title='bbox 770 1379 810 1431; x_wconf 79' lang='lat' dir='ltr'><strong>cc</strong></span> <span class='ocrx_word' id='word_1_44' title='bbox 830 1378 895 1446; x_wconf 87' lang='lat' dir='ltr'><strong>que</strong></span> <span class='ocrx_word' id='word_1_45' title='bbox 915 1369 1070 1445; x_wconf 79' lang='lat' dir='ltr'><strong>geruntur</strong></span> <span class='ocrx_word' id='word_1_46' title='bbox 1091 1364 1123 1431; x_wconf 95' lang='lat' dir='ltr'><strong>iu</strong></span> <span class='ocrx_word' id='word_1_47' title='bbox 1146 1369 1298 1450; x_wconf 79' lang='lat' dir='ltr'><strong>tenrpore,</strong></span> <span class='ocrx_word' id='word_1_48' title='bbox 1320 1383 1360 1432; x_wconf 91' lang='lat' dir='ltr'><strong>ne</strong></span> <span class='ocrx_word' id='word_1_49' title='bbox 1380 1363 1474 1433; x_wconf 92' lang='lat' dir='ltr'><strong>simul</strong></span> <span class='ocrx_word' id='word_1_50' title='bbox 1495 1384 1553 1449; x_wconf 88' lang='lat' dir='ltr'><strong>per</strong></span> <span class='ocrx_word' id='word_1_51' title='bbox 1572 1365 1760 1433; x_wconf 83' lang='lat' dir='ltr'><strong>obliuionem</strong></span> <span class='ocrx_word' id='word_1_52' title='bbox 1777 1362 1925 1431; x_wconf 89' lang='lat' dir='ltr'><strong>labuntur</strong></span> <span class='ocrx_word' id='word_1_53' title='bbox 1943 1379 2014 1427; x_wconf 90' lang='lat' dir='ltr'><strong>cunr</strong></span> <span class='ocrx_word' id='word_1_54' title='bbox 2035 1366 2115 1427; x_wconf 92' lang='lat' dir='ltr'><strong>tem·</strong></span> <span class='ocrx_word' id='word_1_55' title='bbox 2161 1393 2167 1408; x_wconf 94' lang='lat'><strong>·</strong></span> 
     </span>
     <span class='ocr_line' id='line_1_7' title="bbox 563 1461 2116 1551; baseline -0.002 -19"><span class='ocrx_word' id='word_1_56' title='bbox 563 1482 649 1549; x_wconf 88' lang='lat' dir='ltr'><strong>pore,</strong></span> <span class='ocrx_word' id='word_1_57' title='bbox 671 1463 880 1548; x_wconf 83' lang='lat' dir='ltr'><strong>quodcunque</strong></span> <span class='ocrx_word' id='word_1_58' title='bbox 903 1463 1119 1533; x_wconf 86' lang='lat' dir='ltr'><strong>inconvulsum</strong></span> <span class='ocrx_word' id='word_1_59' title='bbox 1137 1466 1297 1534; x_wconf 83' lang='lat' dir='ltr'><strong>observari</strong></span> <span class='ocrx_word' id='word_1_60' title='bbox 1318 1466 1498 1534; x_wconf 79' lang='lat' dir='ltr'><strong>decernitur</strong></span> <span class='ocrx_word' id='word_1_61' title='bbox 1519 1485 1646 1535; x_wconf 89' lang='lat' dir='ltr'><strong>necesse</strong></span> <span class='ocrx_word' id='word_1_62' title='bbox 1667 1473 1717 1535; x_wconf 92' lang='lat' dir='ltr'><strong>est</strong></span> <span class='ocrx_word' id='word_1_63' title='bbox 1737 1467 1864 1551; x_wconf 89' lang='lat' dir='ltr'><strong>seriptis</strong></span> <span class='ocrx_word' id='word_1_64' title='bbox 1883 1469 1941 1532; x_wconf 87' lang='lat' dir='ltr'><strong>aut</strong></span> <span class='ocrx_word' id='word_1_65' title='bbox 1968 1461 2116 1547; x_wconf 90' lang='lat' dir='ltr'><strong>probabi·</strong></span> 
     </span>
     <span class='ocr_line' id='line_1_8' title="bbox 563 1565 2115 1654; baseline -0.001 -20"><span class='ocrx_word' id='word_1_66' title='bbox 563 1565 641 1634; x_wconf 94' lang='lat' dir='ltr'><strong>llum</strong></span> <span class='ocrx_word' id='word_1_67' title='bbox 661 1566 800 1632; x_wconf 81' lang='lat' dir='ltr'><strong>uirorum</strong></span> <span class='ocrx_word' id='word_1_68' title='bbox 823 1567 1003 1634; x_wconf 91' lang='lat' dir='ltr'><strong>testimonio</strong></span> <span class='ocrx_word' id='word_1_69' title='bbox 1030 1571 1206 1653; x_wconf 79' lang='lat' dir='ltr'><strong>perornari,</strong></span> <span class='ocrx_word' id='word_1_70' title='bbox 1239 1570 1313 1637; x_wconf 92' lang='lat' dir='ltr'><strong>hinc</strong></span> <span class='ocrx_word' id='word_1_71' title='bbox 1338 1576 1388 1638; x_wconf 90' lang='lat' dir='ltr'><strong>est</strong></span> <span class='ocrx_word' id='word_1_72' title='bbox 1413 1570 1498 1654; x_wconf 85' lang='lat' dir='ltr'><strong>quod</strong></span> <span class='ocrx_word' id='word_1_73' title='bbox 1523 1588 1582 1638; x_wconf 92' lang='lat' dir='ltr'><strong>nos</strong></span> <span class='ocrx_word' id='word_1_74' title='bbox 1609 1569 1741 1639; x_wconf 90' lang='lat' dir='ltr'><strong>Premisl</strong></span> <span class='ocrx_word' id='word_1_75' title='bbox 1770 1570 1877 1636; x_wconf 81' lang='lat' dir='ltr'><strong>diviua</strong></span> <span class='ocrx_word' id='word_1_76' title='bbox 1906 1566 2031 1634; x_wconf 83' lang='lat' dir='ltr'><strong>favente</strong></span> <span class='ocrx_word' id='word_1_77' title='bbox 2052 1565 2115 1633; x_wconf 89' lang='lat' dir='ltr'><strong>cle·</strong></span> 
     </span>
     <span class='ocr_line' id='line_1_9' title="bbox 562 1666 2116 1757; baseline 0.001 -21"><span class='ocrx_word' id='word_1_78' title='bbox 562 1667 686 1736; x_wconf 87' lang='lat' dir='ltr'><strong>nrencia</strong></span> <span class='ocrx_word' id='word_1_79' title='bbox 705 1666 770 1734; x_wconf 85' lang='lat' dir='ltr'><strong>dux</strong></span> <span class='ocrx_word' id='word_1_80' title='bbox 795 1667 925 1735; x_wconf 90' lang='lat' dir='ltr'><strong>Polonie</strong></span> <span class='ocrx_word' id='word_1_81' title='bbox 951 1676 1062 1737; x_wconf 91' lang='lat' dir='ltr'><strong>notum</strong></span> <span class='ocrx_word' id='word_1_82' title='bbox 1089 1670 1220 1739; x_wconf 86' lang='lat' dir='ltr'><strong>iacimus</strong></span> <span class='ocrx_word' id='word_1_83' title='bbox 1248 1679 1314 1739; x_wconf 69' lang='lat' dir='ltr'><strong>mm</strong></span> <span class='ocrx_word' id='word_1_84' title='bbox 1339 1669 1541 1757; x_wconf 89' lang='lat' dir='ltr'><strong>presentibus</strong></span> <span class='ocrx_word' id='word_1_85' title='bbox 1571 1692 1667 1756; x_wconf 84' lang='lat' dir='ltr'><strong>quam</strong></span> <span class='ocrx_word' id='word_1_86' title='bbox 1693 1671 1819 1753; x_wconf 83' lang='lat' dir='ltr'><strong>futuris,</strong></span> <span class='ocrx_word' id='word_1_87' title='bbox 1849 1668 1933 1753; x_wconf 84' lang='lat' dir='ltr'><strong>quod</strong></span> <span class='ocrx_word' id='word_1_88' title='bbox 1953 1668 2116 1738; x_wconf 84' lang='lat' dir='ltr'><strong>comitissa</strong></span> 
     </span>
     <span class='ocr_line' id='line_1_10' title="bbox 564 1768 2116 1859; baseline 0 -20"><span class='ocrx_word' id='word_1_89' title='bbox 564 1768 749 1839; x_wconf 84' lang='lat' dir='ltr'><strong>Stronslaua</strong></span> <span class='ocrx_word' id='word_1_90' title='bbox 768 1769 882 1837; x_wconf 90' lang='lat' dir='ltr'><strong>relicta</strong></span> <span class='ocrx_word' id='word_1_91' title='bbox 903 1771 1063 1856; x_wconf 88' lang='lat' dir='ltr'><strong>qnondam</strong></span> <span class='ocrx_word' id='word_1_92' title='bbox 1084 1774 1208 1841; x_wconf 89' lang='lat' dir='ltr'><strong>comitis</strong></span> <span class='ocrx_word' id='word_1_93' title='bbox 1230 1774 1367 1857; x_wconf 85' lang='lat' dir='ltr'><strong>Andros,</strong></span> <span class='ocrx_word' id='word_1_94' title='bbox 1389 1781 1492 1843; x_wconf 87' lang='lat' dir='ltr'><strong>mater</strong></span> <span class='ocrx_word' id='word_1_95' title='bbox 1505 1775 1641 1857; x_wconf 78' lang='lat' dir='ltr'><strong>sineru,</strong></span> <span class='ocrx_word' id='word_1_96' title='bbox 1661 1774 1790 1859; x_wconf 89' lang='lat' dir='ltr'><strong>propriu</strong></span> <span class='ocrx_word' id='word_1_97' title='bbox 1803 1791 1841 1840; x_wconf 91' lang='lat' dir='ltr'><strong>ac</strong></span> <span class='ocrx_word' id='word_1_98' title='bbox 1856 1772 1940 1840; x_wconf 88' lang='lat' dir='ltr'><strong>bona</strong></span> <span class='ocrx_word' id='word_1_99' title='bbox 1953 1771 2116 1839; x_wconf 87' lang='lat' dir='ltr'><strong>voluntate</strong></span> 
     </span>
     <span class='ocr_line' id='line_1_11' title="bbox 564 1863 2116 1945; baseline -0.003 -2"><span class='ocrx_word' id='word_1_100' title='bbox 564 1890 624 1943; x_wconf 81' lang='lat' dir='ltr'><strong>sua</strong></span> <span class='ocrx_word' id='word_1_101' title='bbox 643 1872 774 1941; x_wconf 76' lang='lat' dir='ltr'><strong>ecclesie</strong></span> <span class='ocrx_word' id='word_1_102' title='bbox 788 1863 888 1942; x_wconf 78' lang='lat' dir='ltr'><strong>&#39;beate</strong></span> <span class='ocrx_word' id='word_1_103' title='bbox 906 1874 1008 1942; x_wconf 85' lang='lat' dir='ltr'><strong>Maria</strong></span> <span class='ocrx_word' id='word_1_104' title='bbox 1028 1877 1061 1941; x_wconf 93' lang='lat' dir='ltr'><strong>in</strong></span> <span class='ocrx_word' id='word_1_105' title='bbox 1082 1875 1168 1945; x_wconf 89' lang='lat' dir='ltr'><strong>Obra</strong></span> <span class='ocrx_word' id='word_1_106' title='bbox 1189 1884 1223 1944; x_wconf 91' lang='lat' dir='ltr'><strong>et</strong></span> <span class='ocrx_word' id='word_1_107' title='bbox 1240 1877 1391 1945; x_wconf 75' lang='lat' dir='ltr'><strong>denibus</strong></span> <span class='ocrx_word' id='word_1_108' title='bbox 1413 1877 1540 1945; x_wconf 86' lang='lat' dir='ltr'><strong>Ordinis</strong></span> <span class='ocrx_word' id='word_1_109' title='bbox 1563 1876 1779 1945; x_wconf 77' lang='lat' dir='ltr'><strong>cisterciensis</strong></span> <span class='ocrx_word' id='word_1_110' title='bbox 1800 1875 1916 1943; x_wconf 88' lang='lat' dir='ltr'><strong>ibidem</strong></span> <span class='ocrx_word' id='word_1_111' title='bbox 1929 1875 1964 1940; x_wconf 90' lang='lat' dir='ltr'><strong>in</strong></span> <span class='ocrx_word' id='word_1_112' title='bbox 1977 1873 2037 1940; x_wconf 88' lang='lat' dir='ltr'><strong>Dei</strong></span> <span class='ocrx_word' id='word_1_113' title='bbox 2051 1892 2116 1939; x_wconf 90' lang='lat' dir='ltr'><strong>ser-</strong></span> 
     </span>
     <span class='ocr_line' id='line_1_12' title="bbox 565 1974 2116 2064; baseline -0.001 -20"><span class='ocrx_word' id='word_1_114' title='bbox 565 1974 645 2044; x_wconf 74' lang='lat' dir='ltr'><strong>vicio</strong></span> <span class='ocrx_word' id='word_1_115' title='bbox 665 1974 718 2044; x_wconf 85' lang='lat' dir='ltr'><strong>(lie</strong></span> <span class='ocrx_word' id='word_1_116' title='bbox 739 1982 897 2061; x_wconf 86' lang='lat' dir='ltr'><strong>noctuque</strong></span> <span class='ocrx_word' id='word_1_117' title='bbox 919 1978 1136 2061; x_wconf 78' lang='lat' dir='ltr'><strong>existentibus,</strong></span> <span class='ocrx_word' id='word_1_118' title='bbox 1155 1979 1196 2047; x_wconf 94' lang='lat' dir='ltr'><strong>ob</strong></span> <span class='ocrx_word' id='word_1_119' title='bbox 1217 1999 1304 2064; x_wconf 91' lang='lat' dir='ltr'><strong>spem</strong></span> <span class='ocrx_word' id='word_1_120' title='bbox 1326 1980 1478 2048; x_wconf 82' lang='lat' dir='ltr'><strong>mercedis</strong></span> <span class='ocrx_word' id='word_1_121' title='bbox 1499 1981 1565 2048; x_wconf 85' lang='lat' dir='ltr'><strong>rite</strong></span> <span class='ocrx_word' id='word_1_122' title='bbox 1585 1986 1693 2047; x_wconf 90' lang='lat' dir='ltr'><strong>eterne</strong></span> <span class='ocrx_word' id='word_1_123' title='bbox 1710 1985 1744 2046; x_wconf 91' lang='lat' dir='ltr'><strong>et</strong></span> <span class='ocrx_word' id='word_1_124' title='bbox 1756 1979 1799 2044; x_wconf 94' lang='lat' dir='ltr'><strong>ob</strong></span> <span class='ocrx_word' id='word_1_125' title='bbox 1813 1976 1984 2045; x_wconf 89' lang='lat' dir='ltr'><strong>remedium</strong></span> <span class='ocrx_word' id='word_1_126' title='bbox 2003 1994 2116 2060; x_wconf 88' lang='lat' dir='ltr'><strong>paren·</strong></span> 
     </span>
     <span class='ocr_line' id='line_1_13' title="bbox 566 2076 2117 2167; baseline -0.001 -21"><span class='ocrx_word' id='word_1_127' title='bbox 566 2083 635 2146; x_wconf 89' lang='lat' dir='ltr'><strong>tum</strong></span> <span class='ocrx_word' id='word_1_128' title='bbox 656 2095 695 2146; x_wconf 90' lang='lat' dir='ltr'><strong>ac</strong></span> <span class='ocrx_word' id='word_1_129' title='bbox 716 2076 852 2145; x_wconf 88' lang='lat' dir='ltr'><strong>liliorum</strong></span> <span class='ocrx_word' id='word_1_130' title='bbox 875 2098 1003 2146; x_wconf 88' lang='lat' dir='ltr'><strong>suorum</strong></span> <span class='ocrx_word' id='word_1_131' title='bbox 1025 2081 1086 2147; x_wconf 90' lang='lat' dir='ltr'><strong>sibi</strong></span> <span class='ocrx_word' id='word_1_132' title='bbox 1107 2082 1235 2165; x_wconf 86' lang='lat' dir='ltr'><strong>suisque</strong></span> <span class='ocrx_word' id='word_1_133' title='bbox 1256 2083 1290 2148; x_wconf 92' lang='lat' dir='ltr'><strong>in</strong></span> <span class='ocrx_word' id='word_1_134' title='bbox 1311 2088 1499 2167; x_wconf 90' lang='lat' dir='ltr'><strong>perpetuum</strong></span> <span class='ocrx_word' id='word_1_135' title='bbox 1520 2082 1698 2166; x_wconf 85' lang='lat' dir='ltr'><strong>providens,</strong></span> <span class='ocrx_word' id='word_1_136' title='bbox 1719 2080 1855 2149; x_wconf 90' lang='lat' dir='ltr'><strong>contulit</strong></span> <span class='ocrx_word' id='word_1_137' title='bbox 1868 2079 1977 2146; x_wconf 88' lang='lat' dir='ltr'><strong>villam</strong></span> <span class='ocrx_word' id='word_1_138' title='bbox 1992 2077 2117 2145; x_wconf 88' lang='lat' dir='ltr'><strong>nomine</strong></span> 
     </span>
     <span class='ocr_line' id='line_1_14' title="bbox 565 2178 2118 2270; baseline -0.001 -23"><span class='ocrx_word' id='word_1_139' title='bbox 565 2178 768 2248; x_wconf 84' lang='lat' dir='ltr'><strong>Itokitnicam</strong></span> <span class='ocrx_word' id='word_1_140' title='bbox 789 2199 863 2248; x_wconf 93' lang='lat' dir='ltr'><strong>cum</strong></span> <span class='ocrx_word' id='word_1_141' title='bbox 883 2180 1029 2249; x_wconf 89' lang='lat' dir='ltr'><strong>omnibus</strong></span> <span class='ocrx_word' id='word_1_142' title='bbox 1049 2184 1231 2251; x_wconf 77' lang='lat' dir='ltr'><strong>attinenciis</strong></span> <span class='ocrx_word' id='word_1_143' title='bbox 1252 2185 1329 2266; x_wconf 85' lang='lat' dir='ltr'><strong>suis,</strong></span> <span class='ocrx_word' id='word_1_144' title='bbox 1351 2202 1447 2268; x_wconf 86' lang='lat' dir='ltr'><strong>qnam</strong></span> <span class='ocrx_word' id='word_1_145' title='bbox 1467 2204 1490 2253; x_wconf 87' lang='lat' dir='ltr'><strong>a</strong></span> <span class='ocrx_word' id='word_1_146' title='bbox 1508 2189 1602 2270; x_wconf 90' lang='lat' dir='ltr'><strong>patre</strong></span> <span class='ocrx_word' id='word_1_147' title='bbox 1622 2202 1680 2251; x_wconf 91' lang='lat' dir='ltr'><strong>suo</strong></span> <span class='ocrx_word' id='word_1_148' title='bbox 1701 2183 1816 2252; x_wconf 90' lang='lat' dir='ltr'><strong>comite</strong></span> <span class='ocrx_word' id='word_1_149' title='bbox 1836 2180 1968 2247; x_wconf 83' lang='lat' dir='ltr'><strong>Vilcone</strong></span> <span class='ocrx_word' id='word_1_150' title='bbox 1986 2197 2045 2265; x_wconf 93' lang='lat' dir='ltr'><strong>pro</strong></span> <span class='ocrx_word' id='word_1_151' title='bbox 2065 2197 2118 2246; x_wconf 92' lang='lat' dir='ltr'><strong>or·</strong></span> 
     </span>
     <span class='ocr_line' id='line_1_15' title="bbox 565 2280 2118 2371; baseline -0.001 -20"><span class='ocrx_word' id='word_1_152' title='bbox 565 2287 645 2351; x_wconf 85' lang='lat' dir='ltr'><strong>natu</strong></span> <span class='ocrx_word' id='word_1_153' title='bbox 665 2281 700 2349; x_wconf 88' lang='lat' dir='ltr'><strong>ln</strong></span> <span class='ocrx_word' id='word_1_154' title='bbox 720 2282 829 2350; x_wconf 89' lang='lat' dir='ltr'><strong>dotem</strong></span> <span class='ocrx_word' id='word_1_155' title='bbox 850 2282 1041 2352; x_wconf 87' lang='lat' dir='ltr'><strong>hereditario</strong></span> <span class='ocrx_word' id='word_1_156' title='bbox 1060 2284 1129 2353; x_wconf 91' lang='lat' dir='ltr'><strong>iure</strong></span> <span class='ocrx_word' id='word_1_157' title='bbox 1151 2285 1271 2371; x_wconf 86' lang='lat' dir='ltr'><strong>absque</strong></span> <span class='ocrx_word' id='word_1_158' title='bbox 1292 2286 1360 2354; x_wconf 92' lang='lat' dir='ltr'><strong>ulla</strong></span> <span class='ocrx_word' id='word_1_159' title='bbox 1378 2286 1608 2355; x_wconf 74' lang='lat' dir='ltr'><strong>retractacione</strong></span> <span class='ocrx_word' id='word_1_160' title='bbox 1628 2284 1848 2371; x_wconf 82' lang='lat' dir='ltr'><strong>possidendam</strong></span> <span class='ocrx_word' id='word_1_161' title='bbox 1865 2281 2014 2367; x_wconf 83' lang='lat' dir='ltr'><strong>suscepit</strong></span> <span class='ocrx_word' id='word_1_162' title='bbox 2054 2280 2118 2366; x_wconf 76' lang='lat' dir='ltr'><strong>Igi-</strong></span> 
     </span>
     <span class='ocr_line' id='line_1_16' title="bbox 566 2383 2119 2472; baseline -0.001 -19"><span class='ocrx_word' id='word_1_163' title='bbox 566 2389 620 2453; x_wconf 85' lang='lat' dir='ltr'><strong>tur</strong></span> <span class='ocrx_word' id='word_1_164' title='bbox 640 2384 675 2451; x_wconf 93' lang='lat' dir='ltr'><strong>iu</strong></span> <span class='ocrx_word' id='word_1_165' title='bbox 696 2385 769 2470; x_wconf 86' lang='lat' dir='ltr'><strong>ipsa</strong></span> <span class='ocrx_word' id='word_1_166' title='bbox 786 2384 867 2452; x_wconf 88' lang='lat' dir='ltr'><strong>bora</strong></span> <span class='ocrx_word' id='word_1_167' title='bbox 888 2386 1099 2454; x_wconf 81' lang='lat' dir='ltr'><strong>conversionis</strong></span> <span class='ocrx_word' id='word_1_168' title='bbox 1125 2388 1266 2472; x_wconf 81' lang='lat' dir='ltr'><strong>predicte</strong></span> <span class='ocrx_word' id='word_1_169' title='bbox 1292 2388 1453 2456; x_wconf 88' lang='lat' dir='ltr'><strong>comitisse</strong></span> <span class='ocrx_word' id='word_1_170' title='bbox 1473 2388 1515 2456; x_wconf 84' lang='lat' dir='ltr'><strong>ud</strong></span> <span class='ocrx_word' id='word_1_171' title='bbox 1543 2387 1703 2471; x_wconf 86' lang='lat' dir='ltr'><strong>Ordinem,</strong></span> <span class='ocrx_word' id='word_1_172' title='bbox 1730 2385 1869 2455; x_wconf 82' lang='lat' dir='ltr'><strong>surrexit</strong></span> <span class='ocrx_word' id='word_1_173' title='bbox 1887 2401 1990 2452; x_wconf 83' lang='lat' dir='ltr'><strong>comas</strong></span> <span class='ocrx_word' id='word_1_174' title='bbox 2011 2383 2119 2452; x_wconf 89' lang='lat' dir='ltr'><strong>Barau</strong></span> 
     </span>
     <span class='ocr_line' id='line_1_17' title="bbox 566 2484 2118 2573; baseline -0.001 -17"><span class='ocrx_word' id='word_1_175' title='bbox 566 2486 715 2556; x_wconf 78' lang='lat' dir='ltr'><strong>adremns</strong></span> <span class='ocrx_word' id='word_1_176' title='bbox 734 2506 805 2556; x_wconf 84' lang='lat' dir='ltr'><strong>earn</strong></span> <span class='ocrx_word' id='word_1_177' title='bbox 825 2492 861 2557; x_wconf 88' lang='lat' dir='ltr'><strong>et</strong></span> <span class='ocrx_word' id='word_1_178' title='bbox 878 2487 1019 2572; x_wconf 85' lang='lat' dir='ltr'><strong>predicte</strong></span> <span class='ocrx_word' id='word_1_179' title='bbox 1039 2488 1159 2558; x_wconf 87' lang='lat' dir='ltr'><strong>Domus</strong></span> <span class='ocrx_word' id='word_1_180' title='bbox 1180 2491 1328 2559; x_wconf 88' lang='lat' dir='ltr'><strong>abbatem</strong></span> <span class='ocrx_word' id='word_1_181' title='bbox 1353 2489 1483 2558; x_wconf 88' lang='lat' dir='ltr'><strong>Petrum</strong></span> <span class='ocrx_word' id='word_1_182' title='bbox 1512 2489 1688 2559; x_wconf 85' lang='lat' dir='ltr'><strong>reclamans</strong></span> <span class='ocrx_word' id='word_1_183' title='bbox 1708 2490 1748 2558; x_wconf 88' lang='lat' dir='ltr'><strong>de</strong></span> <span class='ocrx_word' id='word_1_184' title='bbox 1768 2507 1866 2573; x_wconf 91' lang='lat' dir='ltr'><strong>supra</strong></span> <span class='ocrx_word' id='word_1_185' title='bbox 1886 2487 1975 2555; x_wconf 89' lang='lat' dir='ltr'><strong>dicta</strong></span> <span class='ocrx_word' id='word_1_186' title='bbox 1994 2484 2118 2554; x_wconf 88' lang='lat' dir='ltr'><strong>beredi-</strong></span> 
     </span>
     <span class='ocr_line' id='line_1_18' title="bbox 566 2575 2119 2677; baseline -0.002 -19"><span class='ocrx_word' id='word_1_187' title='bbox 566 2594 650 2672; x_wconf 85' lang='lat' dir='ltr'><strong>tate‚</strong></span> <span class='ocrx_word' id='word_1_188' title='bbox 679 2591 937 2676; x_wconf 88' lang='lat' dir='ltr'><strong>constituensque</strong></span> <span class='ocrx_word' id='word_1_189' title='bbox 966 2591 997 2659; x_wconf 91' lang='lat' dir='ltr'><strong>ei</strong></span> <span class='ocrx_word' id='word_1_190' title='bbox 1024 2575 1194 2660; x_wconf 74' lang='lat' dir='ltr'><strong>termnum</strong></span> <span class='ocrx_word' id='word_1_191' title='bbox 1215 2591 1369 2677; x_wconf 86' lang='lat' dir='ltr'><strong>prefixum</strong></span> <span class='ocrx_word' id='word_1_192' title='bbox 1388 2591 1422 2660; x_wconf 94' lang='lat' dir='ltr'><strong>in</strong></span> <span class='ocrx_word' id='word_1_193' title='bbox 1444 2591 1526 2660; x_wconf 83' lang='lat' dir='ltr'><strong>iusto</strong></span> <span class='ocrx_word' id='word_1_194' title='bbox 1548 2592 1634 2660; x_wconf 89' lang='lat' dir='ltr'><strong>beati</strong></span> <span class='ocrx_word' id='word_1_195' title='bbox 1654 2591 1871 2661; x_wconf 87' lang='lat' dir='ltr'><strong>Bartholomei</strong></span> <span class='ocrx_word' id='word_1_196' title='bbox 1891 2608 1997 2658; x_wconf 90' lang='lat' dir='ltr'><strong>coram</strong></span> <span class='ocrx_word' id='word_1_197' title='bbox 2018 2587 2119 2656; x_wconf 92' lang='lat' dir='ltr'><strong>nobis.</strong></span> 
     </span>
     <span class='ocr_line' id='line_1_19' title="bbox 567 2691 2121 2782; baseline -0.002 -21"><span class='ocrx_word' id='word_1_198' title='bbox 567 2691 649 2761; x_wconf 76' lang='lat' dir='ltr'><strong>dum</strong></span> <span class='ocrx_word' id='word_1_199' title='bbox 669 2693 738 2762; x_wconf 89' lang='lat' dir='ltr'><strong>dies</strong></span> <span class='ocrx_word' id='word_1_200' title='bbox 757 2693 938 2762; x_wconf 77' lang='lat' dir='ltr'><strong>aduenisset</strong></span> <span class='ocrx_word' id='word_1_201' title='bbox 958 2711 1022 2778; x_wconf 83' lang='lat' dir='ltr'><strong>quo</strong></span> <span class='ocrx_word' id='word_1_202' title='bbox 1044 2695 1192 2763; x_wconf 90' lang='lat' dir='ltr'><strong>indicium</strong></span> <span class='ocrx_word' id='word_1_203' title='bbox 1214 2714 1284 2765; x_wconf 92' lang='lat' dir='ltr'><strong>cum</strong></span> <span class='ocrx_word' id='word_1_204' title='bbox 1306 2694 1430 2782; x_wconf 81' lang='lat' dir='ltr'><strong>prefata</strong></span> <span class='ocrx_word' id='word_1_205' title='bbox 1449 2695 1611 2762; x_wconf 88' lang='lat' dir='ltr'><strong>eomitissa</strong></span> <span class='ocrx_word' id='word_1_206' title='bbox 1630 2700 1666 2762; x_wconf 92' lang='lat' dir='ltr'><strong>et</strong></span> <span class='ocrx_word' id='word_1_207' title='bbox 1684 2693 1801 2763; x_wconf 88' lang='lat' dir='ltr'><strong>abbate</strong></span> <span class='ocrx_word' id='word_1_208' title='bbox 1825 2694 1859 2760; x_wconf 94' lang='lat' dir='ltr'><strong>in</strong></span> <span class='ocrx_word' id='word_1_209' title='bbox 1881 2691 2044 2779; x_wconf 81' lang='lat' dir='ltr'><strong>presencia</strong></span> <span class='ocrx_word' id='word_1_210' title='bbox 2064 2708 2121 2758; x_wconf 90' lang='lat' dir='ltr'><strong>no·</strong></span> 
     </span>
     <span class='ocr_line' id='line_1_20' title="bbox 566 2773 2211 2882; baseline -0.001 -19"><span class='ocrx_word' id='word_1_211' title='bbox 566 2795 627 2863; x_wconf 85' lang='lat' dir='ltr'><strong>strl</strong></span> <span class='ocrx_word' id='word_1_212' title='bbox 646 2793 716 2864; x_wconf 87' lang='lat' dir='ltr'><strong>lieri</strong></span> <span class='ocrx_word' id='word_1_213' title='bbox 736 2793 908 2879; x_wconf 83' lang='lat' dir='ltr'><strong>debuisset,</strong></span> <span class='ocrx_word' id='word_1_214' title='bbox 929 2796 1090 2880; x_wconf 88' lang='lat' dir='ltr'><strong>predictus</strong></span> <span class='ocrx_word' id='word_1_215' title='bbox 1112 2816 1217 2866; x_wconf 90' lang='lat' dir='ltr'><strong>comes</strong></span> <span class='ocrx_word' id='word_1_216' title='bbox 1238 2799 1354 2867; x_wconf 91' lang='lat' dir='ltr'><strong>iudicio</strong></span> <span class='ocrx_word' id='word_1_217' title='bbox 1374 2804 1482 2867; x_wconf 81' lang='lat' dir='ltr'><strong>astura</strong></span> <span class='ocrx_word' id='word_1_218' title='bbox 1503 2798 1630 2882; x_wconf 88' lang='lat' dir='ltr'><strong>penitus</strong></span> <span class='ocrx_word' id='word_1_219' title='bbox 1653 2796 1801 2882; x_wconf 78' lang='lat' dir='ltr'><strong>neglexit,</strong></span> <span class='ocrx_word' id='word_1_220' title='bbox 1830 2795 1887 2864; x_wconf 88' lang='lat' dir='ltr'><strong>sed</strong></span> <span class='ocrx_word' id='word_1_221' title='bbox 1912 2814 1971 2864; x_wconf 89' lang='lat' dir='ltr'><strong>nec</strong></span> <span class='ocrx_word' id='word_1_222' title='bbox 1990 2812 2121 2879; x_wconf 90' lang='lat' dir='ltr'><strong>respou-</strong></span> <span class='ocrx_word' id='word_1_223' title='bbox 2205 2773 2211 2809; x_wconf 94' lang='lat'>&#39;</span> 
     </span>
     <span class='ocr_line' id='line_1_21' title="bbox 567 2897 2121 2982; baseline -0.001 -17"><span class='ocrx_word' id='word_1_224' title='bbox 567 2897 666 2966; x_wconf 82' lang='lat' dir='ltr'><strong>salem</strong></span> <span class='ocrx_word' id='word_1_225' title='bbox 685 2915 780 2965; x_wconf 89' lang='lat' dir='ltr'><strong>suum</strong></span> <span class='ocrx_word' id='word_1_226' title='bbox 801 2897 843 2965; x_wconf 96' lang='lat' dir='ltr'><strong>ob</strong></span> <span class='ocrx_word' id='word_1_227' title='bbox 863 2897 945 2967; x_wconf 84' lang='lat' dir='ltr'><strong>banc</strong></span> <span class='ocrx_word' id='word_1_228' title='bbox 966 2917 1095 2968; x_wconf 87' lang='lat' dir='ltr'><strong>causam</strong></span> <span class='ocrx_word' id='word_1_229' title='bbox 1115 2901 1212 2968; x_wconf 74' lang='lat' dir='ltr'><strong>misit.</strong></span> <span class='ocrx_word' id='word_1_230' title='bbox 1258 2900 1351 2970; x_wconf 89' lang='lat' dir='ltr'><strong>Unde</strong></span> <span class='ocrx_word' id='word_1_231' title='bbox 1368 2900 1458 2968; x_wconf 92' lang='lat' dir='ltr'><strong>nobis</strong></span> <span class='ocrx_word' id='word_1_232' title='bbox 1480 2904 1515 2968; x_wconf 90' lang='lat' dir='ltr'><strong>et</strong></span> <span class='ocrx_word' id='word_1_233' title='bbox 1534 2900 1693 2968; x_wconf 88' lang='lat' dir='ltr'><strong>nobilibus</strong></span> <span class='ocrx_word' id='word_1_234' title='bbox 1717 2898 1836 2966; x_wconf 71' lang='lat' dir='ltr'><strong>nostis</strong></span> <span class='ocrx_word' id='word_1_235' title='bbox 1866 2902 1943 2965; x_wconf 88' lang='lat' dir='ltr'><strong>tuuc</strong></span> <span class='ocrx_word' id='word_1_236' title='bbox 1969 2897 2121 2982; x_wconf 88' lang='lat' dir='ltr'><strong>temporis</strong></span> 
     </span>
     <span class='ocr_line' id='line_1_22' title="bbox 567 2999 2121 3088; baseline -0.002 -19"><span class='ocrx_word' id='word_1_237' title='bbox 567 2999 683 3070; x_wconf 80' lang='lat' dir='ltr'><strong>ibidem</strong></span> <span class='ocrx_word' id='word_1_238' title='bbox 703 3000 866 3070; x_wconf 76' lang='lat' dir='ltr'><strong>nobIscnm</strong></span> <span class='ocrx_word' id='word_1_239' title='bbox 887 3003 1129 3072; x_wconf 85' lang='lat' dir='ltr'><strong>consistentibus</strong></span> <span class='ocrx_word' id='word_1_240' title='bbox 1154 3004 1256 3072; x_wconf 87' lang='lat' dir='ltr'><strong>uisum</strong></span> <span class='ocrx_word' id='word_1_241' title='bbox 1279 3010 1339 3088; x_wconf 81' lang='lat' dir='ltr'><strong>est,</strong></span> <span class='ocrx_word' id='word_1_242' title='bbox 1368 3010 1407 3072; x_wconf 94' lang='lat' dir='ltr'><strong>ut</strong></span> <span class='ocrx_word' id='word_1_243' title='bbox 1432 3003 1633 3088; x_wconf 87' lang='lat' dir='ltr'><strong>supradictus</strong></span> <span class='ocrx_word' id='word_1_244' title='bbox 1661 3020 1765 3072; x_wconf 88' lang='lat' dir='ltr'><strong>comes</strong></span> <span class='ocrx_word' id='word_1_245' title='bbox 1793 3001 1901 3069; x_wconf 89' lang='lat' dir='ltr'><strong>Buran</strong></span> <span class='ocrx_word' id='word_1_246' title='bbox 1921 3005 1990 3068; x_wconf 83' lang='lat' dir='ltr'><strong>tam</strong></span> <span class='ocrx_word' id='word_1_247' title='bbox 2010 3004 2121 3067; x_wconf 90' lang='lat' dir='ltr'><strong>nostro</strong></span> 
     </span>
     <span class='ocr_line' id='line_1_23' title="bbox 568 3101 2122 3190; baseline -0.003 -17"><span class='ocrx_word' id='word_1_248' title='bbox 568 3120 664 3188; x_wconf 82' lang='lat' dir='ltr'><strong>quam</strong></span> <span class='ocrx_word' id='word_1_249' title='bbox 685 3101 840 3172; x_wconf 87' lang='lat' dir='ltr'><strong>baronum</strong></span> <span class='ocrx_word' id='word_1_250' title='bbox 857 3110 1040 3173; x_wconf 77' lang='lat' dir='ltr'><strong>nosuorum</strong></span> <span class='ocrx_word' id='word_1_251' title='bbox 1059 3105 1175 3173; x_wconf 90' lang='lat' dir='ltr'><strong>iudicio</strong></span> <span class='ocrx_word' id='word_1_252' title='bbox 1197 3124 1268 3174; x_wconf 90' lang='lat' dir='ltr'><strong>cum</strong></span> <span class='ocrx_word' id='word_1_253' title='bbox 1289 3107 1374 3173; x_wconf 90' lang='lat' dir='ltr'><strong>omni</strong></span> <span class='ocrx_word' id='word_1_254' title='bbox 1395 3105 1583 3190; x_wconf 80' lang='lat' dir='ltr'><strong>cognacione</strong></span> <span class='ocrx_word' id='word_1_255' title='bbox 1603 3122 1663 3172; x_wconf 89' lang='lat' dir='ltr'><strong>sua</strong></span> <span class='ocrx_word' id='word_1_256' title='bbox 1676 3123 1697 3172; x_wconf 94' lang='lat' dir='ltr'><strong>a</strong></span> <span class='ocrx_word' id='word_1_257' title='bbox 1709 3103 1787 3172; x_wconf 81' lang='lat' dir='ltr'><strong>ville</strong></span> <span class='ocrx_word' id='word_1_258' title='bbox 1799 3103 1945 3187; x_wconf 89' lang='lat' dir='ltr'><strong>superins</strong></span> <span class='ocrx_word' id='word_1_259' title='bbox 1965 3106 2122 3171; x_wconf 86' lang='lat' dir='ltr'><strong>annotata</strong></span> 
     </span>
     <span class='ocr_line' id='line_1_24' title="bbox 567 3204 2123 3294; baseline -0.003 -20"><span class='ocrx_word' id='word_1_260' title='bbox 567 3205 695 3274; x_wconf 86' lang='lat' dir='ltr'><strong>omnino</strong></span> <span class='ocrx_word' id='word_1_261' title='bbox 715 3205 760 3275; x_wconf 92' lang='lat' dir='ltr'><strong>sit</strong></span> <span class='ocrx_word' id='word_1_262' title='bbox 774 3206 982 3289; x_wconf 84' lang='lat' dir='ltr'><strong>abiudicatus,</strong></span> <span class='ocrx_word' id='word_1_263' title='bbox 996 3209 1156 3294; x_wconf 88' lang='lat' dir='ltr'><strong>predictus</strong></span> <span class='ocrx_word' id='word_1_264' title='bbox 1175 3226 1251 3276; x_wconf 87' lang='lat' dir='ltr'><strong>rero</strong></span> <span class='ocrx_word' id='word_1_265' title='bbox 1271 3208 1379 3291; x_wconf 79' lang='lat' dir='ltr'><strong>abbas,</strong></span> <span class='ocrx_word' id='word_1_266' title='bbox 1400 3226 1438 3276; x_wconf 91' lang='lat' dir='ltr'><strong>eo</strong></span> <span class='ocrx_word' id='word_1_267' title='bbox 1460 3207 1545 3293; x_wconf 86' lang='lat' dir='ltr'><strong>quod</strong></span> <span class='ocrx_word' id='word_1_268' title='bbox 1566 3207 1701 3275; x_wconf 90' lang='lat' dir='ltr'><strong>termino</strong></span> <span class='ocrx_word' id='word_1_269' title='bbox 1721 3225 1779 3291; x_wconf 90' lang='lat' dir='ltr'><strong>per</strong></span> <span class='ocrx_word' id='word_1_270' title='bbox 1798 3205 1957 3291; x_wconf 79' lang='lat' dir='ltr'><strong>integrum</strong></span> <span class='ocrx_word' id='word_1_271' title='bbox 1971 3204 2055 3271; x_wconf 89' lang='lat' dir='ltr'><strong>diem</strong></span> <span class='ocrx_word' id='word_1_272' title='bbox 2069 3221 2123 3271; x_wconf 91' lang='lat' dir='ltr'><strong>us·</strong></span> 
     </span>
     <span class='ocr_line' id='line_1_25' title="bbox 569 3305 2124 3397; baseline -0.003 -20"><span class='ocrx_word' id='word_1_273' title='bbox 569 3324 632 3392; x_wconf 82' lang='lat' dir='ltr'><strong>qno</strong></span> <span class='ocrx_word' id='word_1_274' title='bbox 651 3315 727 3394; x_wconf 87' lang='lat' dir='ltr'><strong>post</strong></span> <span class='ocrx_word' id='word_1_275' title='bbox 747 3309 825 3378; x_wconf 91' lang='lat' dir='ltr'><strong>solis</strong></span> <span class='ocrx_word' id='word_1_276' title='bbox 842 3310 1022 3380; x_wconf 90' lang='lat' dir='ltr'><strong>occubitum</strong></span> <span class='ocrx_word' id='word_1_277' title='bbox 1042 3331 1171 3397; x_wconf 93' lang='lat' dir='ltr'><strong>presens</strong></span> <span class='ocrx_word' id='word_1_278' title='bbox 1192 3311 1304 3395; x_wconf 86' lang='lat' dir='ltr'><strong>adluit,</strong></span> <span class='ocrx_word' id='word_1_279' title='bbox 1326 3309 1517 3379; x_wconf 85' lang='lat' dir='ltr'><strong>hereditario</strong></span> <span class='ocrx_word' id='word_1_280' title='bbox 1545 3310 1615 3378; x_wconf 90' lang='lat' dir='ltr'><strong>iure</strong></span> <span class='ocrx_word' id='word_1_281' title='bbox 1641 3308 1675 3375; x_wconf 93' lang='lat' dir='ltr'><strong>in</strong></span> <span class='ocrx_word' id='word_1_282' title='bbox 1704 3314 1892 3394; x_wconf 89' lang='lat' dir='ltr'><strong>perpetuum</strong></span> <span class='ocrx_word' id='word_1_283' title='bbox 1916 3305 2036 3390; x_wconf 78' lang='lat' dir='ltr'><strong>absquo</strong></span> <span class='ocrx_word' id='word_1_284' title='bbox 2056 3305 2124 3373; x_wconf 87' lang='lat' dir='ltr'><strong>ulla</strong></span> 
     </span>
     <span class='ocr_line' id='line_1_26' title="bbox 568 3407 2123 3500; baseline -0.003 -19"><span class='ocrx_word' id='word_1_285' title='bbox 568 3412 763 3481; x_wconf 67' lang='lat' dir='ltr'><strong>nuncnune</strong></span> <span class='ocrx_word' id='word_1_286' title='bbox 782 3413 891 3482; x_wconf 82' lang='lat' dir='ltr'><strong>villam</strong></span> <span class='ocrx_word' id='word_1_287' title='bbox 912 3415 1083 3500; x_wconf 89' lang='lat' dir='ltr'><strong>possideat</strong></span> <span class='ocrx_word' id='word_1_288' title='bbox 1127 3415 1164 3483; x_wconf 93' lang='lat' dir='ltr'><strong>ln</strong></span> <span class='ocrx_word' id='word_1_289' title='bbox 1185 3414 1279 3482; x_wconf 88' lang='lat' dir='ltr'><strong>huius</strong></span> <span class='ocrx_word' id='word_1_290' title='bbox 1300 3415 1409 3498; x_wconf 83' lang='lat' dir='ltr'><strong>itaque</strong></span> <span class='ocrx_word' id='word_1_291' title='bbox 1429 3414 1478 3481; x_wconf 90' lang='lat' dir='ltr'><strong>rei</strong></span> <span class='ocrx_word' id='word_1_292' title='bbox 1498 3411 1724 3493; x_wconf 82' lang='lat' dir='ltr'><strong>testimonium,</strong></span> <span class='ocrx_word' id='word_1_293' title='bbox 1744 3429 1786 3479; x_wconf 90' lang='lat' dir='ltr'><strong>ne</strong></span> <span class='ocrx_word' id='word_1_294' title='bbox 1806 3414 1952 3478; x_wconf 87' lang='lat' dir='ltr'><strong>nostrum</strong></span> <span class='ocrx_word' id='word_1_295' title='bbox 1973 3407 2123 3476; x_wconf 92' lang='lat' dir='ltr'><strong>iudicium</strong></span> 
     </span>
    </p>
   </div>
   <div class='ocr_carea' id='block_1_4' title="bbox 347 3513 2124 3603">
    <p class='ocr_par' dir='ltr' id='par_1_5' title="bbox 347 3513 2124 3603">
     <span class='ocr_line' id='line_1_27' title="bbox 347 3513 2124 3603; baseline -0.007 -12"><span class='ocrx_word' id='word_1_296' title='bbox 347 3554 355 3591; x_wconf 66' lang='grc' dir='ltr'>ε</span> <span class='ocrx_word' id='word_1_297' title='bbox 479 3535 482 3539; x_wconf 93' lang='grc'><em>·</em></span> <span class='ocrx_word' id='word_1_298' title='bbox 570 3518 605 3581; x_wconf 88' lang='lat' dir='ltr'><strong>ct</strong></span> <span class='ocrx_word' id='word_1_299' title='bbox 624 3513 769 3599; x_wconf 90' lang='lat' dir='ltr'><strong>predicta</strong></span> <span class='ocrx_word' id='word_1_300' title='bbox 789 3514 922 3585; x_wconf 88' lang='lat' dir='ltr'><strong>donacio</strong></span> <span class='ocrx_word' id='word_1_301' title='bbox 943 3518 1124 3603; x_wconf 90' lang='lat' dir='ltr'><strong>supradicte</strong></span> <span class='ocrx_word' id='word_1_302' title='bbox 1145 3519 1305 3586; x_wconf 91' lang='lat' dir='ltr'><strong>comitisse</strong></span> <span class='ocrx_word' id='word_1_303' title='bbox 1326 3522 1457 3602; x_wconf 86' lang='lat' dir='ltr'><strong>propter</strong></span> <span class='ocrx_word' id='word_1_304' title='bbox 1474 3515 1688 3601; x_wconf 82' lang='lat' dir='ltr'><strong>ignoranciam</strong></span> <span class='ocrx_word' id='word_1_305' title='bbox 1708 3514 1944 3598; x_wconf 84' lang='lat' dir='ltr'><strong>inexpertorum</strong></span> <span class='ocrx_word' id='word_1_306' title='bbox 1958 3530 2015 3581; x_wconf 86' lang='lat' dir='ltr'><strong>scu</strong></span> <span class='ocrx_word' id='word_1_307' title='bbox 2028 3529 2124 3598; x_wconf 91' lang='lat' dir='ltr'><strong>prop·</strong></span> 
     </span>
    </p>
   </div>
   <div class='ocr_carea' id='block_1_5' title="bbox 570 3614 2128 4523">
    <p class='ocr_par' dir='ltr' id='par_1_6' title="bbox 570 3614 2128 4523">
     <span class='ocr_line' id='line_1_28' title="bbox 570 3614 2125 3714; baseline -0.002 -30"><span class='ocrx_word' id='word_1_308' title='bbox 570 3620 622 3684; x_wconf 86' lang='lat' dir='ltr'><strong>ter</strong></span> <span class='ocrx_word' id='word_1_309' title='bbox 640 3614 785 3714; x_wconf 74' lang='lat' dir='ltr'><strong>frivolam</strong></span> <span class='ocrx_word' id='word_1_310' title='bbox 805 3617 1005 3688; x_wconf 85' lang='lat' dir='ltr'><strong>obriancium</strong></span> <span class='ocrx_word' id='word_1_311' title='bbox 1027 3621 1217 3705; x_wconf 88' lang='lat' dir='ltr'><strong>proterviam</strong></span> <span class='ocrx_word' id='word_1_312' title='bbox 1239 3639 1302 3705; x_wconf 89' lang='lat' dir='ltr'><strong>que</strong></span> <span class='ocrx_word' id='word_1_313' title='bbox 1321 3638 1405 3687; x_wconf 90' lang='lat' dir='ltr'><strong>nunc</strong></span> <span class='ocrx_word' id='word_1_314' title='bbox 1426 3619 1544 3686; x_wconf 77' lang='lat' dir='ltr'><strong>nostms</strong></span> <span class='ocrx_word' id='word_1_315' title='bbox 1565 3618 1701 3686; x_wconf 87' lang='lat' dir='ltr'><strong>maxime</strong></span> <span class='ocrx_word' id='word_1_316' title='bbox 1721 3616 1854 3684; x_wconf 82' lang='lat' dir='ltr'><strong>inolevit</strong></span> <span class='ocrx_word' id='word_1_317' title='bbox 1876 3615 2070 3699; x_wconf 90' lang='lat' dir='ltr'><strong>temporibus</strong></span> <span class='ocrx_word' id='word_1_318' title='bbox 2090 3614 2125 3682; x_wconf 94' lang='lat' dir='ltr'><strong>in</strong></span> 
     </span>
     <span class='ocr_line' id='line_1_29' title="bbox 571 3717 2126 3807; baseline -0.004 -18"><span class='ocrx_word' id='word_1_319' title='bbox 571 3724 734 3804; x_wconf 82' lang='lat' dir='ltr'><strong>posterum</strong></span> <span class='ocrx_word' id='word_1_320' title='bbox 753 3721 858 3790; x_wconf 84' lang='lat' dir='ltr'><strong>ualeat</strong></span> <span class='ocrx_word' id='word_1_321' title='bbox 874 3722 1076 3807; x_wconf 83' lang='lat' dir='ltr'><strong>diquatenus</strong></span> <span class='ocrx_word' id='word_1_322' title='bbox 1097 3722 1217 3789; x_wconf 88' lang='lat' dir='ltr'><strong>irritari</strong></span> <span class='ocrx_word' id='word_1_323' title='bbox 1238 3721 1288 3790; x_wconf 86' lang='lat' dir='ltr'><strong>rel</strong></span> <span class='ocrx_word' id='word_1_324' title='bbox 1309 3720 1488 3802; x_wconf 73' lang='lat' dir='ltr'><strong>reuacuri,</strong></span> <span class='ocrx_word' id='word_1_325' title='bbox 1510 3726 1688 3804; x_wconf 83' lang='lat' dir='ltr'><strong>presentem</strong></span> <span class='ocrx_word' id='word_1_326' title='bbox 1708 3717 1892 3787; x_wconf 89' lang='lat' dir='ltr'><strong>schedulam</strong></span> <span class='ocrx_word' id='word_1_327' title='bbox 1905 3717 2001 3803; x_wconf 79' lang='lat' dir='ltr'><strong>sigilli</strong></span> <span class='ocrx_word' id='word_1_328' title='bbox 2022 3717 2126 3784; x_wconf 90' lang='lat' dir='ltr'><strong>nostri</strong></span> 
     </span>
     <span class='ocr_line' id='line_1_30' title="bbox 570 3819 2125 3907; baseline -0.001 -19"><span class='ocrx_word' id='word_1_329' title='bbox 570 3819 685 3890; x_wconf 84' lang='lat' dir='ltr'><strong>robore</strong></span> <span class='ocrx_word' id='word_1_330' title='bbox 705 3821 834 3907; x_wconf 77' lang='lat' dir='ltr'><strong>dignum</strong></span> <span class='ocrx_word' id='word_1_331' title='bbox 855 3823 1004 3892; x_wconf 86' lang='lat' dir='ltr'><strong>duximus</strong></span> <span class='ocrx_word' id='word_1_332' title='bbox 1025 3824 1242 3905; x_wconf 67' lang='lat' dir='ltr'><strong>muniendam</strong></span> <span class='ocrx_word' id='word_1_333' title='bbox 1262 3823 1344 3892; x_wconf 90' lang='lat' dir='ltr'><strong>hane</strong></span> <span class='ocrx_word' id='word_1_334' title='bbox 1365 3821 1505 3907; x_wconf 90' lang='lat' dir='ltr'><strong>predicte</strong></span> <span class='ocrx_word' id='word_1_335' title='bbox 1527 3820 1696 3890; x_wconf 82' lang='lat' dir='ltr'><strong>hereditati</strong></span> <span class='ocrx_word' id='word_1_336' title='bbox 1718 3821 1914 3889; x_wconf 83' lang='lat' dir='ltr'><strong>conferentes</strong></span> <span class='ocrx_word' id='word_1_337' title='bbox 1935 3820 2125 3903; x_wconf 85' lang='lat' dir='ltr'><strong>libertatern,</strong></span> 
     </span>
     <span class='ocr_line' id='line_1_31' title="bbox 573 3923 2128 4011; baseline 0 -22"><span class='ocrx_word' id='word_1_338' title='bbox 573 3926 611 3990; x_wconf 91' lang='lat' dir='ltr'><strong>ut</strong></span> <span class='ocrx_word' id='word_1_339' title='bbox 630 3942 653 3991; x_wconf 85' lang='lat' dir='ltr'><strong>a</strong></span> <span class='ocrx_word' id='word_1_340' title='bbox 672 3929 779 3992; x_wconf 86' lang='lat' dir='ltr'><strong>stroza</strong></span> <span class='ocrx_word' id='word_1_341' title='bbox 799 3931 835 3993; x_wconf 90' lang='lat' dir='ltr'><strong>et</strong></span> <span class='ocrx_word' id='word_1_342' title='bbox 856 3932 1009 4008; x_wconf 86' lang='lat' dir='ltr'><strong>acastre,</strong></span> <span class='ocrx_word' id='word_1_343' title='bbox 1029 3945 1049 3994; x_wconf 85' lang='lat' dir='ltr'><strong>a</strong></span> <span class='ocrx_word' id='word_1_344' title='bbox 1069 3943 1166 4011; x_wconf 82' lang='lat' dir='ltr'><strong>poros</strong></span> <span class='ocrx_word' id='word_1_345' title='bbox 1187 3932 1221 3993; x_wconf 89' lang='lat' dir='ltr'><strong>et</strong></span> <span class='ocrx_word' id='word_1_346' title='bbox 1243 3924 1397 4009; x_wconf 83' lang='lat' dir='ltr'><strong>aprerud</strong></span> <span class='ocrx_word' id='word_1_347' title='bbox 1425 3923 1553 3991; x_wconf 91' lang='lat' dir='ltr'><strong>omnino</strong></span> <span class='ocrx_word' id='word_1_348' title='bbox 1579 3924 1623 3991; x_wconf 91' lang='lat' dir='ltr'><strong>sit</strong></span> <span class='ocrx_word' id='word_1_349' title='bbox 1647 3923 1795 3992; x_wconf 89' lang='lat' dir='ltr'><strong>absoluta</strong></span> <span class='ocrx_word' id='word_1_350' title='bbox 1823 3931 1857 3992; x_wconf 91' lang='lat' dir='ltr'><strong>et</strong></span> <span class='ocrx_word' id='word_1_351' title='bbox 1883 3923 2000 4009; x_wconf 80' lang='lat' dir='ltr'><strong>quieta</strong></span> <span class='ocrx_word' id='word_1_352' title='bbox 2044 3923 2128 3990; x_wconf 80' lang='lat' dir='ltr'><strong>dcte</strong></span> 
     </span>
     <span class='ocr_line' id='line_1_32' title="bbox 572 4023 2126 4112; baseline 0 -21"><span class='ocrx_word' id='word_1_353' title='bbox 572 4029 648 4092; x_wconf 87' lang='lat' dir='ltr'><strong>nunt</strong></span> <span class='ocrx_word' id='word_1_354' title='bbox 668 4023 728 4094; x_wconf 92' lang='lat' dir='ltr'><strong>bec</strong></span> <span class='ocrx_word' id='word_1_355' title='bbox 748 4045 832 4095; x_wconf 89' lang='lat' dir='ltr'><strong>anno</strong></span> <span class='ocrx_word' id='word_1_356' title='bbox 853 4030 959 4112; x_wconf 75' lang='lat' dir='ltr'><strong>gracie</strong></span> <span class='ocrx_word' id='word_1_357' title='bbox 980 4028 1107 4097; x_wconf 86' lang='lat' dir='ltr'><strong>Domini</strong></span> <span class='ocrx_word' id='word_1_358' title='bbox 1128 4027 1294 4095; x_wconf 86' lang='lat' dir='ltr'><strong>millesimo</strong></span> <span class='ocrx_word' id='word_1_359' title='bbox 1315 4025 1530 4094; x_wconf 87' lang='lat' dir='ltr'><strong>ducentesimo</strong></span> <span class='ocrx_word' id='word_1_360' title='bbox 1543 4025 1784 4110; x_wconf 75' lang='lat' dir='ltr'><strong>quadragesimo</strong></span> <span class='ocrx_word' id='word_1_361' title='bbox 1805 4044 1889 4094; x_wconf 94' lang='lat' dir='ltr'><strong>nono</strong></span> <span class='ocrx_word' id='word_1_362' title='bbox 1910 4027 1944 4093; x_wconf 92' lang='lat' dir='ltr'><strong>iu</strong></span> <span class='ocrx_word' id='word_1_363' title='bbox 1958 4026 2010 4094; x_wconf 91' lang='lat' dir='ltr'><strong>die</strong></span> <span class='ocrx_word' id='word_1_364' title='bbox 2023 4024 2126 4093; x_wconf 89' lang='lat' dir='ltr'><strong>sancti</strong></span> 
     </span>
     <span class='ocr_line' id='line_1_33' title="bbox 574 4122 2128 4216; baseline -0.001 -20"><span class='ocrx_word' id='word_1_365' title='bbox 574 4122 790 4198; x_wconf 74' lang='lat' dir='ltr'><strong>bartholomei</strong></span> <span class='ocrx_word' id='word_1_366' title='bbox 817 4130 852 4198; x_wconf 92' lang='lat' dir='ltr'><strong>in</strong></span> <span class='ocrx_word' id='word_1_367' title='bbox 878 4129 1034 4216; x_wconf 90' lang='lat' dir='ltr'><strong>colloquio</strong></span> <span class='ocrx_word' id='word_1_368' title='bbox 1055 4137 1131 4199; x_wconf 85' lang='lat' dir='ltr'><strong>autc</strong></span> <span class='ocrx_word' id='word_1_369' title='bbox 1151 4129 1257 4198; x_wconf 83' lang='lat' dir='ltr'><strong>Milicn</strong></span> <span class='ocrx_word' id='word_1_370' title='bbox 1280 4129 1313 4195; x_wconf 93' lang='lat' dir='ltr'><strong>in</strong></span> <span class='ocrx_word' id='word_1_371' title='bbox 1332 4127 1496 4208; x_wconf 68' lang='lat' dir='ltr'><strong>Sduneom</strong></span> <span class='ocrx_word' id='word_1_372' title='bbox 1516 4144 1622 4194; x_wconf 88' lang='lat' dir='ltr'><strong>coram</strong></span> <span class='ocrx_word' id='word_1_373' title='bbox 1635 4128 1726 4196; x_wconf 90' lang='lat' dir='ltr'><strong>nobis</strong></span> <span class='ocrx_word' id='word_1_374' title='bbox 1747 4134 1782 4197; x_wconf 91' lang='lat' dir='ltr'><strong>et</strong></span> <span class='ocrx_word' id='word_1_375' title='bbox 1795 4135 1943 4214; x_wconf 87' lang='lat' dir='ltr'><strong>presente</strong></span> <span class='ocrx_word' id='word_1_376' title='bbox 1956 4127 2128 4196; x_wconf 80' lang='lat' dir='ltr'><strong>venerabili</strong></span> 
     </span>
     <span class='ocr_line' id='line_1_34' title="bbox 573 4228 2125 4315; baseline -0.001 -17"><span class='ocrx_word' id='word_1_377' title='bbox 573 4228 699 4299; x_wconf 62' lang='lat' dir='ltr'><strong>murino</strong></span> <span class='ocrx_word' id='word_1_378' title='bbox 721 4231 816 4302; x_wconf 88' lang='lat' dir='ltr'><strong>Petro</strong></span> <span class='ocrx_word' id='word_1_379' title='bbox 838 4233 977 4302; x_wconf 89' lang='lat' dir='ltr'><strong>eiusdem</strong></span> <span class='ocrx_word' id='word_1_380' title='bbox 999 4233 1120 4302; x_wconf 89' lang='lat' dir='ltr'><strong>cenobii</strong></span> <span class='ocrx_word' id='word_1_381' title='bbox 1140 4231 1256 4299; x_wconf 90' lang='lat' dir='ltr'><strong>abbate</strong></span> <span class='ocrx_word' id='word_1_382' title='bbox 1277 4249 1315 4299; x_wconf 93' lang='lat' dir='ltr'><strong>ac</strong></span> <span class='ocrx_word' id='word_1_383' title='bbox 1336 4229 1451 4297; x_wconf 87' lang='lat' dir='ltr'><strong>ceteris</strong></span> <span class='ocrx_word' id='word_1_384' title='bbox 1471 4229 1628 4296; x_wconf 90' lang='lat' dir='ltr'><strong>nobilibus</strong></span> <span class='ocrx_word' id='word_1_385' title='bbox 1645 4249 1781 4315; x_wconf 89' lang='lat' dir='ltr'><strong>qnorum</strong></span> <span class='ocrx_word' id='word_1_386' title='bbox 1803 4231 1862 4299; x_wconf 88' lang='lat' dir='ltr'><strong>bec</strong></span> <span class='ocrx_word' id='word_1_387' title='bbox 1887 4236 1963 4298; x_wconf 89' lang='lat' dir='ltr'><strong>sunt</strong></span> <span class='ocrx_word' id='word_1_388' title='bbox 1983 4231 2125 4298; x_wconf 75' lang='lat' dir='ltr'><strong>nemim:</strong></span> 
     </span>
     <span class='ocr_line' id='line_1_35' title="bbox 576 4330 2128 4422; baseline -0.001 -19"><span class='ocrx_word' id='word_1_389' title='bbox 576 4330 740 4420; x_wconf 76' lang='lat' dir='ltr'><strong>Bogumllo</strong></span> <span class='ocrx_word' id='word_1_390' title='bbox 753 4336 906 4422; x_wconf 87' lang='lat' dir='ltr'><strong>palatino,</strong></span> <span class='ocrx_word' id='word_1_391' title='bbox 921 4336 1100 4405; x_wconf 85' lang='lat' dir='ltr'><strong>Domurado</strong></span> <span class='ocrx_word' id='word_1_392' title='bbox 1114 4336 1226 4417; x_wconf 82' lang='lat' dir='ltr'><strong>iudice,</strong></span> <span class='ocrx_word' id='word_1_393' title='bbox 1244 4334 1387 4418; x_wconf 76' lang='lat' dir='ltr'><strong>Bogussa</strong></span> <span class='ocrx_word' id='word_1_394' title='bbox 1401 4331 1643 4415; x_wconf 78' lang='lat' dir='ltr'><strong>subcamerario,</strong></span> <span class='ocrx_word' id='word_1_395' title='bbox 1665 4333 1787 4401; x_wconf 66' lang='grc' dir='ltr'><strong>Βοκαῐα</strong></span> <span class='ocrx_word' id='word_1_396' title='bbox 1800 4335 1866 4401; x_wconf 90' lang='lat' dir='ltr'><strong>lilio</strong></span> <span class='ocrx_word' id='word_1_397' title='bbox 1879 4333 2026 4416; x_wconf 82' lang='lat' dir='ltr'><strong>lunussii,</strong></span> <span class='ocrx_word' id='word_1_398' title='bbox 2039 4332 2128 4401; x_wconf 86' lang='lat' dir='ltr'><strong>Mar·</strong></span> 
     </span>
     <span class='ocr_line' id='line_1_36' title="bbox 576 4434 2127 4523; baseline -0.001 -19"><span class='ocrx_word' id='word_1_399' title='bbox 576 4449 652 4504; x_wconf 84' lang='lat' dir='ltr'><strong>sone</strong></span> <span class='ocrx_word' id='word_1_400' title='bbox 671 4436 737 4506; x_wconf 87' lang='lat' dir='ltr'><strong>lilio</strong></span> <span class='ocrx_word' id='word_1_401' title='bbox 754 4437 920 4522; x_wconf 76' lang='lat' dir='ltr'><strong>llacburii.</strong></span> <span class='ocrx_word' id='word_1_402' title='bbox 941 4436 1097 4508; x_wconf 82' lang='lat' dir='ltr'><strong>Michaele</strong></span> <span class='ocrx_word' id='word_1_403' title='bbox 1117 4437 1206 4506; x_wconf 79' lang='lat' dir='ltr'><strong>dude</strong></span> <span class='ocrx_word' id='word_1_404' title='bbox 1228 4436 1361 4519; x_wconf 70' lang='lat' dir='ltr'><strong>nourio,</strong></span> <span class='ocrx_word' id='word_1_405' title='bbox 1383 4441 1417 4502; x_wconf 91' lang='lat' dir='ltr'><strong>et</strong></span> <span class='ocrx_word' id='word_1_406' title='bbox 1437 4434 1509 4503; x_wconf 91' lang='lat' dir='ltr'><strong>aliis</strong></span> <span class='ocrx_word' id='word_1_407' title='bbox 1527 4452 1623 4518; x_wconf 84' lang='lat' dir='ltr'><strong>quam</strong></span> <span class='ocrx_word' id='word_1_408' title='bbox 1643 4437 1788 4523; x_wconf 92' lang='lat' dir='ltr'><strong>plurimis</strong></span> <span class='ocrx_word' id='word_1_409' title='bbox 1813 4436 1968 4505; x_wconf 88' lang='lat' dir='ltr'><strong>militibus</strong></span> <span class='ocrx_word' id='word_1_410' title='bbox 1988 4434 2127 4505; x_wconf 87' lang='lat' dir='ltr'><strong>Polonis.</strong></span> 
     </span>
    </p>
   </div>
   <div class='ocr_carea' id='block_1_6' title="bbox 680 4654 1820 4761">
    <p class='ocr_par' dir='ltr' id='par_1_7' title="bbox 680 4654 1820 4761">
     <span class='ocr_line' id='line_1_37' title="bbox 680 4654 1820 4761; baseline -0.004 -16"><span class='ocrx_word' id='word_1_411' title='bbox 680 4673 776 4761; x_wconf 73' lang='lat' dir='ltr'><strong>Obru,</strong></span> <span class='ocrx_word' id='word_1_412' title='bbox 797 4676 977 4761; x_wconf 79' lang='lat' dir='ltr'><strong>Itolritnica,</strong></span> <span class='ocrx_word' id='word_1_413' title='bbox 997 4677 1114 4760; x_wconf 75' lang='lat' dir='ltr'><strong>Milies,</strong></span> <span class='ocrx_word' id='word_1_414' title='bbox 1135 4676 1202 4742; x_wconf 80' lang='lat' dir='ltr'><strong>dzit</strong></span> <span class='ocrx_word' id='word_1_415' title='bbox 1219 4678 1273 4741; x_wconf 74' lang='lat' dir='ltr'><strong>tat</strong></span> <span class='ocrx_word' id='word_1_416' title='bbox 1293 4693 1383 4742; x_wconf 75' lang='lat' dir='ltr'><strong>anno.</strong></span> <span class='ocrx_word' id='word_1_417' title='bbox 1428 4671 1593 4758; x_wconf 84' lang='lat' dir='ltr'><strong>Sduncorr‚</strong></span> <span class='ocrx_word' id='word_1_418' title='bbox 1618 4677 1733 4759; x_wconf 70' lang='lat' dir='ltr'><strong>Mane.</strong></span> <span class='ocrx_word' id='word_1_419' title='bbox 1816 4654 1820 4664; x_wconf 71' lang='grc'><strong>’</strong></span> 
     </span>
    </p>
   </div>
   <div class='ocr_carea' id='block_1_7' title="bbox 0 0 2457 6180">
    <p class='ocr_par' dir='ltr' id='par_1_8' title="bbox 0 0 2457 6180">
     <span class='ocr_line' id='line_1_38' title="bbox 0 0 2457 6180; baseline 0 0"><span class='ocrx_word' id='word_1_420' title='bbox 0 0 2457 6180; x_wconf 95' lang='lat' dir='ltr'><strong> </strong></span> 
     </span>
    </p>
   </div>
  </div>
 </body>
</html>
