4476 6180
343 180 417 256 258

272 342 279 354 ’
337 381 401 448 ree
420 388 465 471 a,
485 389 606 469 opaea,
630 390 694 470 puy
715 389 770 456 zar
792 393 1044 457 mercarier·
1073 407 1114 470 aa
1140 390 1389 471 zur-poemenen
1403 391 1520 456 mara.
1566 391 1614 455 ne
1635 391 1734 472 reon
1753 413 1810 460 m
1821 405 1881 478 rae
1956 399 1964 409 ·

339 503 378 551 on
396 489 528 575 morou
549 493 720 581 idurtrucjp
741 497 949 577 odaekanpcb
972 491 1092 575 sporta
1115 495 1324 574 oronicznycb
1344 513 1372 556 ro
1392 495 1463 575 luch
1483 495 1628 558 ammach
1651 497 1695 579 aie
1716 502 1880 584 toczqcpcp
1958 484 1973 555 ’Ϊ

442 693 479 763 ln
497 696 622 765 nomine
640 696 746 766 Patria
767 704 801 766 et
821 698 895 766 Filii
918 704 952 767 et
973 697 1112 784 Spiritus
1133 696 1237 766 moab
1256 715 1359 765 amera
1385 694 1539 777 Quoniam
1556 714 1597 764 eo
1617 715 1679 782 que
1700 706 1836 782 aguntur
1852 709 1883 779 in
1964 690 1981 792 d,

341 801 491 884 tempore,
512 797 663 867 labuntur
683 801 778 867 simul
799 820 870 869 cum
891 807 1032 887 tempore
1052 801 1115 868 nisi
1136 801 1315 867 litterarum
1342 816 1399 865 seu
1429 799 1559 866 testium
1580 799 1752 866 munimine
1772 801 1885 879 luerint
1977 874 1981 879 ,

342 908 523 985 perennata
543 903 672 986 insuper
692 910 726 970 et
747 889 939 988 operationis
960 911 1069 971 sancte
1090 903 1287 988 propositum
1308 900 1350 968 ad
1371 901 1569 968 concordiam
1592 901 1680 968 nulla
1692 902 1786 970 debet
1799 924 1885 979 oppa.
1976 948 1981 955 .

340 1003 387 1070 sio
410 1003 571 1088 impedire:
604 1023 662 1072 uos
683 1005 781 1088 igitur
801 1005 966 1074 Boleslaus
987 1007 1052 1074 dux
1073 1005 1203 1073 Polonie
1222 1010 1256 1072 et
1277 1003 1427 1072 Craoorie
1448 1010 1558 1072 notum
1577 1002 1708 1072 holmus
1730 1010 1796 1073 tam
1817 1029 1886 1094 pre.
1930 1073 1932 1078 ,

340 1105 481 1174 sentibus
500 1126 595 1193 quam
617 1106 742 1190 futuris,
763 1109 839 1193 quia
858 1128 897 1177 ex
918 1108 1038 1176 salubri
1058 1108 1168 1176 habito
1183 1114 1363 1175 uostromm
1378 1107 1532 1175 baronum
1547 1109 1677 1175 consilio
1690 1114 1723 1179 et
1737 1127 1794 1192 per
1809 1112 1885 1183 inira

340 1215 507 1293 sequentes
529 1214 627 1275 testes
648 1213 751 1278 terras
772 1209 895 1278 Noram
916 1210 1092 1279 biarchiam
1105 1216 1140 1278 et
1152 1209 1430 1294 Stembergensem
1451 1228 1524 1278 cum
1536 1210 1769 1277 marchionibus
1787 1212 1886 1283 Bran·

253 1316 259 1330 ·
340 1309 615 1394 denburgonsibus,
635 1309 781 1379 Conrado
801 1307 982 1397 landgravio
1001 1312 1117 1380 Hassis
1145 1312 1379 1397 Thuringieque
1405 1312 1469 1378 mm
1495 1313 1635 1396 generali
1656 1313 1807 1396 magatro
1829 1314 1886 1384 Or·

338 1410 421 1479 diuis
440 1411 577 1494 Prussie,
598 1411 813 1500 namtasque
834 1416 1009 1502 Hospitalis
1030 1419 1134 1485 sancti
1156 1416 1306 1485 lobannis
1332 1415 1460 1483 Ordinis
1482 1418 1638 1501 moestus
1663 1415 1886 1501 llierosolpmi·

340 1515 418 1598 tani,
451 1517 556 1584 metiri
582 1522 616 1584 et
640 1517 736 1585 certis
765 1518 918 1588 limitibm
944 1519 1141 1588 conscribens
1167 1525 1202 1587 et
1230 1518 1346 1603 partiri
1375 1517 1517 1586 lecimus.
1561 1518 1754 1585 inchoantur
1782 1527 1887 1590 autem

339 1615 418 1684 dicti
439 1619 564 1686 termini
584 1619 618 1685 in
636 1619 773 1702 quodam
794 1639 870 1688 saxo
892 1622 1036 1690 crucibus
1057 1622 1190 1705 allisque
1211 1621 1296 1687 notis
1317 1618 1452 1703 signnm,
1473 1619 1559 1706 quod
1580 1620 1766 1687 collimitum
1781 1625 1889 1690 termi-

340 1738 453 1788 norum
475 1721 616 1805 Polonie,
644 1722 830 1792 Pomeranie
856 1730 890 1792 ct
920 1743 999 1793 nove
1019 1724 1161 1792 blarcbie
1186 1729 1249 1804 est,
1279 1723 1504 1807 protendentes
1525 1740 1561 1790 se
1583 1723 1656 1790 binc
1678 1723 1888 1807 loquendam

340 1823 425 1892 dam
441 1823 482 1892 de
502 1824 653 1892 Iersdorll
669 1825 711 1893 ad
739 1826 902 1910 antiquam
929 1827 1036 1895 uillam
1064 1826 1163 1894 Wuro
1183 1826 1303 1893 directe
1331 1832 1365 1893 et
1385 1826 1538 1894 indirecte
1558 1824 1735 1907 ducentem,
1756 1845 1819 1910 que
1838 1829 1889 1895 ria

340 1943 412 1994 cum
434 1926 578 1995 omnibus
598 1929 669 1996 sitis
690 1929 724 1995 in
745 1935 836 2014 parte
856 1928 971 1998 desua
987 1929 1029 1997 ad
1050 1949 1163 1998 noram
1176 1928 1364 2010 Manum
1387 1929 1420 1996 iu
1431 1929 1563 1996 sinistra
1577 1946 1652 1995 vero
1674 1927 1715 1994 ad
1728 1927 1889 1998 Polouiam

340 2028 494 2113 pertinet:
525 2031 610 2115 quod
634 2030 717 2099 idem
746 2031 983 2116 intelligendum
1011 2040 1062 2101 est
1090 2033 1130 2101 de
1157 2039 1227 2100 tota
1252 2032 1313 2101 hac
1341 2031 1533 2099 limitatione
1552 2030 1596 2098 ab
1616 2031 1707 2097 initio
1728 2048 1829 2116 usque
1849 2034 1890 2100 ad

341 2129 444 2198 duem.
487 2131 532 2199 Et
551 2132 640 2200 ducit
660 2134 804 2218 predicta
824 2135 877 2202 ria
896 2135 1032 2203 ualterius
1060 2135 1102 2202 ad
1128 2135 1288 2219 quandam
1316 2134 1492 2219 congerie·
1515 2132 1673 2218 lapideam
1694 2134 1728 2200 iu
1745 2151 1809 2218 qna
1828 2133 1890 2202 fer·

340 2250 415 2301 reus
436 2235 535 2320 stipes
556 2235 699 2304 crucibus
720 2235 849 2305 Ordinis
874 2239 977 2306 macti
999 2237 1149 2306 Iohannis
1173 2239 1317 2322 signatus
1342 2243 1378 2305 et
1402 2235 1559 2320 lapidibus
1585 2242 1692 2303 rectus
1723 2235 1889 2319 invenitur,

341 2334 382 2403 de
402 2354 467 2420 qua
487 2337 621 2405 tendunt
646 2339 773 2406 terndm
800 2346 891 2408 trans
921 2341 1006 2407 riam
1034 2340 1069 2407 in
1092 2339 1156 2407 lina
1180 2339 1306 2424 paludis
1326 2338 1610 2424 Bnlgenbagens'u,
1640 2345 1675 2405 et
1702 2337 1775 2404 hinc
1801 2344 1891 2406 trans

340 2438 497 2523 quendam
519 2459 663 2525 campum
683 2440 725 2508 ad
745 2440 909 2511 Polouiam
926 2444 1138 2528 pertinentem
1159 2459 1260 2527 usqne
1277 2442 1319 2510 ad
1335 2442 1432 2510 alium
1453 2460 1600 2526 campum
1620 2440 1665 2507 ibi
1680 2440 1889 2524 incipientem,

341 2542 397 2625 qui
416 2542 567 2628 Bulgorin
588 2551 788 2630 nuncupatur
808 2551 842 2614 et
862 2545 921 2614 snb
941 2547 1061 2614 ditione
1082 2544 1225 2614 biarchie
1245 2543 1531 2630 comprehenditur,
1553 2544 1587 2610 in
1607 2561 1672 2628 quo
1692 2541 1760 2610 loco
1775 2544 1891 2610 iterum

341 2643 440 2729 stipas
460 2645 580 2715 ferreus
600 2666 698 2732 prope
718 2647 866 2733 paludem
885 2649 1085 2717 Tscbebrnch
1106 2649 1250 2716 incussus
1272 2648 1416 2716 lmbetm.
1452 2646 1502 2714 De
1527 2666 1591 2733 quo
1612 2647 1732 2741 directe
1750 2664 1807 2729 per
1825 2664 1891 2712 me·
1948 2684 1950 2687 ·

341 2743 763 2834 diumlamdictepaludls
789 2750 831 2817 ad
862 2750 1188 2836 lacumhigpeuqul
1215 2749 1257 2817 ad
1284 2750 1501 2820 Pomerauiam
1530 2755 1664 2834 spectat,
1697 2747 1891 2816 ascendendo

341 2846 433 2915 littus
454 2849 540 2917 illius
565 2850 712 2919 deutrum
737 2870 838 2938 usque
866 2852 907 2919 ad
932 2853 1091 2939 quendam
1116 2853 1218 2921 rivum
1238 2871 1278 2921 ax
1298 2853 1354 2921 illo
1376 2853 1448 2923 lacn
1467 2851 1658 2934 effluentem,
1682 2858 1717 2918 et
1733 2850 1891 2935 sequendo

342 2949 465 3019 dueum
486 2953 578 3021 istius
597 2954 658 3021 rivi
677 2972 778 3038 usque
798 2954 840 3021 ad
872 2954 1035 3023 brachium
1060 2973 1099 3022 eu
1127 2954 1201 3022 lacu
1227 2954 1373 3041 Drar'ta‘m
1398 2974 1433 3024 se
1461 2955 1667 3040 protendens,
1697 2953 1891 3021 modo

341 3051 540 3142 littuslacus
562 3056 648 3124 illius
669 3074 770 3141 usque
790 3056 907 3126 iterum
933 3057 975 3125 ad
1003 3057 1161 3143 quendam
1187 3056 1324 3125 ferreum
1352 3059 1510 3142 stipitem,
1536 3057 1580 3124 ‘de
1608 3075 1672 3141 quo
1700 3055 1891 3140 pergendum

342 3156 433 3225 iuste
449 3157 590 3227 Montem
611 3159 748 3243 misum,
782 3160 893 3228 relicto
919 3161 1009 3229 illum
1033 3160 1075 3228 ad
1100 3161 1276 3243 domham,
1303 3159 1346 3227 ad
1366 3161 1511 3228 semitam
1532 3160 1735 3246 piscatorum,
1758 3158 1831 3227 hinc
1850 3157 1892 3225 ad

341 3266 482 3328 montem
505 3261 640 3347 bialum,
671 3262 711 3331 de
739 3280 803 3348 quo
832 3262 875 3330 ad
902 3269 1049 3331 curuatas
1068 3262 1167 3330 valles
1187 3261 1290 3330 dictus
1315 3261 1522 3348 Luchssreya
1565 3261 1650 3330 llinc
1671 3260 1713 3328 ad
1734 3260 1892 3346 quandam

189 3360 196 3371 “
342 3361 489 3448 paludem
510 3384 651 3450 proque
670 3366 786 3434 iterum
807 3365 926 3434 ferreus
948 3366 1048 3451 stipes
1076 3364 1329 3451 conspiciendus,
1355 3365 1515 3449 sequendo
1544 3364 1777 3432 extremitatem
1806 3363 1892 3430 illius

341 3466 467 3551 paludis
485 3467 519 3534 in
539 3475 631 3553 parte
650 3469 816 3552 auteriori,
838 3471 976 3538 occurrit
1003 3468 1139 3555 quedam
1159 3485 1294 3553 qumcus
1322 3468 1414 3536 iuxta
1431 3467 1577 3536 munitam
1597 3467 1792 3550 Rudensteip
1808 3465 1894 3551 apud

341 3586 438 3653 quam
458 3588 607 3654 quomam
628 3572 744 3639 iterum
765 3571 886 3640 terreus
910 3571 1009 3656 stipas
1036 3575 1087 3637 est
1111 3571 1269 3653 incamus,
1294 3570 1421 3655 qno-in
1448 3570 1517 3638 loon
1542 3588 1673 3655 campus
1694 3569 1893 3654 supradictus
1971 3621 1974 3627 .

278 3763 282 3772 .
341 3670 494 3757 Bnlgorin
511 3673 629 3741 linitur.
672 3675 796 3743 Relicta
814 3675 860 3741 ibi
881 3674 990 3759 stipite
1010 3672 1126 3755 ferreo,
1158 3673 1318 3758 sequenda
1343 3678 1394 3741 est
1421 3673 1536 3740 semita
1555 3672 1772 3756 Rudensteigk
1793 3688 1893 3756 usque

341 3772 383 3841 ad
403 3775 487 3842 riam
509 3775 755 3858 Wuroviensem,
777 3775 943 3843 ducentem
964 3774 1006 3842 ad
1031 3773 1191 3859 quandam
1215 3793 1365 3859 quercum
1389 3781 1620 3843 monstrantem
1648 3774 1690 3842 ad
1716 3776 1825 3858 eham,
1853 3774 1894 3840 de

206 3931 208 3937 .
342 3894 406 3961 qua
425 3876 467 3945 ad
488 3879 634 3963 paludem
654 3879 838 3946 Birclshnlss
858 3884 1085 3963 nuncupatam,
1113 3883 1147 3945 et
1172 3878 1306 3946 rdterius
1333 3879 1376 3945 ad
1396 3878 1492 3946 ubam
1513 3878 1670 3963 paludem,
1702 3877 1893 3946 transeundo

342 3978 437 4048 istam
458 3981 577 4061 directe
599 3990 632 4051 et
656 3983 809 4050 indirecte
833 3983 1014 4051 ducentem:
1040 4000 1102 4067 que
1127 3982 1180 4048 via
1200 3999 1272 4049 cum
1301 3980 1447 4047 omuibus
1468 3981 1540 4047 aitis
1560 3981 1603 4047 ad
1624 3980 1711 4047 illius
1731 3981 1894 4048 dexteram

342 4081 385 4149 ad
405 4082 527 4154 Noram
550 4086 735 4169 biarchiam,
753 4085 795 4153 ad
816 4086 978 4153 sinistram
999 4103 1074 4152 uero
1094 4084 1136 4149 ad
1157 4082 1320 4152 Polonlaru
1340 4084 1494 4168 pertinet,
1515 4082 1601 4167 quod
1619 4083 1702 4151 idem
1717 4082 1893 4166 intelligen-

342 4183 419 4253 dum
438 4186 479 4254 de
500 4193 571 4255 tota
590 4188 779 4256 limitatione
800 4187 841 4255 ab
869 4186 960 4254 initio
990 4187 1032 4255 ad
1053 4186 1156 4253 finem
1199 4183 1238 4250 In
1259 4203 1324 4271 qua
1344 4186 1397 4252 via
1421 4184 1651 4270 procedendum
1673 4185 1714 4252 ad
1735 4184 1893 4269 quandam

343 4288 518 4372 congeriem
541 4288 712 4373 lapideum,
741 4289 774 4354 in
796 4307 860 4374 qua
886 4289 1007 4356 ferrem
1029 4289 1128 4372 stipes
1149 4285 1293 4354 uocibus
1314 4287 1459 4372 signatus
1480 4295 1515 4355 et
1543 4287 1701 4372 lapidibus
1723 4293 1825 4354 tectus
1845 4287 1894 4353 iu·

341 4389 476 4457 venitur.
508 4389 592 4457 llinc
614 4392 748 4458 tendunt
769 4391 896 4458 termini
919 4396 1008 4457 trans
1027 4391 1121 4471 vium,
1143 4388 1308 4457 scribendo
1325 4407 1404 4457 arva
1424 4389 1573 4457 villarum·
1591 4390 1695 4457 Klebo
1716 4397 1751 4457 et
1772 4390 1894 4457 Wuhro

342 4489 426 4558 droa
446 4491 611 4559 arbustum
632 4492 817 4577 paludosum
843 4491 1103 4577 Buigeuhugeuse
1129 4492 1164 4558 iu
1185 4491 1270 4559 illius
1291 4490 1404 4559 duabu
1425 4493 1528 4560 latere
1545 4493 1665 4560 directe
1686 4497 1720 4560 ct
1741 4493 1894 4560 indirecte

341 4590 384 4658 ad
404 4611 482 4660 arra
500 4595 574 4661 ville
594 4596 725 4679 antique
747 4594 883 4677 Wuhro,
912 4595 953 4663 de
977 4595 1092 4680 quibus
1119 4595 1161 4663 ad
1186 4613 1264 4662 arra
1286 4594 1450 4680 Bulgarin.
1493 4596 1543 4663 lbi
1566 4595 1692 4663 termini
1727 4596 1760 4663 iu
1782 4597 1896 4664 semita

342 4695 468 4762 nomine
489 4695 714 4782 Rudeusteigls,
736 4696 899 4766 deterreo
920 4699 1031 4783 stipite
1052 4704 1086 4766 et
1106 4699 1233 4784 apaan
1252 4716 1373 4783 quercu
1392 4698 1438 4765 ibi
1458 4697 1646 4767 invenienda
1663 4699 1782 4767 directe
1804 4705 1898 4787 traua¹

342 4795 425 4864 viam
446 4795 691 4866 Wurouiensem
712 4800 753 4867 ad
774 4800 912 4868 oilicium
931 4801 1145 4886 parandomm
1166 4801 1334 4884 vitrorum,
1362 4800 1458 4868 etde
1478 4800 1540 4868 isto
1559 4803 1646 4872 recte
1666 4803 1709 4869 ad
1728 4802 1897 4870 arbustum

342 4900 484 4983 palustre
505 4904 629 4972 nomine
651 4903 876 4971 lbchenbruch
897 4912 931 4973 et
950 4904 1087 4972 ferreum
1109 4906 1251 4989 stipitem
1271 4904 1316 4971 ibi
1337 4903 1601 4989 conspiciendum,
1623 4911 1658 4974 et
1678 4923 1737 4991 per
1756 4905 1893 4973 medium

342 4999 428 5071 illius
445 5004 569 5073 arbusti
591 5006 743 5090 palustris
762 5006 804 5074 ad
825 5008 929 5076 lacum
950 5009 1075 5075 nominc
1097 5007 1220 5092 Lippeu
1241 5025 1335 5091 quem
1361 5006 1423 5073 sibi
1443 5005 1591 5074 vendicat
1610 5007 1807 5076 Pomerauia
1851 5007 1896 5075 Et

342 5101 505 5175 lulittorc
523 5108 633 5176 dextro
655 5109 796 5177 ciusdem
817 5108 905 5178 lacus
926 5111 960 5178 in
988 5112 1090 5178 rivum
1121 5109 1325 5196 Lippensem,
1347 5127 1406 5195 por
1424 5108 1572 5194 pandera
1593 5109 1840 5196 Sprukenbruch
1862 5111 1896 5181 in
