4860 6180
389 664 401 983 l

1247 523 1322 609 Nn.
1354 518 1455 608 285.

639 788 640 791 κ
673 722 893 809 mamsalil
920 722 996 805 dux
1021 718 1172 803 Poloale
1199 723 1337 801 1250
1363 716 1451 801 lun.
1477 725 1562 817 29,
1598 727 1641 803 ln
1667 723 1835 827 Pounanc
1870 741 2037 810 maurnai
2067 741 2123 810 ao-

573 849 729 925 natlonem
748 842 934 910 moralitatis
955 840 1115 920 Rusinov‚
1135 858 1194 923 per
1211 840 1359 905 comitem
1381 837 1591 923 Pribigneum,
1613 847 1647 909 ct
1665 845 1766 929 partis
1789 844 1975 913 hereditatis
2000 845 2123 928 witin,

574 973 629 1046 per
649 948 793 1018 comitem
815 946 957 1014 Jcrotaua
976 943 1168 1012 monasterio
1190 942 1333 1026 Pnaaya
1355 941 1481 1009 laetam

674 1054 813 1132 maulim
842 1051 1017 1116 Bibliotelcu.
1043 1050 1183 1122 Ραναάἱε,
1206 1047 1267 1110 iso.
1286 1049 1390 1124 privil.
1414 1047 1466 1109 Nr.
1489 1047 1542 1113 2⁷.

673 1238 711 1306 ln
730 1236 855 1305 nomine
874 1242 983 1304 sancta
1003 1234 1170 1302 Trinitatis
1199 1251 1301 1300 amen.
1346 1231 1499 1312 Quonam
1525 1231 1612 1302 facta
1636 1237 1815 1305 mortalium
1845 1237 2050 1321 temporalem
2074 1255 2123 1306 se·

573 1345 712 1432 qunnau
732 1346 864 1422 motum,
885 1339 1010 1406 utiliter
1030 1338 1189 1422 provisam
1210 1341 1260 1402 est
1281 1355 1321 1402 ea
1341 1335 1443 1401 literis
1461 1342 1495 1402 et
1516 1336 1755 1408 confirmacione
1773 1342 1902 1408 tatium
1928 1339 2123 1409 confirmare.

575 1448 655 1520 Hine
675 1449 726 1512 est
745 1442 831 1528 quod
853 1461 910 1527 ego
932 1439 1116 1508 Premischil
1134 1440 1241 1504 lirina
1262 1437 1465 1505 miseracione
1486 1437 1552 1504 (lux
1572 1439 1702 1508 Polonie
1721 1450 1832 1510 notam
1853 1461 1922 1511 esse
1944 1443 2036 1529 cupio
2050 1462 2123 1528 pre-

573 1547 713 1621 sentibus
734 1552 770 1614 et
790 1545 906 1612 fatuus
929 1544 1049 1612 Christi
1070 1541 1213 1610 fidelibus
1235 1546 1413 1624 presentem
1435 1542 1581 1624 paginam
1603 1542 1799 1627 inspecturis,
1822 1546 1906 1630 quoti
1927 1566 2032 1615 comcs
2053 1547 2123 1614 Pri·

573 1655 702 1739 higneas
722 1648 763 1716 de
783 1644 909 1716 Buoovc
931 1666 1001 1715 cum
1020 1663 1173 1714 consensu
1187 1644 1487 1727 consanguineorum
1502 1662 1631 1712 saomm
1645 1647 1730 1713 iusta
1747 1654 1780 1715 et
1794 1648 1935 1734 legitima
1948 1649 2122 1718 donacione

573 1751 781 1824 laminam
799 1768 889 1817 suam
910 1750 1037 1817 nomine
1065 1749 1260 1827 Rauennam,
1291 1751 1325 1813 ct
1345 1744 1453 1813 Icrota
1474 1764 1578 1815 eomes
1599 1747 1640 1816 de
1663 1749 1775 1817 Witim
1797 1769 1867 1819 cnm
1885 1769 2038 1819 consensu
2058 1751 2123 1820 lra-

574 1857 632 1928 tris
652 1854 703 1923 sai
724 1852 949 1921 Wesdechonis
971 1859 1005 1920 et
1023 1851 1157 1918 aliorum
1178 1849 1313 1916 naamam
1334 1867 1462 1915 suorum
1477 1849 1636 1918 desertam
1651 1853 1987 1936 quoddam-videlicet
1999 1861 2123 1938 partem

574 1960 613 2030 rie
631 1957 755 2039 witim
777 1974 850 2023 cara
867 1953 1013 2023 omnibus
1034 1952 1212 2021 attinentiis
1233 1952 1300 2017 suis
1321 1951 1452 2018 ecclesie
1472 1959 1583 2020 sancte
1602 1953 1663 2021 Dei
1683 1957 1843 2039 genitricis
1860 1974 2046 2040 semperque
2059 1957 2122 2023 vir.

573 2060 654 2149 ginis
674 2058 776 2127 Mario
799 2056 981 2139 christique
1001 2055 1130 2140 gloriosi
1152 2052 1339 2122 confessoris
1361 2052 1503 2136 Martini,
1518 2073 1581 2140 que
1596 2055 1766 2126 Paralisas
1779 2058 1905 2140 dicitur,
1920 2058 2123 2125 contulerunt

379 2114 386 2149 ἱ
456 2199 458 2202 v
574 2165 607 2232 in
628 2168 815 2248 perpetuum
836 2158 1066 2244 possidendum
1101 2155 1150 2224 Ut
1170 2162 1277 2224 autem
1300 2155 1359 2223 hoc
1379 2173 1508 2240 presens
1530 2157 1656 2239 donum,
1682 2160 1723 2227 ob
1744 2163 1954 2229 reverenciam
1975 2159 2068 2228 beate
2088 2167 2124 2227 et

574 2263 708 2351 glorioee
728 2262 860 2346 virginis
876 2260 980 2328 liaris
1002 2259 1162 2340 collatam,
1188 2258 1313 2325 firmum
1340 2263 1374 2326 et
1402 2264 1507 2326 ratam
1535 2270 1726 2345 permanem,
1753 2263 1848 2347 sigilli
1869 2264 1971 2330 nostri
1992 2264 2123 2348 impres·

574 2366 662 2436 aiano
678 2363 911 2434 confirmamus.
956 2362 1139 2445 Quicunqm
1165 2379 1239 2444 ergo
1263 2359 1323 2427 hoc
1348 2359 1465 2427 donum
1488 2359 1550 2429 Dei
1577 2380 1657 2429 ausu
1682 2366 1848 2434 temerario
1868 2366 1986 2434 violare
2006 2372 2064 2433 aut
2082 2364 2124 2433 ab

575 2467 684 2538 wem
702 2467 836 2536 ecclesia
849 2466 944 2533 beate
961 2464 1103 2548 Virginis
1120 2470 1155 2531 ct
1175 2462 1277 2530 sancti
1297 2462 1439 2544 Martini,
1460 2481 1523 2546 que
1543 2469 1674 2532 vanam
1693 2465 1872 2550 Pataliam,
1893 2469 2035 2537 aliermm
2052 2486 2125 2554 pre·

576 2570 755 2656 sumpserit,
777 2566 1094 2637 exmnnnnicacioni
1115 2564 1331 2649 apostolorum
1351 2565 1439 2632 Petri
1459 2572 1493 2632 et
1513 2565 1605 2633 Pauli
1626 2569 1799 2636 cidamini
1824 2570 1911 2655 Papa
1928 2576 1963 2639 et
1983 2571 2124 2638 omnium

576 2673 643 2742 lieo
663 2671 870 2740 sermennum
898 2675 1058 2737 mereatur
1086 2670 1119 2734 ia
1148 2674 1336 2751 perpetuum
1361 2666 1531 2735 subiecere
1574 2668 1679 2736 Huius
1699 2671 1746 2738 rei
1767 2677 1866 2740 testes
1887 2681 1977 2740 sunt:
2010 2672 2125 2740 Petras

576 2774 712 2844 imus
729 2773 770 2841 de
792 2773 929 2855 Poznan‚
948 2771 1138 2840 vincemalus
1159 2769 1327 2838 oenonicas
1346 2769 1386 2837 dc
1406 2770 1548 2853 Poznan,
1573 2772 1724 2856 magister
1751 2774 1920 2858 Bogofalas
1944 2775 2125 2859 prepositos

578 2877 782 2959 (iniznensis3
802 2875 986 2960 Bognmssns
1012 2874 1182 2959 matiana,
1208 2871 1418 2956 Predepolens
1446 2873 1636 2942 astellanus
1661 2874 1892 2958 l‘oznaniensia
1916 2877 2124 2960 nancradus,

577 2980 703 3063 milites,
721 2986 757 3048 et
777 2978 833 3046 alii
853 2997 950 3063 quam
970 2977 1089 3062 plures.
1132 2976 1215 3043 Acta
1243 2982 1320 3042 sunt
1346 2974 1405 3043 hec
1434 2993 1516 3043 anno
1542 2974 1774 3046 incarnacionis
1801 2978 1929 3048 Domini
1958 2980 2125 3049 millesimo

578 3081 790 3152 ducentesimo
811 3080 1080 3167 quinquagesima,
1101 3079 1136 3144 in
1156 3076 1237 3145 testa
1258 3077 1473 3162 apostolorum
1493 3077 1582 3146 Petri
1602 3084 1636 3146 et
1652 3078 1743 3148 Pauli
1763 3081 1797 3148 in
1817 3080 1954 3151 Poznan
2062 3101 2064 3106 ·

679 3285 817 3369 Bucove,
839 3289 1006 3352 mauvia.
1039 3283 1236 3366 Rusennove,
1258 3287 1383 3350 anien.
1405 3285 1617 3364 Rinneradors.
1650 3281 1771 3370 thm,
1793 3307 1812 3353 2
1832 3292 1921 3356 nima.
1950 3290 2069 3354 Μαι

1248 3614 1324 3700 Ns.
1355 3609 1454 3711 286.

522 3862 525 3869 -
595 3814 597 3819 ’
681 3809 2128 3916 menuamliarloloale1seoian29,in1³oanaa;nmnmnn·

580 3937 698 4006 amem
718 3937 836 4005 deserti
856 3935 993 4018 Dutsko,
1015 3953 1073 4019 per
1097 3933 1243 4001 comitem
1265 3930 1435 3999 Sulislaum
1454 3930 1555 3998 filiam
1576 3929 1731 4000 Brodouis
1750 3933 1789 4004 de
1811 3932 1998 4021 Wpszanov
2018 3954 2128 4006 mona·

581 4041 678 4110 sterio
698 4038 840 4124 Panare
861 4037 988 4106 motam

608 4224 611 4228 A
682 4145 819 4225 mansa
854 4144 1027 4207 masma
1060 4144 1204 4222 ruam,
1227 4141 1289 4204 eo.
1306 4141 1410 4219 presa
1432 4138 1485 4200 rvr.
1506 4137 1561 4202 so.

533 4273 537 4281 Ι
681 4312 721 4382 ln
741 4313 867 4382 mmine
888 4311 999 4381 sancte
1020 4309 1186 4379 llinitatis
1206 4328 1308 4377 amen.
1352 4305 1505 4388 Quoniam
1532 4302 1620 4375 facta
1649 4309 1830 4378 mortalium
1857 4312 2062 4396 temporalem
2080 4331 2129 4382 se·

581 4421 722 4502 quunmr
739 4423 871 4500 motum,
893 4415 1017 4483 utiliter
1037 4413 1195 4498 provisam
1217 4418 1269 4479 est
1286 4430 1325 4479 ea
1342 4410 1444 4477 literis
1463 4416 1497 4476 et
1522 4409 1758 4480 confirmacione
1780 4415 1910 4481 testium
1932 4415 2129 4484 confirmare.

581 4519 664 4591 Hinc
684 4527 736 4590 eat
756 4521 840 4606 qaod
862 4539 920 4604 ego
941 4517 1126 4584 Premisehil
1145 4516 1251 4582 divim
1272 4514 1475 4582 miseracione
1496 4512 1561 4580 dax
1582 4512 1710 4583 Poloaie
1731 4523 1842 4584 uotum
1862 4536 1933 4586 esse
1952 4519 2044 4603 cupio
2059 4537 2130 4604 pre-

582 4623 722 4693 sentibus
752 4629 788 4691 et
817 4622 933 4689 tutans
966 4619 1086 4688 Christi
1117 4618 1261 4686 fidelibus
1293 4623 1470 4702 presentem
1501 4617 1648 4702 paginam
1681 4619 1880 4705 inspecturis,
1910 4621 1996 4705 qaod
2025 4639 2129 4690 comes

582 4725 736 4797 Salislaus
754 4726 838 4793 tilius
859 4723 1015 4793 Brodonis
1037 4722 1076 4789 de
1099 4719 1276 4788 Wiszonov
1306 4737 1378 4787 cum
1400 4736 1552 4786 consensu
1571 4717 1707 4788 unsrun
1724 4740 1868 4807 snorum,
1889 4724 1997 4792 axoris
2018 4741 2075 4791 sac
2095 4729 2130 4792 et

582 4827 718 4898 liliorum
737 4845 876 4911 suorum,
899 4845 956 4912 pro
977 4826 1080 4893 saluta
1101 4823 1205 4891 suune
1231 4840 1288 4889 suc
1310 4826 1345 4889 et
1368 4838 1426 4906 pro
1453 4821 1591 4889 remedio
1617 4829 1817 4908 peccatoram
1839 4845 1968 4895 suoram
1989 4844 2047 4895 nec
2067 4844 2132 4894 noa

583 4936 615 5000 st
635 4935 803 5019 parentum
824 4948 963 5013 suorum,
985 4929 1144 4996 desertum
1162 4924 1319 5010 quautam
1341 4924 1424 5008 quod
1446 4924 1566 4994 Datsco
1580 4932 1780 5012 nuncupatur
1799 4947 1871 4997 cum
1892 4928 2036 4996 omnibus
2053 4928 2132 4998 atti·

583 5034 698 5104 omlis
718 5032 785 5100 mis
805 5031 936 5100 ecclesie
962 5035 1070 5099 sancta
1097 5027 1158 5095 Dei
1185 5027 1346 5112 genitricis
1376 5046 1560 5112 sempemve
1581 5029 1711 5113 virginis
1737 5029 1838 5098 Maria
1860 5030 2043 5115 Christique
2063 5031 2132 5116 glo·

508 5130 512 5138 ’
584 5135 659 5204 mosi
676 5133 863 5204 confessoris
884 5116 1115 5218 Martinifquc
1128 5130 1306 5199 umarus
1327 5129 1453 5214 (licitur,
1480 5129 1616 5198 contulit
1635 5131 1669 5198 in
1689 5139 1876 5218 perpetuum
1897 5133 2129 5218 possidendum.

588 5236 635 5308 Ut
655 5243 763 5308 ntem
794 5236 855 5306 hoc
887 5254 1016 5322 presens
1036 5234 1167 5319 donum,
1193 5234 1234 5304 ab
1255 5235 1464 5305 reverenciam
1486 5234 1577 5303 beata
1601 5242 1635 5304 ct
1653 5235 1789 5321 maniosa
1809 5236 1950 5324 Virginis
1971 5239 2133 5324 mllamrn,

882 5393 884 5397 ι
1941 5358 1978 5416 88
