4860 6180
503 639 579 716 458

502 841 757 928 predecessorum
779 847 968 923 nostrorum,
990 843 1030 910 od
1052 841 1201 910 honorem
1223 840 1283 908 Dei
1304 841 1529 928 omnipotentis
1550 847 1584 909 et
1603 844 1753 927 perpetuo
1775 840 1915 924 Virginis
1934 838 2045 907 matris

503 944 572 1014 eius
592 951 630 1013 ut
650 964 720 1012 eam
742 944 774 1011 in
796 945 859 1013 line
879 948 943 1014 vite
964 953 1072 1014 nostre
1094 944 1277 1028 placabilem
1299 945 1480 1028 habeamus,
1499 965 1605 1013 aream
1626 964 1685 1031 pro
1708 943 1876 1029 eyruetcrie
1898 949 1932 1011 et
1948 945 2045 1012 eccle·

503 1049 552 1118 sia
568 1049 669 1117 eidem
690 1054 798 1117 sancte
816 1049 939 1135 Virgini
960 1044 1178 1130 construenda,
1201 1055 1235 1116 et
1255 1069 1312 1134 pro
1338 1048 1477 1118 daustro
1505 1049 1711 1132 omnibusque
1736 1045 1868 1115 officinis
1894 1048 2046 1116 iratribus

503 1153 688 1222 noeoesariis
705 1159 835 1221 scorto
855 1155 889 1221 in
912 1155 1039 1224 civitate
1060 1153 1234 1221 Vroneemi
1264 1173 1359 1238 super
1386 1173 1511 1238 aquam,
1541 1172 1611 1220 cum
1641 1157 1775 1236 utroque
1796 1153 1904 1220 littore
1924 1151 2046 1220 Vartho

502 1256 594 1326 iuxta
614 1258 732 1325 curiam
751 1258 906 1325 dictomm
928 1258 1076 1340 lratrum3
1099 1259 1147 1325 ita
1166 1258 1250 1343 quod
1268 1277 1352 1342 aqua
1372 1257 1560 1326 intermedia
1580 1256 1695 1325 iratres
1715 1275 1773 1341 pro
1794 1257 1859 1324 suis
1878 1257 2046 1324 necessita·

503 1357 589 1428 tibus
609 1360 845 1446 quibuscunque
866 1361 963 1429 libere
984 1363 1017 1428 in
1038 1367 1223 1448 perpetuum
1245 1364 1293 1430 uti
1312 1369 1454 1446 possunt,
1475 1361 1627 1428 habentes
1648 1360 1853 1445 piscationem
1867 1360 1999 1427 liberum
2013 1360 2047 1425 in

502 1468 571 1532 toto
596 1461 690 1530 durio
712 1463 797 1531 dicto
814 1462 949 1532 Vartha
993 1465 1126 1550 Insuper
1147 1472 1181 1533 et
1205 1467 1276 1533 lacu
1302 1471 1411 1533 nostro
1438 1465 1523 1532 dicto
1546 1463 1681 1532 Wreecn
1709 1463 1820 1530 damus
1848 1463 1893 1531 eis
1914 1461 2046 1530 liberam

502 1564 709 1652 piscaturam:
731 1566 779 1633 ita
799 1567 884 1650 quod
902 1568 981 1634 nubi
1002 1568 1095 1636 alteri
1116 1568 1160 1635 ibi
1181 1569 1302 1637 licitum
1328 1570 1372 1636 sit
1400 1569 1502 1653 pisces
1530 1585 1641 1652 capere
1667 1566 1701 1633 in
1727 1575 1911 1651 perpetuum
1940 1571 2047 1650 preter

406 1707 411 1716 ·
502 1667 588 1754 lpsos
609 1666 733 1751 hatra,
754 1669 804 1736 vel
826 1688 880 1737 eos
898 1690 978 1755 quoa
995 1670 1037 1738 ad
1054 1671 1114 1741 hoc
1134 1672 1285 1756 elegerint
1305 1673 1488 1758 piscatores.
1532 1669 1722 1738 Onlinamus
1747 1671 1876 1754 insuper
1903 1676 1938 1738 et
1965 1669 2047 1737 hanc

502 1777 646 1841 noemam
666 1771 894 1840 ordinationem
915 1774 1058 1842 velumus
1076 1776 1110 1841 in
1130 1784 1316 1860 perpetuum
1336 1774 1548 1843 inviolabilem
1574 1792 1767 1858 permanere,
1798 1778 1836 1841 ut
1856 1792 1913 1859 pro
1939 1790 2046 1841 neces·

503 1873 600 1944 sltete
620 1873 755 1944 fratrum
776 1875 930 1961 prefatam
956 1877 1083 1945 domum
1109 1879 1367 1960 inhabitandum,
1396 1879 1429 1950 in
1456 1878 1633 1945 molendino
1655 1883 1769 1974 ‚nostm
1798 1895 1895 1962 prope
1919 1877 2047 1944 domum

503 1977 671 2046 eorundem
690 1977 824 2048 fratrum
846 1980 949 2065 posito
968 1981 1000 2047 in
1018 1981 1082 2050 alia
1102 1989 1193 2067 parta
1210 1980 1357 2063 fluminis,
1378 1980 1435 2049 lint
1455 1981 1556 2066 gratis
1578 1981 1727 2048 molitura
1740 1979 1907 2062 sufficiens,
1928 1980 2048 2066 absque

503 2083 589 2151 omni
603 2083 825 2167 condtacione,
845 2085 1096 2171 quociescumque
1109 2086 1224 2155 batres
1238 2104 1394 2154 emonam
1407 2104 1497 2153 suam
1511 2085 1553 2152 ad
1567 2085 1650 2152 idem
1664 2084 1808 2152 miserint
1822 2083 2046 2151 molendinum:

502 2185 550 2255 its
570 2188 656 2273 qaod
673 2188 852 2272 quicunque
872 2188 956 2256 idem
975 2190 1187 2257 molendinum
1209 2209 1267 2275 pro
1287 2195 1429 2273 tempore
1450 2189 1597 2270 manent
1620 2188 1729 2255 statim
1751 2187 1797 2255 eis
1811 2187 1928 2255 molere
1942 2193 2048 2254 teoca-
2079 2204 2083 2210 ·

503 2294 571 2373 tor3
593 2296 628 2359 et
648 2291 733 2377 quod
753 2309 851 2377 supra
870 2291 953 2359 idem
975 2292 1186 2361 molendinum
1206 2292 1320 2360 iratres
1341 2290 1419 2360 dicti
1448 2291 1600 2376 piscinam
1630 2289 1749 2358 iaciant
1776 2290 1976 2374 quantumvis
1994 2308 2048 2356 vo·

503 2392 631 2463 luerint
674 2392 743 2463 liec
764 2400 870 2462 autem
891 2397 997 2465 omnia
1014 2398 1048 2464 in
1070 2402 1258 2483 perpetuum
1278 2395 1388 2462 mmus
1410 2394 1563 2462 iratribus
1584 2393 1835 2461 inhabitantibus
1856 2394 1973 2462 dictam
1992 2393 2048 2461 do·

502 2514 600 2579 mum,
622 2495 721 2565 eciam
739 2496 767 2564 si
788 2515 827 2564 ex
849 2515 945 2567 eausa
963 2518 1149 2585 quacunque
1164 2498 1272 2566 mem
1286 2498 1398 2564 domus
1412 2497 1548 2565 danum
1562 2496 1749 2580 incivitate,
1772 2497 1821 2565 v'el
1836 2517 1907 2565 cum
1921 2497 2049 2566 civitate

502 2597 544 2667 ad
565 2598 669 2667 locum
688 2598 787 2668 alium
806 2599 1040 2669 transferretur.
1084 2601 1128 2669 Et
1146 2603 1294 2686 queniam
1316 2620 1355 2669 en
1376 2601 1579 2686 providencia
1599 2601 1715 2683 divina,
1737 2607 1840 2670 mater
1854 2601 1980 2669 Domini
1992 2619 2049 2669 no·

503 2701 563 2770 strl
583 2701 679 2770 lheau
697 2701 817 2772 Christi
836 2703 1042 2789 glorisissime
1062 2705 1150 2790 virgo
1171 2703 1275 2772 Maria
1295 2705 1329 2770 in
1346 2704 1440 2773 domo
1460 2704 1629 2773 iamdicta
1648 2703 1755 2789 sapim
1775 2711 1826 2771 est
1846 2709 1990 2788 patrona,
2011 2709 2049 2770 ut

504 2803 614 2890 regina
638 2805 850 2874 misericordie
878 2807 1025 2892 dignetur
1052 2808 1187 2876 salutem
1217 2812 1367 2890 nostram,
1401 2809 1541 2892 corporis
1566 2812 1601 2875 et
1621 2808 1734 2889 anime,
1768 2825 1937 2891 procurare
1962 2807 2050 2873 etin

503 2905 648 2976 omnibus
667 2909 785 2976 noemia
806 2909 1049 2978 adversitatibus
1069 2930 1251 2978 succurrere
1271 2910 1371 2993 nobis
1393 2912 1533 2980 eiusdem
1554 2910 1665 2980 domus
1682 2912 1812 2979 heredes
1826 2919 1859 2978 et
1872 2909 2051 2979 defensores

505 3012 738 3080 essevolumus
761 3031 831 3081 cum
853 3014 997 3082 omnibus
1016 3017 1133 3082 nostris
1153 3014 1383 3083 successoribus
1402 3033 1481 3100 quos
1503 3015 1594 3083 nobis
1615 3015 1702 3083 Deus
1716 3015 1917 3097 ordinaverit
1939 3033 1994 3082 eos
2009 3014 2051 3082 ad

507 3114 614 3184 omnis
633 3114 757 3201 prelata
777 3115 931 3184 servanda
952 3117 1174 3187 inviolabiliter
1194 3119 1379 3204 obligantes.
1423 3120 1472 3188 Ut
1492 3126 1598 3187 autem
1619 3119 1661 3187 ad
1688 3118 1815 3187 laudem
1834 3119 1967 3203 gloriose
1988 3120 2052 3185 vir·

420 3233 425 3243 ·
502 3217 586 3303 ginis
602 3217 714 3300 Maris,
736 3238 798 3304 que
818 3225 868 3287 est
887 3239 958 3305 spes
977 3228 1050 3306 post
1069 3223 1172 3290 Deum
1193 3229 1304 3290 nostra
1324 3224 1436 3308 prima,
1465 3223 1499 3289 in
1520 3222 1644 3309 prefato
1665 3223 1734 3291 loeo
1760 3221 1893 3289 samm
1919 3221 2052 3289 ecclesia

503 3325 539 3389 et
559 3319 732 3389 clausmam
752 3342 790 3391 ac
811 3342 919 3391 omnes
941 3323 1063 3392 odicine
1084 3325 1295 3393 delatoribus
1316 3332 1550 3408 construantur,
1580 3326 1712 3411 singulis
1739 3325 1831 3393 annis
1855 3325 1895 3393 de
1924 3331 2052 3393 moneta

505 3430 617 3494 nostra
637 3426 670 3493 in
691 3425 818 3495 Poznan
843 3427 954 3496 damus
976 3427 1039 3496 XII
1064 3448 1186 3497 mareas
1214 3431 1337 3514 argenti
1365 3447 1529 3514 quousque
1561 3428 1669 3497 mdem
1700 3446 1795 3514 opera
1820 3427 1911 3513 plene
1933 3426 2052 3495 fuerint

366 3549 369 3554 ·
508 3535 700 3597 consumatus
745 3530 792 3598 Ut
813 3529 911 3615 igitur
930 3530 1053 3616 prefata
1074 3533 1179 3599 omnia
1199 3532 1421 3600 inviolabiliter
1442 3539 1654 3617 perseverent,
1676 3531 1759 3599 hanc
1778 3531 1925 3615 peginam
1942 3537 2051 3598 nostm

504 3629 607 3717 slglllo
628 3637 662 3700 et
682 3633 816 3701 testibus
836 3632 966 3701 lecimus
989 3634 1138 3716 roborari,
1160 3626 1294 3728 quorum
1309 3635 1436 3703 nomina
1456 3641 1532 3702 sunt
1554 3634 1624 3703 hec:
1647 3634 1845 3701 Themislaus
1863 3633 2051 3702 castellanus

413 3730 419 3744 '
505 3733 737 3820 Poananiensis
757 3736 944 3806 Vincentius
961 3738 1164 3806 cancellarius
1180 3745 1297 3821 noster,
1323 3736 1474 3805 Nicolaum
1488 3738 1582 3806 iudex
1597 3743 1682 3806 terre
1695 3737 1927 3820 Peznaniensis,
1949 3736 2052 3804 Dirzi·

504 3837 609 3908 craius
628 3839 817 3908 castellanus
839 3840 879 3908 de
900 3840 1026 3923 Dircen,
1048 3841 1179 3909 Iacobus
1193 3842 1384 3909 castellanus
1398 3843 1439 3910 de
1451 3841 1595 3927 Wyelen‚
1615 3840 1716 3908 irater
1729 3840 1940 3908 Theodericus
1952 3840 2053 3909 lector

504 3945 614 4009 meter
635 3940 793 4010 confessor
813 3941 941 4011 Ordinis
958 3944 1203 4026 Prsdicatorum,
1225 3945 1281 4029 qni
1297 3964 1319 4012 a
1338 3944 1429 4012 uobis
1451 3944 1511 4012 hoc
1531 3944 1729 4030 privilegium
1750 3929 1945 4028 impetrant
1971 3945 2053 4012 Acta
2151 3976 2152 3979 ¹

503 4047 580 4112 sunt
599 4043 632 4111 iu
653 4043 779 4114 Poman
798 4064 882 4114 anno
902 4046 1029 4114 Domini
1049 4045 1279 4110 mechania
1310 4063 1353 4110 xa
1371 4047 1533 4116 Kalendas
1553 4046 1743 4117 Decembris.

610 4247 731 4319 mvitas
759 4250 958 4336 Vroncensis‚
1003 4257 1135 4320 Wronlri.
1183 4253 1320 4322 Wrecen
1348 4253 1446 4337 lacus,
1469 4258 1589 4334 jezioro
1607 4275 1643 4336 p.
1666 4275 1701 4319 re.
1731 4257 1878 4336 Rzecryu
1926 4252 2052 4336 buzen

376 4397 380 4405 ·
509 4350 622 4430 orzat
641 4354 708 4420 deii
729 4357 917 4422 &ardema
961 4354 1102 4440 Wyelen‚
1131 4355 1250 4421 Wielerb

1167 4654 1242 4741 Nr.
1283 4653 1385 4743 490.

610 4847 782 4932 lllcolaus
812 4849 876 4954 Pp.
902 4849 967 4933 111
1002 4856 1138 4934 1279
1172 4852 1255 4936 ilco
1286 4857 1372 4950 28,
1404 4854 1516 4936 Rome
1552 4853 1652 4956 apud
1685 4855 1856 4936 sanctum
1888 4852 2054 4955 Petrum

504 4971 635 5041 mandat
653 4970 799 5054 Philippo
821 4971 967 5055 episcopo
980 4970 1138 5055 limone,
1161 4972 1250 5039 Sedis
1271 4975 1463 5058 apostolieae
1485 4976 1518 5041 in
1540 4974 1704 5057 Hungaria
1725 4974 1839 5056 legato,
1859 4980 1896 5041 ut
1922 4973 2076 5057 Wlosti·,
2212 5010 2216 5021 ·

504 5074 626 5144 berlum
647 5074 680 5140 in
700 5072 967 5157 archiepiscopum
989 5073 1205 5144 Gneanensem
1224 5076 1369 5160 electum,
1391 5079 1418 5144 si
1441 5078 1540 5164 ipsius
1560 5077 1744 5146 electionem
1766 5077 1947 5146 canomcam
1968 5078 2053 5146 inve·

507 5178 601 5263 uerit,
623 5177 795 5247 confirmet.
869 5200 872 5206 ·

616 5285 753 5365 ricimer,
777 5284 972 5346 Monwnenla
993 5283 1095 5349 luston
1118 5286 1261 5349 Polonioc
1283 5286 1312 5368 1,
1335 5286 1408 5350 rot.

611 5487 761 5558 Nicolaus
782 5488 948 5574 episcopus
969 5487 1068 5574 (eta),
1090 5489 1262 5559 vonerabili
1276 5490 1368 5560 hatri
1383 5491 1530 5576 Philippo
1544 5492 1690 5576 episcopo
1704 5491 1862 5571 Firmano,
1885 5493 2056 5578 apostolice

515 5591 606 5661 Sedis
626 5593 742 5679 legato,
764 5594 898 5660 salutem
919 5589 1017 5679 (σία).
1062 5593 1129 5674 Quo
1147 5594 1187 5663 de
1209 5602 1306 5679 sucu,
1328 5596 1423 5663 irruuo
1446 5616 1521 5664 casu
1536 5595 1705 5663 miserabili
1720 5596 1914 5664 (lucanensis
1928 5596 2056 5666 melaro
