4860 6180
993 765 1068 851 Nr.
1109 763 1210 853 425.

435 976 597 1062 uomens
624 980 688 1083 ep.
715 979 770 1064 1v
798 984 932 1062 1267
957 980 1045 1064 uu.
1071 986 1158 1079 aa,
1183 983 1360 1087 vscerum
1390 1002 1555 1071 reanum
1580 959 1730 1069 eciem
1761 1000 1882 1072 aaa

332 1097 433 1168 niensi
455 1098 597 1183 praeficit
615 1101 648 1166 in
670 1101 852 1186 episcopum
873 1107 907 1168 et
927 1101 999 1169 duci
1021 1102 1171 1170 Potoniae
1193 1106 1400 1175 commendat.

438 1205 575 1279 maner,
597 1207 790 1272 Moerammro
807 1210 909 1271 lister.
931 1207 1077 1273 Polootcc
1100 1210 1129 1290 Ι,
1152 1210 1226 1274 teo.

436 1410 582 1480 Clemens
602 1413 767 1497 episeopus
788 1420 884 1494 (etc),
906 1412 1077 1481 venerabili
1095 1413 1189 1480 tratri
1209 1413 1341 1484 Nicolao
1363 1419 1510 1502 episcopo
1524 1416 1730 1485 Pozuaniensi
1744 1416 1881 1488 salutem

335 1519 427 1594 (cta).
472 1517 638 1600 Assumpti
665 1515 808 1600 quamvis
834 1516 982 1582 immeriti
1011 1516 1196 1600 disponente
1224 1517 1357 1586 Domim
1381 1521 1413 1586 in
1443 1519 1670 1605 plenitudinem
1702 1522 1881 1605 potestatis,

333 1636 404 1685 cum
425 1618 510 1686 inter
530 1619 648 1702 primas
670 1617 890 1686 sollicitudinis
911 1625 1018 1685 nostre
1040 1636 1133 1686 curas
1155 1619 1213 1687 bec
1234 1620 1348 1688 debeat
1370 1640 1438 1689 esse
1459 1624 1654 1707 propensior,
1674 1629 1712 1690 ut
1732 1623 1774 1692 ad
1789 1624 1881 1692 clui-

330 1721 372 1788 sti
393 1721 566 1806 paseerdus
587 1739 659 1788 oves
682 1723 763 1788 tales
784 1720 874 1788 nobis
896 1720 1130 1789 consulentibus
1160 1740 1292 1806 persone
1321 1724 1504 1807 procedant,
1529 1726 1564 1792 in
1591 1726 1706 1810 quibus
1731 1746 1790 1813 per
1816 1730 1882 1797 vite
1981 1760 1983 1762 ·

329 1825 538 1893 ministerium
558 1830 592 1892 et
609 1824 842 1908 preromtivaru
863 1823 994 1891 scientie
1011 1822 1113 1891 tidelis
1134 1824 1329 1910 dispensatio
1350 1827 1599 1918 commendebat
1621 1828 1782 1897 litteratos
1796 1830 1882 1898 viros

330 1945 409 2012 quos
429 1946 552 1995 morum
574 1933 608 1995 et
627 1927 874 1994 conversationis
894 1927 1025 1994 decorat
1046 1926 1197 1995 honestas
1216 1928 1350 1996 libenter
1371 1929 1405 1997 in
1419 1936 1543 2015 partem
1556 1931 1698 1999 iniuncto
1715 1932 1805 2000 nobis
1818 1933 1883 2001 sol·

329 2029 501 2098 licitudinis
518 2029 717 2111 alvoeamus,
737 2030 886 2113 quoniam
907 2046 965 2113 per
983 2029 1063 2096 talos
1083 2036 1118 2096 et
1138 2030 1343 2098 eeclesiarum
1361 2032 1485 2100 utilitas
1506 2038 1540 2101 et
1554 2034 1640 2101 salus
1654 2034 1801 2119 provenit
1813 2035 1883 2102 ani·

330 2152 461 2202 marum.
505 2132 589 2201 Olim
617 2133 772 2219 siqrddem
797 2132 929 2200 eeclesia
953 2131 1160 2202 Poznaniensi
1190 2139 1334 2216 vacante,
1367 2133 1548 2219 Capitulum
1580 2134 1719 2204 eiusdem
1751 2136 1883 2205 ecclesie

330 2237 479 2306 dilectum
497 2236 598 2304 lilium
619 2236 688 2305 P..
710 2236 810 2321 ipsius
832 2234 963 2303 ecclesie
984 2237 1180 2319 prepositum
1200 2235 1235 2302 in
1255 2254 1366 2304 eorum
1384 2238 1565 2322 episcopum
1592 2237 1764 2323 elegenmt,
1792 2240 1883 2307 cuius

331 2341 513 2409 decdonem
533 2338 721 2408 venerabilis
746 2338 847 2406 mater
873 2343 982 2405 noster
995 2387 1026 2405 ..
1053 2337 1308 2424 archiepiscopus
1334 2338 1529 2408 Gnmnensis
1554 2339 1816 2425 metropolitanus
1842 2361 1883 2410 er

330 2444 424 2511 cerus
445 2442 550 2511 censis
570 2444 761 2512 auctoritate
782 2441 1014 2526 metropolitica
1034 2441 1160 2508 institia
1180 2442 1333 2510 suadente
1353 2443 1499 2526 easmvit,
1528 2449 1563 2510 et
1583 2443 1794 2513 venerabilem
1817 2445 1883 2514 ira·

331 2551 412 2615 trem
432 2552 577 2615 noenum
598 2545 670 2614 V..
693 2546 874 2631 episcopum
897 2543 1055 2628 quondam
1088 2542 1344 2628 Poznaniensem,
1374 2550 1450 2612 tuuc
1478 2545 1630 2612 decanum
1653 2544 1882 2631 Gnezueusem,

330 2648 391 2735 ipsi
407 2649 615 2718 Poznaniensi
633 2648 763 2717 ecclesie
780 2647 972 2716 auctoritate
993 2645 1138 2730 predicta
1158 2645 1324 2732 preficiens
1337 2647 1372 2714 in
1386 2648 1567 2732 episcopum
1576 2653 1616 2715 et
1628 2653 1799 2735 pastorem,
1813 2668 1883 2718 ma-

330 2771 390 2821 nus
409 2752 439 2821 ei
458 2752 702 2820 consecrationis
722 2748 885 2834 impendit
916 2748 1059 2832 Cumque
1072 2768 1094 2816 a
1107 2750 1286 2833 provisione
1306 2750 1368 2835 ipsi
1382 2748 1423 2817 V.
1438 2749 1524 2817 meta
1541 2769 1598 2835 per
1611 2751 1745 2820 eundem
1762 2753 1884 2822 mobis·

331 2847 501 2941 pisoop'um,
514 2905 545 2922 ..
567 2854 714 2936 decanus,
728 2902 736 2919 .
750 2903 758 2918 .
778 2851 1016 2919 archidiaconus
1038 2857 1072 2919 et
1093 2851 1150 2919 alii
1171 2853 1301 2920 ecclesie
1315 2852 1457 2936 predicte
1471 2853 1612 2921 canonici
1626 2853 1668 2920 ud
1681 2851 1794 2922 Sedem
1807 2874 1884 2941 apo-

330 2957 474 3026 stolieum
494 2957 716 3042 appellassent,
738 2960 773 3023 et
793 2972 890 3021 eausa
910 2960 998 3021 mota
1026 2971 1122 3039 super
1148 2955 1208 3023 hoc
1233 2955 1318 3023 inter
1345 2955 1488 3023 eumdem
1518 2956 1698 3041 episcopum
1726 2976 1767 3026 er
1792 2963 1883 3043 parte

331 3078 403 3142 una,
426 3060 560 3145 etipsos
580 3060 744 3139 decanum,
765 3057 1020 3124 archidiaconum
1041 3063 1076 3124 et
1096 3059 1263 3125 canonicos
1283 3077 1323 3125 ex
1343 3058 1455 3138 uloera,
1477 3055 1590 3126 fuisset
1610 3059 1651 3126 ad
1673 3059 1804 3128 eandem
1826 3058 1884 3129 Se-

331 3161 402 3231 dem
420 3180 478 3247 pro
499 3161 710 3247 appellatione
728 3159 907 3227 huiusmodi
928 3158 1091 3228 devoluta:
1111 3179 1170 3227 nos
1184 3160 1224 3227 de
1237 3161 1307 3244 ipso
1320 3160 1448 3245 negotio
1463 3168 1695 3245 cognoscentes,
1718 3161 1794 3247 qnia
1806 3181 1883 3231 ean·

331 3265 402 3333 dem
420 3264 628 3351 provisionem
647 3269 759 3330 contra
778 3261 1035 3329 constitutionem
1055 3261 1154 3330 lelius
1175 3263 1402 3330 recordationis
1424 3262 1596 3330 Alexandri
1615 3263 1701 3349 Pape
1719 3264 1883 3350 predeces-

332 3367 411 3436 soris
432 3366 534 3435 nostn'
555 3384 650 3450 super
667 3365 729 3432 boc
749 3363 878 3445 editum,
893 3380 957 3430 non
972 3382 1104 3447 persone
1119 3365 1207 3445 vitio,
1230 3365 1406 3433 invenimus
1427 3371 1661 3449 attemptatam,
1687 3366 1728 3433 de
1747 3365 1883 3436 fratrum
1920 3423 1926 3436 .

331 3475 509 3538 noseorum
531 3466 661 3536 oonsilio
682 3466 829 3534 duximus
850 3465 1046 3532 anundum.
1089 3465 1224 3534 Demum
1245 3485 1318 3534 vero
1339 3466 1380 3535 de
1398 3467 1498 3552 ipsius
1525 3468 1653 3536 ecclesio
1683 3467 1882 3540 ordinatione

331 3572 465 3641 sollicite
486 3572 671 3657 comantes,
693 3590 734 3638 ne
754 3572 825 3654 ipsa
845 3568 1068 3637 Poznaniensis
1087 3570 1220 3637 ecclesia
1240 3574 1405 3654 pateretur
1418 3589 1458 3637 ex
1471 3570 1587 3637 iterate
1599 3570 1803 3639 &mendonis
1816 3572 1881 3641 dis·

330 3675 443 3760 pendia
465 3681 499 3744 et
519 3674 643 3743 diutina
663 3675 829 3742 vacatione
850 3671 1027 3753 discrima
1057 3677 1091 3739 et
1119 3672 1159 3739 de
1185 3672 1242 3738 tali
1270 3672 1372 3739 eidem
1398 3691 1533 3757 persona
1558 3674 1716 3756 provideri
1742 3676 1884 3745 volentes

331 3796 393 3862 que
412 3776 547 3846 subditis
567 3777 661 3844 verbo
684 3775 850 3861 proficeret
870 3780 904 3841 et
925 3775 1077 3859 exemplo,
1102 3779 1134 3841 te
1156 3781 1232 3841 tunc
1253 3773 1450 3859 capellanum
1471 3781 1625 3856 nostrum,
1648 3777 1750 3844 virum
1772 3778 1883 3862 utique

331 3879 414 3949 lame
434 3880 600 3948 laudabilis
622 3884 656 3946 et
676 3879 807 3946 scientie
828 3879 1030 3962 congruentis
1051 3883 1085 3945 et
1106 3877 1140 3944 in
1162 3877 1280 3944 nostris
1301 3883 1335 3945 et
1351 3877 1487 3945 fratrum
1502 3884 1682 3945 nostrorum
1698 3879 1797 3947 oeulis
1811 3900 1885 3964 pro-

333 3984 441 4052 bitatis
462 3988 518 4051 tue
537 3983 659 4050 meritis
680 3984 864 4067 gratiosum,
886 3981 926 4049 de
947 3980 1083 4048 fratrum
1105 3981 1274 4049 eorundem
1294 3981 1425 4050 consilio
1445 3981 1547 4049 eidem
1561 3981 1768 4049 Poznaniensi
1786 3984 1885 4053 ecole-

333 4087 378 4154 sie
398 4086 432 4153 in
452 4086 633 4171 episcopum
654 4084 841 4170 proiecimus
862 4090 896 4152 et
917 4088 1087 4167 pastorem,
1110 4083 1229 4168 tibique
1251 4083 1496 4152 consecrationis
1509 4102 1622 4150 munus
1636 4083 1675 4150 de
1692 4086 1810 4152 nostris
1826 4087 1884 4154 du·

318 4189 435 4279 'ximus
456 4189 602 4256 manibus
621 4187 872 4272 impendendum,
895 4185 1018 4252 firmam
1039 4205 1127 4270 spem
1150 4186 1358 4271 fiduciamque
1381 4190 1535 4267 tenentes,
1558 4185 1643 4269 quod
1664 4204 1739 4271 sepo
1765 4187 1884 4257 dictam

332 4291 494 4360 eeclesiam
514 4298 643 4358 auctore
663 4290 799 4358 Domino
819 4288 990 4356 salubriter
1010 4288 1209 4372 gubernabis.
1254 4289 1407 4369 Quocirca
1428 4288 1661 4356 iratemitatom
1685 4296 1772 4357 tuam
1793 4311 1883 4376 roga·

332 4413 411 4477 mus,
433 4413 597 4461 monemus
617 4400 651 4461 ct
673 4394 838 4461 domamur
867 4398 991 4459 attento
1019 4393 1215 4475 mandantes,
1243 4402 1399 4476 quatenus
1429 4392 1470 4459 ad
1501 4392 1684 4475 premissam
1710 4395 1884 4478 ecclesiam,

320 4514 406 4574 ‚eure
427 4501 483 4565 tue
504 4495 611 4562 divina
631 4502 665 4563 et
685 4496 859 4580 apostoliea
889 4494 1066 4578 provisione
1093 4495 1300 4576 commissam,
1327 4514 1399 4562 curn
1426 4495 1529 4579 gratie
1558 4501 1665 4563 nostre
1689 4496 1885 4580 plenitudiue

332 4598 540 4682 proficiscens,
560 4599 606 4666 sic
627 4618 696 4665 eam
716 4598 852 4664 fideliter
872 4604 906 4664 et
926 4598 1099 4682 prudenter
1120 4599 1292 4666 secundum
1314 4599 1422 4665 domm
1447 4598 1503 4664 tibi
1526 4617 1547 4663 o
1568 4598 1635 4664 Deo
1650 4600 1813 4667 scientiam
1835 4620 1884 4669 re·

331 4721 405 4787 gere
426 4702 565 4783 studeas,
596 4703 680 4786 quod
703 4708 757 4768 too
784 4702 969 4782 ministerio,
995 4709 1154 4770 annuente
1180 4703 1287 4768 divina
1313 4701 1488 4782 clementia,
1520 4701 1710 4768 salutaribus
1741 4702 1886 4786 proficiat

336 4805 548 4886 incrementis,
571 4811 605 4872 ot
625 4824 683 4873 nos
704 4805 925 4871 sollicitudinis
945 4810 998 4870 tuo
1019 4805 1159 4872 studium
1179 4805 1281 4889 dignis
1300 4805 1333 4871 in
1347 4804 1483 4872 Domirm
1497 4801 1642 4868 laudibus
1657 4804 1884 4873 comendamus

333 4905 450 4974 Datum
471 4906 607 4974 Viterbii
629 4906 675 4973 x1
694 4907 855 4975 Kalendas
877 4906 970 4986 Iunii,
992 4926 1075 4973 auno
1094 4910 1199 4975 tertio.
1879 4963 1880 4966 η

437 5013 477 5075 Ia
506 5029 532 5076 e.
563 5030 601 5076 m.
634 5016 770 5090 tirpilrrlo
803 5015 1015 5091 Pozrrcrrierasi,
1038 5013 1133 5074 verbis
1163 5021 1366 5090 cmopetenter·
1398 5015 1527 5073 rorvtutio.
1573 5013 1683 5073 Datum
1713 5019 1747 5073 ut
1779 5031 1885 5091 erema.

296 5137 300 5144 ·
436 5109 581 5179 Clemens
603 5113 767 5196 opiscopus
789 5120 886 5194 (etc),
908 5112 1023 5179 dilecto
1046 5113 1111 5180 lilio
1132 5114 1229 5179 nobili
1254 5114 1361 5179 viru..
1385 5111 1457 5178 eluci
1479 5111 1607 5178 Polouic
1633 5111 1768 5178 salutem
1790 5119 1884 5193 (etc).

333 5212 496 5297 tempti
514 5216 656 5298 quanm-is
678 5222 749 5289 (etc.
772 5225 806 5279 ut
828 5221 860 5279 ln
880 5220 951 5295 alic,
983 5223 1104 5294 cuprea
1132 5214 1332 5284 uendentem
1357 5234 1428 5282 cunr
1452 5213 1626 5281 reverentia
1653 5213 1826 5298 suscipiens
1853 5220 1887 5284 ct

336 5316 463 5397 honore,
485 5316 546 5384 sibi
568 5323 602 5384 ot
623 5317 723 5384 eidem
744 5319 875 5386 ecclesie
901 5317 1104 5385 favorabilem
1130 5324 1165 5386 ct
1193 5317 1370 5385 benivolum
1392 5323 1425 5383 tc
1448 5316 1620 5404 irnpeudas,
1650 5315 1698 5382 ita
1722 5317 1806 5400 quod
1832 5338 1886 5386 ox·

1692 5436 1728 5491 db
