4860 6180
2025 284 2099 359 sat

553 485 611 557 ‘lla
638 484 679 553 de
703 485 879 555 Gatcmleu
905 487 1092 572 magistrum
1118 483 1229 552 domus
1257 484 1451 555 Nreumniee
1476 485 1510 552 in
1539 484 1671 553 Pruscia
1696 489 1730 553 et
1755 483 1870 556 iratroe
1899 505 1984 569 snos,
2011 505 2108 572 saper

554 594 691 676 dampno
712 589 771 659 sibi
793 611 850 675 per
868 597 993 659 nostros
1015 591 1156 658 bomines
1174 587 1309 658 Polonos
1331 590 1420 658 illata
1441 609 1537 675 super
1559 589 1649 657 bonis
1670 589 1736 656 suis
1757 590 1790 658 in
1813 590 1927 673 Orion,
1950 591 2057 659 Murin
2072 597 2107 659 ct

499 737 504 748 ι
554 696 667 766 Ncsorr
689 712 727 761 oc
749 693 782 760 in
800 693 883 760 villis
904 695 970 762 suis
989 693 1204 762 adiacentibus
1226 699 1368 779 ternpore
1393 714 1503 779 guerro
1533 699 1566 762 et
1585 692 1756 762 obsidionis
1777 714 1834 779 per
1859 712 1916 761 nos
1938 702 2022 762 tenu
2043 694 2107 763 Gu-

554 797 644 886 yavis
665 804 699 865 ct
719 797 857 866 ciuitatis
879 797 919 864 dc
940 797 1157 878 lunclorlslaw,
1179 798 1438 893 composicionem
1460 798 1590 865 lecimus
1611 796 1695 864 inira
1713 799 1865 881 scriptam
1887 803 2033 880 presente
2052 819 2105 867 ve·

554 899 687 970 ncrabili
708 903 799 984 patre
825 905 932 967 nostro
962 901 1089 967 domino
1112 900 1285 986 Wolymiro
1315 902 1445 969 ecclesio
1465 901 1724 969 Vlarlislaviensis
1750 900 1905 985 episcopo,
1933 902 2108 972 rnaliamro

556 1023 593 1074 ac
611 1001 835 1071 interlocutore
856 1002 1026 1071 salubriter
1047 1004 1212 1085 existente,
1235 1004 1411 1088 ceterisque
1439 1009 1548 1073 nostre
1578 1005 1665 1072 curie
1695 1003 1840 1071 lidclibus
1861 1003 1902 1071 ad
1924 1003 2006 1071 banc
2033 1022 2107 1072 eon·

553 1105 692 1177 cordiam
720 1104 871 1173 danbbns
896 1126 1024 1191 oporam
1050 1105 1217 1189 eifimccm,
1250 1105 1397 1174 videlicet
1426 1108 1461 1174 in
1486 1107 1571 1175 bunc
1591 1108 1734 1175 modom:
1768 1125 1825 1173 nos
1846 1105 1992 1173 dabimus
2011 1107 2107 1174 dictis

553 1208 704 1278 fratribus
725 1226 783 1294 pro
804 1209 941 1294 dampno
963 1229 1071 1277 corum
1093 1211 1126 1276 in
1147 1229 1244 1294 supra
1264 1209 1358 1278 dictis
1380 1211 1456 1278 loeis
1478 1231 1535 1296 por
1564 1215 1690 1279 nostros
1716 1210 1858 1277 homines
1887 1210 1964 1292 ipsis
1992 1210 2106 1278 illilato

555 1319 627 1395 (ilc)
649 1318 776 1379 centum
798 1316 831 1378 ct
852 1312 1017 1397 sexaginta
1038 1331 1160 1380 marcas
1181 1315 1304 1398 argenti
1328 1315 1450 1381 usualis
1469 1314 1503 1379 in
1518 1313 1620 1380 tribus
1635 1313 1777 1379 terrainis
1792 1313 1964 1396 deputatis,
1986 1312 2108 1381 scilicet
2206 1394 2212 1411 ⁸

554 1421 588 1487 in
608 1414 830 1484 lbrmficationc
851 1422 960 1483 sancte
984 1416 1087 1483 Maris
1113 1417 1242 1501 virginis
1273 1418 1437 1502 sexaginta
1461 1434 1594 1497 mmcas,
1622 1416 1698 1482 item
1727 1413 1811 1482 infra
1832 1421 1961 1483 octavas
1987 1415 2107 1484 Pascha

557 1519 787 1608 quinquaginta
806 1537 938 1602 marcas,
960 1521 1038 1588 item
1059 1521 1092 1587 in
1114 1527 1226 1589 oetam
1244 1522 1408 1590 beatorum
1430 1520 1518 1587 Petri
1539 1525 1574 1586 et
1599 1518 1689 1584 Pauli
1713 1516 1927 1600 apostolorum
1952 1519 2107 1605 quinqua·

553 1624 643 1711 ginta
664 1641 795 1690 mmcas.
839 1622 891 1689 nd
912 1622 1006 1689 huius
1027 1623 1157 1707 monnio
1179 1623 1384 1708 persolvenda
1409 1624 1533 1709 plenam
1560 1621 1762 1689 mambrem
1789 1621 1867 1704 ipsis
1895 1621 2104 1705 obligavimus

554 1745 619 1795 nna
639 1726 801 1794 nobiscum
834 1744 982 1809 personas
1012 1725 1106 1800 inira¹
1123 1731 1292 1794 annotatas
1322 1746 1379 1810 pro
1400 1723 1596 1793 fideiussoris
1623 1724 1782 1791 annone:
1809 1723 1940 1791 Petrum
1961 1730 2106 1796 nostrum

556 1828 787 1924 monobasiam,
814 1827 1006 1895 Tomislaum
1032 1829 1212 1911 pincernam
1239 1829 1495 1910 Poznaniensem,
1518 1827 1738 1896 Wenooslaum
1764 1826 1804 1895 de
1833 1827 2017 1914 Starygrod,
2047 1828 2107 1898 Zo-

555 1937 683 2000 ncntam
705 1930 745 1999 dc
763 1929 880 2016 Dupin,
902 1929 1068 1997 Nicolaum
1090 1929 1130 1998 de
1151 1930 1335 2013 Zamkcow‚
1359 1931 1517 1998 Sbilutum
1539 1930 1580 1997 dc
1604 1930 1735 2015 Razyrn,
1765 1929 1928 1998 Nasanum
1955 1931 1996 1999 dc
2020 1931 2108 2000 Brod

555 2031 1231 2116 mannos31tosconemsuocancrarium
1247 2032 1474 2114 Gneznensem,
1489 2031 1712 2117 Sandirogium
1726 2032 1925 2116 mannicum,
1940 2033 2107 2103 Nicolaum

557 2136 800 2223 subdapiierum,
822 2136 979 2204 linthium
999 2135 1185 2221 palatinum,
1207 2135 1392 2203 Rozaalium
1413 2136 1453 2204 de
1473 2135 1690 2217 lunenusnn,
1710 2134 1925 2203 chadonm
1947 2136 1987 2204 de
2006 2133 2123 2220 Zago'

555 2241 617 2326 plo,
638 2241 768 2308 Petrum
790 2238 830 2306 de
851 2238 1015 2322 Rarcgora
1038 2237 1204 2305 llibertum
1227 2239 1461 2307 thesaurarium
1483 2245 1516 2305 et
1536 2238 1702 2305 Nicolaum
1728 2237 1932 2318 subindicem,
1961 2237 2107 2306 matella·

555 2362 614 2411 nos
636 2340 854 2428 Ouyavicnscs.
900 2339 1058 2422 Getarum,
1080 2341 1203 2425 aliquos
1224 2341 1366 2410 hominos
1387 2350 1421 2409 ct
1440 2342 1598 2410 Pmtenos
1625 2341 1665 2409 de
1694 2345 1780 2408 terra
1808 2340 1928 2408 domini
1948 2341 1994 2408 M.
2016 2340 2107 2410 duda

555 2445 741 2515 Pomoranic
758 2445 874 2513 ibidem
895 2443 992 2512 brisso
1013 2463 1108 2529 super
1128 2444 1273 2529 dampnis
1295 2464 1369 2529 sepe
1390 2445 1545 2513 dictamni
1563 2442 1698 2512 bubum
1726 2443 1925 2528 presentibus
1950 2449 2107 2513 contesta-

556 2568 637 2632 mur,
659 2549 834 2634 dequibus
856 2548 1015 2616 iusticiam
1036 2548 1246 2632 consequendi
1268 2548 1345 2632 ipsis
1367 2547 1530 2616 eonsilium
1549 2546 1763 2631 promittimus
1783 2552 1818 2613 et
1839 2545 1995 2613 iuramen.
2027 2546 2107 2614 Fra·

556 2659 716 2721 marcio
738 2671 928 2721 econverso
950 2652 984 2718 in
1006 2651 1115 2719 eadem
1138 2651 1336 2719 ordinatione
1363 2650 1545 2718 fidelitatem
1574 2646 1666 2716 nobis
1693 2655 1728 2716 et
1753 2648 1927 2717 amiciciam
1955 2651 2108 2734 promise·

556 2761 641 2824 runt.
691 2755 736 2822 Et
758 2756 844 2841 quod
869 2754 972 2840 sigillo
1000 2755 1128 2839 proprio
1155 2754 1323 2837 caruimus,
1356 2754 1459 2839 sigillo
1486 2752 1672 2821 venerabilis
1701 2752 1802 2837 patris
1834 2753 1936 2819 nostri
1968 2751 2107 2837 episcopi

556 2857 895 2938 Wladisbuiensisusi
916 2874 1035 2924 sumus.
1079 2858 1194 2924 Actum
1216 2857 1250 2924 in
1278 2856 1476 2925 lunelodslar
1504 2872 1588 2922 anno
1612 2854 1741 2923 Domini
1766 2853 1967 2924 dcem
1993 2855 2106 2941 primo,

557 2959 591 3029 in
612 2960 721 3046 vigilia
741 2959 889 3029 Omnium
911 2960 1109 3029 Sanctorum

428 3209 437 3220 .
659 3149 775 3232 Orion,
813 3153 942 3217 didono.
986 3148 1104 3230 Narin,
1136 3152 1318 3232 szproro.
1363 3147 1486 3230 Nesos,
1513 3150 1678 3229 Mazaca.
1722 3144 1941 3226 laudadatur,
1972 3134 2108 3212 Incero·
2254 3137 2256 3140 ’

555 3258 642 3320 clam
686 3251 955 3336 vladislaviensis,
979 3258 1017 3319 de
1044 3256 1235 3319 Wocioncle
1281 3252 1464 3337 Starygrod,
1485 3249 1663 3333 Stcrnsgrdd.
1707 3248 1824 3333 Dupin,
1847 3252 1961 3328 napta.
2006 3247 2108 3316 Zarn-

556 3355 656 3439 kcorr,
694 3355 866 3524 czarngtwin.
910 3356 1040 3442 Razym,
1073 3360 1209 3423 nouzon.
1262 3354 1358 3438 Brod,
1392 3358 1501 3436 Brody.
1553 3351 1701 3438 Zagople,
1731 3352 1798 3417 dzr‘i
1831 3353 1959 3430 Szarlcj.
2007 3350 2106 3447 Itane
2154 3440 2159 3450 Α

555 3477 635 3545 goir,
657 3462 787 3540 &aare
833 3509 841 3527 .

1228 3753 1303 3840 Nr.
1334 3752 1435 3840 445.

659 3950 840 4038 ianasiur
875 3953 1136 4058 ucblcpbeop.
1170 3951 1370 4036 bnczncns.
1405 3951 1502 4034 cuca
1533 3971 1567 4033 a
1597 3954 1737 4046 1271,
1766 3948 1809 4032 in
1839 3947 2025 4054 mlloqnlo
2064 3950 2107 4033 ln

558 4071 708 4175 damam
735 4089 801 4157 edit
822 4090 977 4175 quaedam
1006 4096 1129 4158 statuta
1149 4108 1207 4174 per
1228 4089 1391 4157 ecclesiam
1409 4087 1557 4155 Poloniao
1578 4086 1779 4155 observanda

666 4197 863 4274 meamne
886 4199 1112 4276 pentadecas
1137 4213 1248 4274 prm:
1279 4190 1438 4259 laroslaus
1465 4209 1491 4258 s.
1518 4190 1694 4259 Gncanens.
1721 4190 1851 4259 ecclesia
1881 4190 2106 4279 archiepiscop.

559 4295 642 4362 last
664 4295 730 4364 lan
752 4300 801 4378 10,
825 4296 857 4363 in
879 4297 979 4364 Kolis.

661 4403 770 4475 Hciccl,
794 4402 994 4465 Starodamnc
1011 4420 1122 4481 praeca
1146 4402 1242 4466 Petale.
1261 4403 1406 4480 penculi,
1430 4402 1457 4475 1,
1476 4419 1509 4478 p.
1531 4401 1605 4463 363.

662 4608 725 4672 ilco
751 4615 821 4669 arrd
849 4610 1079 4671 caartrucienes
1110 4609 1221 4670 domiai
1247 4609 1397 4683 (Jorrruii)
1428 4608 1649 4687 arciepiscopi
1677 4612 1706 4670 ct
1736 4609 1863 4669 omniun
1892 4610 2107 4686 cpiscoporum,

559 4711 638 4774 edile
663 4714 696 4773 in
723 4711 831 4774 θωηεη
854 4715 943 4773 bactu
966 4712 1146 4773 Smandrom
1171 4714 1294 4788 siusium
1322 4714 1405 4771 ultra
1431 4711 1525 4789 histis,
1551 4712 1585 4772 ia
1608 4713 1752 4787 collegaria
1777 4712 1957 4788 prircipum
1985 4707 2109 4775 Poioaic

558 4812 656 4897 (moto
673 4815 797 4877 circiter
819 4812 928 4896 1271).

663 4911 743 4982 Cum
773 4913 887 4997 prelati
915 4933 985 4982 csse
1013 4913 1130 4981 debent
1156 4912 1247 4995 quasi
1271 4912 1431 4979 Cherubin
1451 4915 1485 4980 in
1507 4914 1623 4998 templo
1651 4912 1720 4995 Dei,
1750 4912 1946 4998 porrigentes
1974 4914 2107 4983 invicem

560 5015 627 5084 alas
647 5015 834 5084 altrinsecus
856 5022 965 5082 mutue
986 5014 1190 5100 protectionis
1217 5034 1255 5081 ac
1276 5014 1474 5096 eiciensionis,
1502 5015 1590 5082 iuxta
1610 5013 1788 5099 apostolum
1812 5022 2036 5100 supportantes
2058 5016 2106 5083 in·

559 5117 658 5187 ricem
679 5119 712 5185 in
733 5117 881 5200 karitme,
904 5126 940 5184 ut
962 5138 1067 5202 pugna
1090 5117 1280 5185 unanimiter·
1301 5137 1449 5199 ‹aggarema
1470 5118 1632 5184 victoriam
1653 5119 1771 5201 laniat:
1791 5117 1883 5185 debet
1904 5139 1973 5184 esse
1994 5138 2107 5186 corun

561 5218 633 5290 dem
654 5240 708 5290 cor
730 5240 826 5290 unum
848 5226 882 5289 et
905 5221 1010 5289 aninra
1032 5241 1094 5289 nna
1112 5223 1140 5287 si
1161 5240 1233 5287 νυιυ
1256 5220 1355 5288 velint
1373 5220 1469 5287 videri
1488 5221 1702 5307 apostolorum
1728 5220 1846 5288 elisisti
1868 5219 2047 5308 pedissequi
2070 5243 2108 5294 ac
