4476 6180
1749 298 1825 374 541

276 494 360 583 quod
389 495 422 565 in
451 495 574 582 prelata
602 495 747 566 villarei
766 496 942 566 herulitate
964 495 1130 565 habuimus
1149 503 1182 566 et
1200 495 1316 567 hebere
1337 499 1499 583 potuimus
1519 498 1552 566 in
1570 497 1641 580 viis,
1669 497 1703 565 ln
1726 498 1828 581 inviis,

277 598 362 684 egris
382 598 477 667 cultis
498 606 532 667 et
554 600 704 682 colendis,
726 600 838 685 pratis,
861 600 1037 685 paludibus,
1052 601 1175 682 deuiis
1197 600 1295 682 silvis,
1313 605 1348 669 et
1362 601 1434 668 ullis
1453 602 1607 669 universis
1626 600 1830 682 utilitatibus,

276 720 338 787 que
359 702 393 769 in
414 702 524 771 eadem
548 703 726 771 herulitots
746 720 830 769 nunc
847 708 923 769 sunt
944 708 977 770 ct
999 703 1031 769 iu
1053 708 1214 787 posterum
1236 708 1387 788 poterunt
1407 705 1581 788 provenire,
1602 722 1674 770 nrm
1695 702 1781 786 agris
1796 702 1830 769 in

276 803 379 872 sinrile
399 810 433 872 et
452 805 553 889 pratis
574 806 613 871 dc
636 804 801 887 (lursnish,
825 804 885 888 ipsi
908 802 981 871 ville
1002 804 1289 873 briscovishultrs
1309 806 1421 874 silvam
1436 805 1662 887 adiacentibus,
1681 812 1716 873 et
1729 806 1830 890 ipsum

276 906 388 976 silvsm
414 907 561 989 merlisnr,
591 913 625 975 et
650 907 880 991 paludemque
909 907 941 973 in
972 905 1313 992 Carsnizhspectnlrst
1340 907 1543 991 abantiquo.
1589 908 1710 975 onnus
1730 911 1829 976 sciam

280 1015 315 1078 et
335 1009 532 1078 concedimus
551 1010 614 1077 iam
636 1010 722 1076 dicto
744 1010 905 1094 preposito
925 1013 959 1076 et
976 1027 1034 1075 seo
1056 1010 1221 1076 conventui
1243 1017 1442 1093 prenotatam
1465 1009 1572 1075 villam
1593 1008 1776 1076 Briscovirh
1796 1017 1830 1077 et

281 1111 409 1195 Geram,
434 1111 568 1194 cossnil,
591 1112 754 1196 Zuglolsis,
777 1118 812 1179 et
833 1111 967 1179 insulam
992 1113 1077 1179 circo
1094 1112 1307 1179 molendinum
1328 1113 1413 1197 apud
1434 1112 1615 1180 Lancicism
1637 1112 1707 1177 iure
1727 1112 1830 1178 Tbeu·

276 1214 380 1282 tonico
407 1212 565 1295 locandus,
594 1222 627 1281 ct
654 1232 746 1281 omne
773 1214 823 1279 ius
845 1213 960 1281 ibidem
979 1213 1166 1297 presidendi,
1190 1222 1254 1281 tam
1277 1217 1381 1282 censis
1402 1214 1616 1282 criminalibus
1637 1231 1733 1297 quam
1756 1214 1830 1280 civi·

282 1315 375 1397 libus,
409 1317 442 1383 iu
475 1316 605 1401 rapinis,
639 1315 733 1382 furtis
765 1321 799 1382 et
820 1315 1005 1392 homicidiis,
1039 1322 1074 1383 et
1103 1317 1175 1384 aliis
1196 1317 1341 1385 omuibus
1362 1319 1466 1386 cussis
1486 1337 1548 1402 que
1570 1316 1734 1384 incudem
1756 1315 1831 1383 villu

278 1419 425 1488 occidunt
450 1424 484 1486 et
511 1426 661 1504 potentat
691 1418 843 1500 occidero,
865 1419 956 1486 nobis
976 1419 1026 1486 rel
1048 1419 1185 1486 dominio
1207 1427 1316 1487 nostro
1338 1421 1435 1487 nichil
1456 1421 1534 1487 iuris
1555 1418 1759 1499 reservando;
1782 1418 1832 1486 its

279 1520 434 1602 videlicet,
464 1520 548 1605 quod
574 1522 738 1588 kmetones
765 1520 816 1587 vel
848 1520 990 1588 homines
1022 1522 1056 1587 in
1088 1521 1278 1604 supradictis
1309 1523 1392 1589 villis
1421 1521 1611 1604 habitantes,
1640 1522 1674 1588 in
1700 1520 1830 1605 quibus·

277 1641 410 1708 eumque
430 1624 534 1692 causis
556 1624 656 1705 citati,
678 1641 737 1690 nec
758 1641 864 1691 corum
880 1624 970 1691 uobis
988 1642 1047 1691 nec
1068 1623 1186 1690 nostris
1206 1615 1392 1691 officialibus
1414 1625 1603 1709 respondere
1624 1623 1826 1704 tenebuntur,

277 1725 334 1794 sed
355 1730 479 1793 tantum
500 1745 605 1795 corum
627 1726 787 1811 preposito
808 1732 842 1793 ct
862 1726 929 1793 suis
949 1724 1112 1806 fratribus,
1132 1724 1182 1792 rel
1203 1725 1308 1793 villico
1328 1731 1363 1794 et
1383 1733 1590 1811 procuratore
1611 1744 1691 1812 quos
1713 1724 1829 1792 ibidem

279 1829 459 1914 prepositus
479 1834 514 1896 ct
533 1826 649 1895 fratres
670 1828 868 1912 preleoerint,
890 1826 1048 1894 debebunt
1069 1826 1310 1911 quemlantibus
1332 1829 1531 1912 respondere.
1557 1826 1709 1897 Volentes
1730 1829 1830 1896 mem

277 1931 383 2016 sepius
397 1931 516 1999 dictum
538 1931 733 2015 prepositum
751 1937 786 1998 et
807 1950 898 1998 suum
920 1936 1119 2010 conventum,
1140 1928 1283 1996 homines
1303 1931 1432 2016 insuper
1454 1931 1668 2016 cuiuscunque
1688 1930 1830 1998 nsdonis

281 2031 399 2102 luerint
420 2033 506 2118 ipsos
521 2034 613 2100 villus
635 2032 859 2114 inhabitantes,
874 2031 990 2099 liberos
1003 2050 1072 2099 esse
1086 2038 1120 2099 et
1134 2037 1273 2098 memus
1286 2031 1328 2098 sb
1346 2034 1432 2099 omni
1446 2033 1515 2102 iure
1536 2032 1644 2100 loriet
1657 2052 1678 2101 s
1692 2031 1831 2117 porslne,
1951 2028 1952 2032 ’

279 2155 302 2204 s
321 2135 451 2221 povonh,
473 2154 494 2203 s
515 2135 635 2217 drozh,
659 2141 779 2220 prerot,
801 2142 980 2220 potvorove,
1003 2139 1180 2201 nestrorum
1202 2134 1317 2218 vigiliis
1335 2139 1369 2201 et
1389 2134 1630 2216 municionibus,
1653 2135 1829 2220 expedicio·

276 2237 377 2312 nibus
399 2241 433 2305 et
454 2238 525 2306 eliis
547 2238 701 2306 universis
723 2237 863 2305 serviciis
884 2244 918 2304 et
937 2236 1154 2304 exacbonibus
1175 2236 1266 2303 nobis
1287 2242 1321 2304 ct
1333 2236 1471 2305 dominio
1486 2243 1596 2305 nostro
1608 2237 1734 2319 debitis,
1749 2256 1828 2323 quo·

277 2357 400 2425 usuque
429 2341 555 2407 nomine
587 2346 784 2408 censeantur.
829 2338 877 2405 Ut
894 2345 1001 2406 sutem
1022 2338 1081 2406 hec
1109 2338 1271 2406 ordinacio
1296 2345 1406 2406 nostre
1426 2339 1518 2407 firma
1539 2345 1573 2407 et
1593 2341 1776 2408 hoonrulss
1796 2341 1830 2407 in

276 2447 463 2527 perpetuum
484 2449 679 2527 permaneat,
701 2460 830 2527 presens
851 2441 1003 2525 scripturn
1026 2441 1127 2508 nostri
1147 2441 1243 2526 sigilli
1258 2441 1431 2509 munimine
1445 2443 1592 2510 dommus
1606 2442 1828 2510 weomadum.

276 2542 395 2612 Dstum
416 2545 449 2611 iu
470 2543 620 2613 Landcis
639 2564 721 2612 enno
744 2544 871 2612 Domini
893 2532 1210 2626 thCJXXXVII,
1233 2543 1267 2610 in
1289 2543 1340 2610 die
1362 2543 1447 2611 besti
1465 2544 1571 2612 Iscobi
1591 2544 1738 2630 apostoli,
1757 2563 1829 2628 pre·

276 2646 431 2715 sentibus:
465 2647 592 2716 domino
625 2646 766 2716 Iohanne
798 2647 993 2728 canoellsrio,
1024 2647 1152 2715 dondno
1183 2647 1312 2714 Andros
1331 2654 1544 2731 procuratore,
1566 2647 1694 2733 Sntsgio
1716 2648 1828 2730 iudice,

275 2746 423 2834 Boetrigh
445 2749 652 2833 thessumrio,
679 2750 812 2817 elberto
840 2750 1082 2832 subcamerario,
1104 2748 1240 2834 Symone
1259 2747 1431 2832 subindice,
1453 2756 1487 2818 et
1506 2751 1580 2819 aliis
1601 2749 1745 2837 pluribus
1767 2751 1829 2818 cle·

276 2851 351 2920 ricis
372 2858 407 2921 et
426 2851 525 2937 laycis
546 2851 607 2920 fide
628 2851 741 2937 dignis.

381 3056 560 3140 Tumens
587 3062 789 3125 dissecatus.
833 3057 1023 3141 Briscovish,
1048 3061 1165 3140 Brpslri
1210 3056 1373 3141 Csrsnizh,
1390 2994 1566 3126 Kornnice.
1611 3057 1709 3142 Gora,
1736 3057 1827 3126 oden
1868 3058 1871 3063 ’

243 3229 253 3240 ‚
277 3158 411 3245 (lessuil,
432 3165 534 3227 seces
578 3160 741 3246 Zugloisis,
762 3165 870 3244 hocf.

947 3461 1021 3546 Nr.
1054 3454 1154 3544 582.

380 3651 567 3738 &unnim
601 3655 758 3738 Promisi
784 3656 862 3738 dux
891 3653 1039 3738 Polonie
1066 3659 1200 3738 1287
1233 3650 1412 3757 Septemb.
1443 3659 1532 3750 22,
1571 3654 1614 3736 in
1656 3653 1826 3757 Pernam

279 3775 424 3844 concedit
445 3775 613 3843 hereditati
637 3777 819 3843 monasterii
840 3776 880 3842 de
900 3774 987 3843 Obra
1018 3776 1122 3843 dictae
1142 3775 1283 3858 Kielpin,
1319 3772 1499 3841 libertatem
1524 3793 1546 3841 s
1570 3773 1758 3858 quibusdam
1778 3793 1830 3841 so-

276 3875 449 3945 lutionibus
470 3877 548 3943 iuris
570 3876 719 3958 Polonici,
742 3877 961 3961 permittitque
983 3878 1191 3945 hereditatem
1205 3876 1369 3944 Kielhowo
1383 3895 1455 3944 cum
1477 3877 1616 3944 sortibus
1638 3877 1707 3944 iure
1725 3876 1828 3944 Theu-

277 3981 383 4048 tonioo
404 3980 511 4048 loosri.

381 4083 519 4151 Poznssl.
565 4086 682 4162 Ildroigt.
708 4087 815 4146 Slaots
836 4085 926 4148 Arclr.
977 4085 1072 4175 Obrc,
1089 4084 1153 4149 Lib.
1172 4088 1271 4163 privil.
1291 4085 1346 4160 sol.
1368 4083 1420 4146 21.

381 4287 417 4354 In
445 4287 571 4354 nomino
602 4287 728 4353 Domini
757 4305 859 4354 amen.
904 4287 988 4354 Dum
1016 4287 1096 4354 vivit
1121 4287 1232 4353 litters
1254 4286 1333 4351 vivit
1362 4292 1395 4353 et
1415 4286 1502 4353 accio
1524 4285 1691 4352 commisso
1711 4285 1828 4366 littere,

278 4391 367 4456 cuius
388 4388 525 4455 assercio
548 4389 650 4455 nutrit
671 4389 852 4454 memorium
874 4395 907 4455 et
930 4389 1078 4456 roborato
1098 4389 1231 4471 suscipit
1252 4390 1487 4454 incrementum.
1519 4387 1621 4471 Igitur
1641 4406 1699 4454 nos
1720 4407 1829 4454 secun

278 4491 338 4557 dus
358 4491 492 4558 Premisl
520 4491 579 4557 Dei
601 4491 709 4572 grecie
729 4491 793 4555 dux
816 4491 944 4557 l'olenie
966 4498 1075 4558 notum
1098 4490 1229 4556 iacimus
1251 4489 1402 4555 universis
1425 4495 1491 4555 tam
1514 4490 1713 4572 presentibus
1733 4509 1828 4573 qinom

277 4593 392 4661 lutaris
413 4601 589 4678 presentem
613 4595 758 4677 paginam
780 4595 977 4676 inspecturis,
1000 4594 1083 4677 quod
1106 4612 1164 4659 urs
1187 4592 1316 4658 Prenrisl
1339 4591 1397 4656 Dei
1412 4592 1520 4673 gracia
1540 4591 1604 4656 dux
1619 4585 1758 4672 l‘olouie,
1771 4593 1826 4658 irs·

279 4695 390 4763 hentcs
411 4697 612 4762 clevocionem
635 4703 668 4761 et
688 4697 837 4763 ahc-ctum
860 4698 943 4764 cirre
961 4698 1111 4763 Ordinem
1134 4696 1374 4762 cisterciensem
1407 4701 1441 4759 et
1462 4694 1632 4762 salubriter
1653 4697 1828 4779 cogitantes

277 4799 317 4866 de
335 4798 550 4865 saiuteaninre
573 4806 680 4863 nostre
701 4806 735 4862 et
756 4806 945 4879 uestrorum,
969 4799 1130 4880 cupientes
1151 4799 1251 4865 eciam
1274 4816 1331 4881 pre
1354 4795 1487 4861 terrenis
1502 4796 1631 4863 celestio
1645 4799 1827 4881 promereri,

277 4900 388 4966 domus
423 4901 567 4980 religiose
597 4899 736 4966 eiusdem
769 4900 897 4965 (tudinis
927 4899 966 4965 de
988 4901 1074 4965 Obru
1095 4899 1284 4966 contulimus
1307 4897 1477 4964 lrondiuti
1500 4899 1634 4981 lielpino
1657 4900 1829 4983 vulgariter

178 5071 180 5075 ,
278 5009 457 5086 nuncrrprte
491 5002 701 5068 orrnrinrodsrn
725 5001 914 5082 libertatum,
939 5001 1127 5067 videlieets
1156 5019 1261 5081 curas,
1289 5018 1450 5082 epodos,
1477 5002 1827 5083 inconcessorum,

277 5123 298 5170 s
319 5103 520 5187 peslworewe,
535 5124 556 5168 s
570 5103 656 5181 bovo,
675 5123 804 5170 avoces
822 5110 855 5169 ct
875 5123 905 5169 a¹
917 5105 1012 5169 castri
1034 5105 1119 5190 (sie),
1145 5103 1187 5170 ab
1208 5103 1308 5186 opple,
1331 5108 1364 5168 et
1384 5101 1425 5167 ab
1446 5102 1519 5167 aliis
1540 5103 1751 5170 solucionibus
1767 5105 1827 5170 Po-

278 5203 482 5287 tunicisque
508 5223 590 5272 nurrc
615 5206 647 5270 in
677 5213 786 5272 nostre
818 5213 894 5271 sunt
913 5205 1051 5271 ‹lonriuio
1073 5213 1107 5272 et
1128 5223 1275 5290 processus
1299 5205 1448 5289 tenrporis
1470 5213 1619 5287 poterunt
1639 5207 1765 5291 exoriri
1788 5207 1829 5276 ob
1943 5244 1946 5250 ·
