4860 6180
1043 696 1118 783 Nr.
1150 692 1252 782 432
1309 621 1311 626 ·

476 889 655 978 liosslnus
683 893 761 976 dux
786 892 940 976 Maioris
966 892 1118 977 Polonio
1144 895 1283 975 1268
1309 890 1398 996 lpr.
1424 895 1509 981 24,
1535 887 1578 971 in
1605 887 1770 990 dnenna3
1805 905 1928 974 beredi-

372 1014 620 1133 tstamoeornitis
640 1013 780 1082 Boratae
801 1013 961 1081 venatoris
982 1013 1206 1082 Pnzuaniensis
1226 1012 1344 1080 dictam
1365 1010 1521 1095 Borion,
1549 1009 1694 1094 plurimis
1721 1009 1929 1078 immunitati·

372 1114 433 1185 Μ
453 1116 621 1300 Ἥρω.
644 1223 764 1300 crypta
794 1222 843 1284 No
860 1225 979 1302 portale
998 1226 1062 1287 aiei
1075 1223 1230 1300 pernota.
1252 1239 1356 1287 em.
1375 1221 1602 1300 przpnierzoao
1623 1215 1746 1304 plectet!
1759 1219 1928 1282 semrom

372 1325 506 1411 bulcem
524 1330 671 1402 ipleozed
688 1331 786 1396 XVD.
1039 1381 1041 1385 ,

483 1410 626 1475 Gutture
671 1410 791 1475 Arcdtm
819 1411 952 1490 Capituli
973 1413 1130 1492 erumpet
1154 1414 1209 1478 Nr.
1229 1412 1285 1477 32.

369 1649 373 1658 ·
477 1609 517 1679 In
537 1611 665 1679 nomine
683 1611 810 1679 Domini
832 1631 933 1682 amen
976 1615 1060 1682 Dum
1082 1615 1162 1682 vivit
1182 1615 1291 1682 littero
1312 1613 1391 1681 vivit
1411 1619 1446 1680 et
1465 1610 1552 1679 ectio
1573 1611 1709 1679 comissa
1736 1609 1853 1692 littere,
1875 1628 1930 1677 en·

373 1714 425 1783 ins
445 1714 583 1782 assercio
604 1715 709 1781 nutrit
728 1716 912 1783 memorium
934 1723 968 1783 et
988 1718 1138 1785 roborata
1156 1716 1306 1801 susscipit
1323 1717 1560 1783 incrementum.
1589 1712 1695 1798 Igitur
1707 1731 1766 1780 nos
1780 1712 1931 1779 Bossiaru

373 1815 434 1885 Dei
454 1817 563 1902 gracia
583 1815 648 1884 dux
669 1816 802 1885 Maioris
824 1817 953 1886 Polonie
975 1825 1086 1886 noturn
1108 1818 1240 1887 facimus
1261 1819 1416 1886 universis
1446 1823 1513 1885 tam
1539 1817 1739 1901 presentibus
1765 1835 1860 1901 qnam
1881 1813 1931 1882 iu·

373 1918 457 1986 tnris
475 1937 607 2004 presens
628 1920 781 2004 seriptum
802 1920 1000 2005 inspecturis,
1034 1922 1119 2006 qnod
1153 1922 1313 1989 intuentes
1340 1919 1446 1988 fidelia
1471 1919 1604 1987 servicia
1629 1925 1664 1987 et
1688 1917 1782 1988 utilio
1806 1917 1930 1986 comitis

373 2021 494 2090 Dorato
513 2021 674 2089 senatoris
701 2021 925 2090 Poznnniensis
950 2043 1013 2107 que
1038 2024 1130 2090 nobis
1156 2023 1377 2108 multipliciter
1402 2021 1546 2089 exhibuit
1573 2026 1607 2087 et
1635 2019 1738 2088 adhuc
1761 2020 1877 2087 nititur
1897 2025 1932 2086 et

373 2124 512 2193 intendit
542 2125 699 2208 exhibere,
735 2126 924 2193 contulimus
951 2127 1161 2194 omnimodam
1188 2126 1367 2194 libertatem
1390 2142 1487 2210 snper
1510 2125 1610 2208 ipsius
1639 2122 1932 2206 hereditatemque

373 2227 510 2297 Moero
533 2227 645 2296 Cosool
666 2229 841 2312 vulgariter
860 2236 1070 2315 nuncupetur,
1090 2229 1151 2297 sibi
1173 2230 1301 2314 suisque
1322 2227 1554 2296 successoribus
1572 2227 1606 2293 in
1627 2219 1815 2310 perpetuum
1830 2224 1931 2308 possi·
2057 2219 2061 2227 '

373 2328 508 2398 monam
537 2336 575 2397 nt
595 2331 773 2416 antiquitus
800 2330 983 2413 fruebatur3
1004 2333 1152 2400 videlicet
1171 2351 1193 2400 a
1213 2351 1320 2413 nunu,
1342 2349 1364 2397 a
1383 2348 1492 2415 poros,
1514 2348 1535 2396 a
1556 2328 1723 2413 preroda
1744 2327 1931 2412 podvorore,

375 2451 396 2501 a
419 2437 537 2515 umora,
556 2431 598 2500 sb
618 2433 720 2517 opole,
742 2452 764 2500 a
784 2434 873 2517 bove,
896 2454 916 2501 o
936 2455 1040 2518 moen,
1061 2456 1082 2504 a
1102 2454 1198 2521 porco
1218 2442 1252 2503 et
1270 2455 1293 2502 a
1314 2428 1614 2515 cns‘todiaialconis‚
1632 2451 1654 2500 a
1672 2437 1783 2517 tapete
1798 2449 1931 2514 annone,

372 2555 395 2603 a
415 2553 511 2602 curru
532 2532 607 2618 feni,
628 2554 649 2602 a
668 2535 737 2603 iate
758 2536 906 2620 bobrora,
926 2557 947 2605 a
967 2557 1101 2622 temtos,
1123 2558 1144 2606 a
1165 2557 1246 2606 urna
1266 2539 1368 2607 mellis
1385 2536 1546 2621 gaiorego,
1566 2554 1586 2602 a
1605 2539 1713 2619 ponte,
1731 2553 1753 2601 a
1774 2534 1872 2602 nostri
1887 2533 1931 2602 oi·

374 2636 500 2706 tadone
519 2637 585 2704 sint
605 2637 697 2704 liberi
719 2643 753 2705 et
773 2640 921 2723 exempti.
965 2639 1032 2708 Neo
1052 2641 1144 2708 eiteti
1166 2639 1390 2724 mnmoebnnt
1413 2644 1465 2706 set
1479 2637 1696 2706 tantummodo
1709 2654 1817 2704 coram
1829 2634 1931 2718 nobie,

373 2740 450 2808 dnm
470 2757 530 2824 per
549 2739 675 2806 litteras
697 2739 800 2825 sigillo
819 2747 928 2809 nostro
955 2742 1110 2827 sigillatas
1139 2743 1230 2810 citati
1257 2742 1481 2825 conparebunt
1525 2739 1570 2806 Et
1598 2740 1632 2807 in
1659 2739 1735 2806 villa
1763 2744 1933 2823 prenotata

374 2841 503 2926 ullonod
524 2840 727 2909 homicidium
746 2840 844 2910 fuerit
861 2849 1089 2929 perpetratum,
1109 2844 1201 2911 heres
1221 2844 1295 2911 ville
1316 2861 1388 2910 oum
1408 2843 1597 2928 posteritate
1617 2861 1678 2910 sna
1699 2841 1884 2909 indicabunt
1897 2845 1932 2907 et

373 2962 489 3030 penam
510 2962 570 3030 pro
592 2962 627 3011 se
648 2944 812 3028 recipient
856 2944 902 3012 Et
919 2951 957 3012 nt
977 2945 1037 3014 boe
1058 2945 1178 3015 fectum
1200 2947 1262 3013 rite
1283 2951 1445 3031 peractum
1471 2951 1599 3013 maneat
1622 2944 1747 3012 firmum
1769 2952 1803 3010 et
1824 2944 1932 3011 inoon·

373 3046 509 3130 vulsum,
531 3046 628 3130 sigilli
650 3045 752 3113 nostri
773 3047 947 3114 munimine
969 3054 1145 3132 presentem
1168 3049 1314 3132 puginnm
1335 3049 1483 3115 duximus
1503 3047 1712 3115 roborandam
1733 3047 1932 3131 presentibus
1958 3101 1963 3112 .

373 3148 437 3215 hiis
458 3148 611 3216 testibus:
634 3149 749 3216 comite
771 3147 899 3217 Simone
918 3150 1091 3217 castellano
1106 3149 1272 3232 Gnezensi,
1295 3151 1409 3217 comite
1424 3149 1609 3217 Sventoslso
1622 3149 1795 3216 oustellaoo
1809 3147 1849 3215 de
1864 3148 1932 3216 Na·

374 3250 437 3333 kei,
459 3251 574 3318 comite
596 3249 727 3318 Precleo
749 3251 921 3319 castellano
943 3252 983 3318 de
1004 3251 1114 3334 Ussce,
1136 3254 1252 3319 comite
1273 3251 1404 3321 Andros
1424 3252 1573 3336 pincerna
1594 3250 1782 3319 Gneuneusi.
1812 3250 1931 3318 Datum

373 3353 407 3420 in
426 3352 559 3420 Gnerna
575 3353 720 3436 sequenti
742 3353 794 3420 die
811 3352 897 3420 beati
919 3352 1084 3457 edelberti
1105 3354 1258 3437 martiris,
1276 3372 1361 3423 anno
1380 3354 1509 3421 Domini
1526 3353 1698 3422 mcclx
1719 3359 1842 3421 oetaeo.

373 3658 405 3730 u
476 3557 614 3727 ειὲωω
648 3527 771 3642 cordon
802 3557 949 3635 esseron,
982 3559 1054 3625 εει
1081 3566 1270 3649 mmm
1300 3581 1321 3626 ι
1346 3567 1421 3649 ωε
1453 3559 1615 3627 rorem.
1665 3557 1781 3643 mmet
1817 3561 1929 3627 nero.

405 3677 484 3744 nce,
529 3663 621 3740 jreie.

1049 3958 1124 4048 Nr.
1156 3955 1257 4048 433.

476 4152 668 4241 Boloslans
687 4157 764 4240 dux
777 4155 928 4241 Paionia
941 4161 1077 4241 1268
1092 4158 1181 4262 dpr.
1194 4163 1277 4255 25,
1289 4156 1390 4262 epod
1407 4159 1608 4261 dnesnam3
1623 4173 1767 4244 concedit
1779 4174 1932 4243 fratrum

370 4277 484 4398 domus
504 4276 682 4396 Hospitalis
696 4298 721 4345 s.
740 4277 892 4345 Iohannis
905 4279 940 4344 in
954 4277 1081 4345 Poenari
1100 4277 1295 4361 facultatem,
1315 4278 1422 4345 villam
1437 4281 1576 4364 ipsorum
1598 4278 1721 4347 Siedleo
1740 4279 1812 4346 iure
1825 4280 1929 4346 Tbeu·

374 4381 630 4564 wmoexffll·
643 4488 763 4549 Archiv.
784 4488 942 4563 prioratus
969 4485 1094 4548 Ordinis
1114 4489 1246 4563 equitum
1274 4487 1483 4553 Melitensium.
1528 4485 1649 4564 (Kopio
1670 4507 1698 4549 n
1718 4490 1854 4566 zerzycie
1870 4506 1931 4566 po·

369 4590 542 4666 praecepa,
564 4588 620 4650 bez
637 4590 777 4666 podoaiu
797 4584 924 4659 z'ro'diu5
942 4591 1039 4664 pirano
1060 4590 1189 4651 XVIII
1202 4591 1323 4665 mdiu).

476 4787 515 4857 In
536 4789 664 4858 nomine
684 4789 812 4857 Domini
835 4809 936 4856 amon.
982 4790 1030 4856 De
1050 4790 1149 4874 gestis
1170 4792 1332 4859 hominum
1354 4810 1428 4876 sepe
1457 4793 1588 4876 grundis
1611 4799 1750 4877 emerget
1777 4800 1812 4860 et
1838 4793 1934 4861 duret

373 4892 484 4961 talium
506 4892 683 4977 penitentia
700 4893 785 4979 (sic),
808 4893 869 4958 nisi
888 4912 993 4958 rernm
1015 4893 1130 4960 oblivio
1153 4914 1209 4978 por
1230 4903 1371 4961 olonnam
1399 4896 1510 4979 scripti
1539 4897 1721 4963 memoriam
1749 4895 1931 4963 ouiieretur.

373 4993 510 5079 Ideoque
532 5014 661 5078 presens
683 4995 807 5062 noverit
828 5002 862 5060 ot
884 5001 1017 5062 ventura
1038 4998 1110 5082 (sic)
1132 4998 1174 5064 ad
1196 4998 1285 5065 cuins
1312 4999 1462 5064 noticiam
1488 4997 1570 5064 lianc
1601 5001 1764 5083 continget
1789 4999 1932 5066 litteram

372 5096 545 5181 pervenire,
566 5097 651 5181 quod
672 5117 730 5164 nos
752 5096 916 5162 llolmlous
940 5098 998 5164 Doi
1019 5100 1129 5182 procia
1149 5099 1215 5165 rlux
1237 5099 1375 5182 Polonie,
1397 5100 1561 5184 cupientes
1583 5101 1669 5183 piam
1699 5107 1773 5186 post
1799 5119 1857 5168 nos
1876 5099 1933 5169 do·

359 5199 438 5265 'mui
459 5197 637 5284 Hospitalis
658 5199 742 5267 bruti
765 5198 913 5265 Iohannis
936 5202 969 5267 in
992 5202 1129 5285 Pornan,
1152 5202 1275 5269 scilicet
1295 5203 1410 5269 Domui
1430 5204 1641 5270 transmarine
1654 5202 1930 5288 lberosoiymitani

373 5297 550 5386 Hospitalis
571 5301 657 5371 boati
677 5302 834 5385 Iolmoois,
857 5302 1035 5387 relinquero
1056 5306 1250 5389 memoriam,
1274 5305 1333 5390 ipsi
1349 5304 1457 5372 viliam
1476 5324 1566 5373 snum
1582 5305 1711 5374 melleo
1725 5305 1844 5375 dictam
1859 5326 1931 5376 uum

2273 574 2330 1900 {aazaffgffzzffffifffi}
