4860 6180
432 477 509 551 470

431 677 585 765 mpoelloni
616 677 717 745 nostri
745 678 863 747 ‹lonini
895 675 1077 747 'lbeovlerici
1112 693 1195 744 anno
1237 673 1364 744 Domini
1398 673 1563 743 millesimo
1600 672 1813 742 ducentesimo
1852 676 1977 757 octoge-

302 780 307 791 '
431 782 511 850 simo
533 780 644 868 primo.

534 979 624 1090 Vela¹
636 1022 788 1110 Kysseva,
818 1026 940 1089 Wicllric
962 1026 1107 1105 ferreum,
1129 1044 1148 1088 z
1169 1025 1334 1088 niernierko
1356 1026 1405 1085 All
1426 1025 1569 1087 discluso.
1614 1018 1727 1102 Lubin,
1747 1020 1850 1084 erbim

1100 1423 1173 1508 Nr.
1207 1418 1307 1507 502.

535 1654 721 1739 llurtlms
747 1653 811 1758 Pp.
835 1653 891 1737 IV
917 1632 1141 1738 1281llee
1159 1658 1241 1751 23,
1267 1642 1520 1757 apud'ilrbem
1537 1654 1716 1755 veterem
1737 1666 1867 1735 ratam
1888 1666 1977 1734 Hen-

432 1777 532 1845 rlcuu
563 1775 604 1843 de
628 1775 723 1843 Brenn
749 1775 898 1842 ecclesiae
919 1774 1099 1843 Gnesueusi
1128 1776 1161 1842 iu
1190 1773 1459 1859 archiepiscopum
1482 1769 1626 1857 praeficit
1654 1776 1688 1838 et
1716 1771 1756 1838 de
1784 1789 1871 1838 more
1896 1788 1980 1837 com·

433 1877 675 2059 murrae,
699 1985 1015 2049 umerorum.
1034 1982 1178 2051 morsm
1201 1984 1230 2066 1,
1252 1982 1327 2047 roa

436 2171 440 2178 Ι
537 2221 695 2290 blurtiuus
715 2221 879 2308 episcopus
899 2240 1008 2291 servus
1028 2241 1190 2292 servorum
1212 2221 1281 2303 Dei,
1303 2219 1419 2288 dilecto
1441 2218 1507 2287 filio
1525 2217 1618 2286 butri
1647 2217 1786 2286 Heurico
1813 2216 1853 2286 de
1874 2218 1979 2302 Brem,

435 2324 534 2394 electo
556 2323 744 2407 Gnerneusi,
767 2325 904 2392 salutem
930 2330 964 2392 et
988 2325 1193 2410 apostolicum
1220 2323 1479 2391 benedictionem.
1528 2322 1671 2390 Onerosa
1695 2320 1863 2406 pastoralis
1885 2321 1981 2399 officii
2075 2319 2079 2324 ’

434 2428 548 2496 summi
570 2426 774 2513 dispositione
795 2428 933 2511 pastoris
953 2427 1044 2495 uobis
1066 2427 1142 2496 licet
1162 2427 1328 2494 immeritis
1350 2444 1426 2494 cura
1447 2427 1615 2494 commissa
1635 2423 1850 2492 sollicitares
1875 2425 1982 2511 pulsat

434 2530 597 2613 mantia,
617 2536 655 2598 ut
675 2531 759 2598 iuter
779 2537 885 2599 cetera
904 2549 967 2615 que
986 2530 1125 2614 undiquc
1145 2531 1272 2615 negotia
1293 2527 1463 2611 confluunt,
1485 2527 1638 2612 quibusve
1652 2533 1761 2596 noster
1772 2528 1896 2596 animus
1912 2529 1982 2598 ned·

435 2633 523 2702 ditur
542 2632 710 2719 multiplici
731 2634 884 2702 varietas
901 2633 1083 2717 distractus,
1105 2635 1147 2702 ad
1167 2635 1377 2720 provisionem
1400 2632 1602 2701 ecclesiarum
1623 2632 1802 2699 vacantium
1817 2632 1983 2700 sollicitius

435 2735 645 2818 utendarum,
664 2755 705 2804 ue
727 2736 804 2821 ipsis
825 2736 962 2821 pastoris
982 2737 1128 2822 presidiis
1145 2736 1319 2817 destitutis,
1341 2735 1534 2803 ambulantis
1554 2736 1588 2802 iu
1616 2735 1748 2803 circuitu
1771 2735 1838 2820 lupi
1860 2735 1984 2820 rapacis

436 2839 560 2908 mtuda
580 2857 689 2908 esrum
711 2857 784 2908 ovve
805 2839 963 2925 rapiatet
984 2840 1154 2924 dbpemat,
1176 2858 1348 2907 nemaeus
1369 2839 1463 2906 auda
1488 2838 1614 2906 illarum
1638 2838 1720 2905 bom
1745 2838 1885 2924 diripiat,
1912 2839 2005 2908 iura·

435 2940 679 3029 presumptionis
699 2948 845 3026 usurpet:
868 2942 1000 3025 ideoque
1021 2942 1149 3009 solliciti
1171 2942 1340 3026 reddimur,
1360 2948 1398 3010 ut
1418 2942 1527 3010 eedem
1549 2941 1680 3010 ecclesie
1700 2959 1721 3007 a
1742 2941 1922 3024 pastoribus
1936 2943 1983 3010 di·

435 3045 579 3132 riguntur
598 3045 737 3130 ydoneis,
756 3049 790 3110 et
811 3044 984 3112 rectoribus
1005 3045 1143 3129 pmvidis
1163 3045 1386 3128 gubernentur.
1430 3045 1518 3112 Tunc
1540 3043 1624 3111 euim
1644 3043 1760 3129 puppis
1777 3041 1897 3110 salubri
1910 3061 1984 3129 pro-

436 3166 527 3218 coesu
546 3146 703 3233 dirigitur,
725 3166 796 3215 cum
818 3148 950 3215 rectoris
970 3148 1119 3216 industrii
1139 3149 1365 3234 gubernatione
1387 3168 1451 3216 uon
1482 3155 1583 3229 caret3
1612 3155 1688 3215 tuuc
1713 3148 1809 3214 etiarn
1830 3145 1985 3216 fructibus

437 3271 513 3338 sper
533 3251 694 3334 exuberat,
717 3270 788 3318 cum
809 3250 870 3319 sibi
892 3252 1022 3321 cultoris
1044 3272 1107 3320 non
1132 3253 1221 3321 deest
1241 3254 1402 3339 presentia
1422 3251 1592 3336 diligentis.
1627 3250 1722 3319 ·Sanc
1742 3250 1861 3318 dudum
1882 3250 1985 3319 Gneu-

306 3379 308 3383 ⁷
437 3356 526 3424 nansi
545 3354 677 3423 ecclesis
697 3360 826 3439 pastore
846 3363 976 3423 vocante
999 3375 1058 3440 per
1080 3355 1200 3423 obitum
1222 3355 1303 3424 bone
1327 3356 1477 3424 memorie
1498 3354 1630 3422 Martini
1650 3353 1844 3422 Gueznensis
1864 3353 1986 3422 auchie

355 3548 362 3553 .
409 3459 566 3549 ¹,piscopi
589 3458 709 3544 (dilecti
730 3458 801 3531 liliil
823 3457 1003 3543 Capitulum
1025 3460 1164 3528 eiusdem
1184 3459 1314 3528 ecclesie
1334 3458 1554 3527 couvenientes
1575 3458 1608 3523 in
1623 3475 1731 3539 uuum,
1747 3456 1985 3525 Wlostiberium

437 3562 567 3632 ecclesie
581 3561 719 3630 eiusdem
734 3562 917 3629 canonicum
930 3563 964 3629 iu
977 3561 1244 3647 archiepiscopum
1259 3563 1476 3630 Guczueusem
1491 3559 1688 3629 concorditer
1701 3559 1871 3644 elegerunt.
1889 3560 1986 3629 Post

437 3665 564 3734 modum
575 3670 691 3748 autern,
703 3664 853 3750 predictis
864 3663 1010 3749 Cupitulo
1021 3665 1272 3750 supplicantibus
1281 3664 1382 3734 felicis
1392 3663 1619 3732 recordationis
1630 3662 1668 3729 N.
1679 3661 1765 3747 Pape
1774 3664 1986 3747 predecessori

437 3774 558 3851 uestro,
577 3774 615 3836 ut
636 3786 706 3835 cum
728 3768 810 3836 idem
834 3768 1010 3849 canonicus,
1032 3773 1162 3852 propter
1183 3769 1322 3853 inopiam
1343 3768 1473 3835 ecclesie
1493 3765 1616 3850 prefate
1641 3785 1680 3834 ac
1705 3785 1911 3851 expensarum
1932 3767 1986 3834 de·

437 3870 692 3941 iectumuecnou
713 3875 747 3937 ct
767 3870 887 3937 viarum
910 3869 1099 3952 discrimino,
1123 3890 1185 3938 non
1207 3869 1499 3955 possetcommode
1520 3868 1786 3954 adapostolicam
1809 3869 1920 3938 Sedem
1934 3889 1987 3938 ac·

439 3974 547 4042 cedere
566 3992 623 4060 pro
645 3992 700 4041 sue
722 3972 884 4040 electionis
905 3974 1029 4056 negotio
1052 3975 1277 4059 prosequendo,
1300 3977 1464 4059 providere
1485 3994 1581 4060 super
1598 3975 1658 4043 hoc
1679 3981 1814 4060 paterna
1834 3976 1987 4044 sollicitu-

438 4077 512 4145 dine
532 4075 731 4160 dignaretur:
754 4076 837 4144 idem
860 4076 1059 4160 predecessor
1078 4076 1246 4145 venembili
1266 4078 1360 4146 fratri
1382 4087 1491 4147 uostm
1504 4129 1532 4146 ..
1553 4079 1699 4163 episcopo
1720 4078 1879 4162 Firmano,
1901 4080 1934 4146 in
1948 4079 1986 4146 il·

437 4178 478 4246 lis
508 4177 652 4263 partibus
683 4178 855 4261 apostolice
887 4178 976 4244 Sedis
1007 4177 1122 4262 legato,
1151 4180 1387 4263 inquisitionem
1420 4181 1595 4251 faciendam
1628 4182 1668 4248 de
1700 4181 1793 4248 modo
1825 4181 1987 4250 electionis

439 4280 578 4368 predicte
599 4300 636 4348 ac
656 4281 756 4365 ipsius
777 4281 918 4347 cononici
940 4281 1071 4364 meritis,
1089 4302 1148 4367 per
1168 4303 1241 4351 suns
1262 4285 1387 4354 litteras
1405 4287 1464 4355 sub
1479 4293 1567 4354 oertu
1580 4287 1682 4354 formu
1696 4287 1861 4353 commisit.
1893 4286 1987 4355 Cum·

439 4404 501 4469 quc
521 4385 681 4470 predictus
702 4385 824 4467 legatus
847 4384 1020 4468 predictum
1043 4388 1227 4454 canonicum
1248 4389 1290 4454 ad
1308 4408 1398 4456 suam
1420 4390 1610 4473 presentium
1633 4398 1804 4469 evocasset,
1832 4390 1913 4456 idom
1936 4409 1988 4456 cc·

439 4489 570 4557 ueniens
598 4488 669 4570 iuri,
703 4486 785 4570 quod
815 4486 873 4552 sibi
904 4507 941 4554 ox
970 4487 1122 4556 electione
1151 4489 1328 4559 huiusmodi
1359 4494 1560 4577 competebat
1581 4492 1630 4559 vel
1654 4498 1830 4576 competere
1852 4498 1988 4575 poterat,

439 4593 536 4661 libere
557 4611 595 4660 ac
615 4597 727 4675 sponte
749 4591 782 4655 iu
804 4590 946 4656 monibus
967 4590 1064 4674 legati
1086 4594 1278 4661 rorrnntiovit
1300 4596 1446 4663 eiusdem.
1491 4596 1558 4663 Nos
1580 4597 1690 4680 itaque
1703 4602 1847 4679 paterno
1867 4594 1988 4662 deside·

440 4702 546 4764 mutes
564 4695 690 4775 affectu,
713 4694 797 4777 quod
819 4694 858 4758 de
877 4713 990 4776 sponso
1012 4694 1152 4777 lvm'tinm
1172 4703 1205 4762 ct
1222 4696 1344 4780 ydono'o
1362 4699 1580 4781 provideretur
1602 4699 1731 4766 cccleeio
1747 4705 1928 4781 memorale,
1951 4717 1988 4765 ac

439 4799 648 4878 attendentes,
668 4796 751 4880 quod
773 4797 800 4861 si
821 4797 889 4862 cius
911 4797 1045 4879 porovisio
1068 4797 1257 4880 differretur,
1288 4800 1398 4867 multis
1427 4802 1622 4870 subiceretur
1646 4802 1794 4886 periculis
1820 4808 1853 4868 ot
1881 4802 1990 4884 gravia

440 4900 474 4967 in
494 4899 709 4985 spiritualibus
731 4905 764 4965 et
786 4899 1009 4981 temporalibus
1031 4898 1222 4968 detrimenta
1242 4903 1373 4985 subiret,
1395 4905 1436 4971 ad
1459 4925 1624 4989 mosenum
1646 4912 1743 4987 tuum,
1763 4906 1802 4971 de
1816 4925 1880 4989 qua
1894 4923 1989 4988 super

440 5004 617 5071 litterarum
640 5003 780 5082 scienotin,
804 5002 969 5068 lvonnstutc
991 5022 1124 5086 turonum,
1146 5005 1281 5087 aliisque
1296 5007 1450 5075 virtutum
1465 5009 1586 5075 moritis
1601 5007 1758 5075 laudabile
1774 5008 1988 5076 ustimouium

440 5108 542 5175 elido
563 5109 665 5190 «liguris
688 5106 873 5189 annelinum,
899 5113 1003 5173 {veretro
1025 5109 1140 5174 mentis
1162 5109 1269 5175 oculos
1290 5110 1438 5177 duximus
1459 5111 1647 5194 dirigendos,
1669 5131 1708 5179 uc
1727 5123 1761 5178 tc
1780 5112 1913 5178 fratrum
1928 5111 1989 5179 Mi-

440 5229 550 5277 norum
570 5210 696 5276 Ordinis
719 5209 935 5292 pnnirvmnun,
957 5209 996 5275 dc
1016 5209 1150 5278 fratrum
1171 5218 1349 5278 nnostrorunn
1380 5214 1512 5280 oonsilio
1540 5220 1573 5279 ot
1598 5215 1772 5298 apostolico
1795 5214 1990 5298 plenitudiue

442 5313 617 5396 ponamus,
641 5312 780 5398 prtvlictc
798 5312 927 5377 cneban·
949 5313 1126 5395 protomus
1142 5315 1172 5381 in
1188 5315 1455 5400 archiepiscopum
1471 5324 1505 5383 ci.
1520 5324 1688 5401 passionum,
1710 5327 1883 5401 allevantes,
1905 5317 1990 5402 quod

442 5416 733 5483 consenserere
756 5416 885 5480 ‹aaronita›
909 5417 1066 5500 providus,
1089 5421 1211 5497 proruo-ris·
1234 5419 1399 5486 nullitate
1422 5421 1641 5505 praesinenam
1664 5422 1696 5487 in
1719 5420 1936 5505 spiritualibus
1957 5425 1990 5487 ct

2301 1383 2330 1744 &3⁶53
2293 646 2330 1331 ἲὲ-ΞὲΞΙ-οέοέ-,ξ
