4860 6180
1908 362 1981 475 um

432 576 466 641 ot
484 570 617 654 gloriam
638 571 704 638 reri
726 569 796 637 lici.
841 566 941 651 Quam
961 567 1198 653 promissionem
1215 567 1369 652 recepisse
1382 565 1550 633 distulamt
1563 571 1597 634 ct
1612 565 1829 633 celsitudinem
1843 570 1985 632 nostram

435 673 634 760 implorabat,
656 674 740 758 quod
762 675 789 740 si
811 673 1013 758 dignaremur
1030 689 1169 738 annuero
1190 669 1274 736 rotis
1295 670 1370 750 suis,
1392 676 1430 736 ut
1450 670 1641 736 auctoritato
1663 669 1773 736 nostra
1792 669 1894 736 imtrrs
1909 669 1986 736 iuci-

432 784 522 864 peret
550 776 679 861 aggredi
706 785 740 844 et
768 777 915 861 prosequi
946 780 1071 841 tantum
1097 793 1187 857 opus,
1215 780 1249 841 ct
1274 780 1310 840 ut
1331 779 1441 841 nostra
1462 772 1520 838 sibi
1544 779 1578 839 ot
1598 772 1704 840 dornui
1724 793 1781 839 suu
1802 772 1987 840 concederat

437 885 471 948 et
492 881 693 948 coulirmaret
715 882 879 960 sereuitas,
903 885 969 945 tom
997 884 1113 945 terram
1130 895 1232 960 quom
1255 877 1413 960 prulictus
1432 877 1495 943 dux
1517 876 1635 943 ‹lonruo
1655 876 1798 957 ilabebat,
1821 895 1917 960 quam
1938 882 1987 942 to-

435 988 501 1050 tam
524 989 642 1050 tarram
675 1001 737 1065 quo
759 984 791 1048 in
813 980 956 1065 partibus
976 980 1105 1046 lutacio
1126 998 1182 1062 per
1203 998 1311 1045 corum
1331 980 1517 1047 instanciam
1540 979 1637 1046 luerit
1657 979 1822 1063 acquisita,
1845 986 1878 1046 ct
1900 980 1986 1045 insu·

433 1103 489 1170 per
513 1084 641 1152 domum
669 1104 758 1152 suam
788 1082 1049 1165 immunitatibus,
1076 1081 1276 1149 libertatibus
1299 1088 1334 1148 ct
1354 1082 1425 1149 aliis
1456 1082 1718 1163 corrcrssionibus,
1741 1100 1821 1166 quas
1843 1083 1883 1149 de
1903 1082 1986 1149 dono

432 1193 517 1254 tarro
536 1187 625 1254 ducis
646 1187 762 1272 prelati
783 1192 817 1254 ct
837 1186 878 1252 de
897 1186 1026 1253 Pruseie
1049 1185 1278 1268 conquisicione
1296 1184 1434 1268 petebat,
1452 1191 1562 1252 nostru
1583 1185 1799 1252 muniticeocie
1820 1185 1985 1268 priuilegio

436 1291 639 1372 muniremus,
666 1291 734 1374 ipsc
760 1288 900 1357 oblatum
923 1288 1041 1356 donum
1070 1287 1146 1355 dicti
1169 1288 1259 1354 ducis
1277 1287 1440 1369 reciperet,
1462 1293 1496 1353 et
1516 1287 1559 1353 ad
1580 1288 1754 1370 ingressum
1777 1293 1811 1355 ct
1830 1285 1987 1368 conquisi-

434 1392 554 1461 ciouem
581 1398 665 1458 terra
693 1392 850 1459 continuis
879 1398 914 1459 et
939 1390 1103 1458 indefessis
1134 1389 1293 1457 laboribus
1321 1390 1404 1457 bona
1430 1389 1541 1456 domus
1568 1395 1739 1473 exponeret
1764 1395 1799 1456 et
1827 1406 1986 1473 personas.

433 1493 500 1562 Nos
520 1494 619 1579 igitur
636 1501 813 1578 promptam
832 1500 866 1562 et
886 1494 1062 1578 expositam
1082 1492 1281 1560 devocionem
1304 1493 1443 1559 eiusdem
1466 1493 1619 1576 magistri,
1644 1509 1708 1575 qua
1728 1511 1787 1576 pro
1810 1497 1896 1558 terra
1917 1491 1988 1574 ipsa

433 1617 489 1667 sue
508 1598 616 1665 domui
637 1598 828 1682 acquirenda
849 1595 1007 1664 irruenter
1028 1597 1061 1662 in
1082 1595 1218 1662 Domino
1240 1594 1396 1677 estuabat,
1420 1599 1454 1660 ct
1474 1594 1558 1678 quod
1581 1600 1669 1661 terra
1689 1595 1759 1678 ipsa
1779 1593 1840 1661 sub
1861 1611 1987 1661 monar-

434 1701 504 1769 chia
528 1700 652 1786 imperii
677 1706 727 1767 est
754 1706 911 1783 contenta,
939 1699 1130 1766 conlideutus
1158 1716 1284 1784 quoque
1316 1699 1357 1765 de
1375 1697 1547 1782 prudencia
1567 1698 1712 1782 magistri
1734 1698 1883 1785 dusdem,
1902 1696 1988 1781 qaod

433 1803 527 1872 bomo
555 1804 599 1870 sit
624 1807 737 1887 potans
763 1821 857 1887 opere
885 1808 919 1869 et
937 1819 1090 1882 sermone,
1113 1806 1148 1868 ct
1165 1819 1224 1885 per
1243 1818 1333 1867 suam
1355 1806 1389 1868 ot
1410 1799 1546 1867 fratrum
1569 1818 1697 1867 suorum
1717 1801 1907 1868 instanciam
1930 1819 1989 1884 po·

434 1911 539 1975 tantan·
558 1905 688 1990 incipiet
708 1912 744 1972 et
764 1905 1025 1990 conquisitionem
1046 1911 1132 1972 terre
1149 1905 1284 1971 viriliter
1305 1910 1523 1989 prosequetur,
1543 1922 1602 1970 uec
1624 1903 1757 1972 desistat
1776 1903 1934 1971 inutiliter
1946 1902 1989 1970 ab

413 2009 577 2094 ioocptis,
600 2008 861 2094 quemadmodum
888 2009 994 2092 plures
1019 2009 1129 2076 multis
1156 2007 1317 2076 laboribus
1344 2009 1377 2074 in
1398 2007 1508 2075 eodem
1527 2008 1660 2091 uoqocio
1681 2005 1803 2075 frustra
1823 2006 1990 2090 temptatis

438 2131 509 2180 cam
530 2111 711 2179 riderentur
729 2111 879 2195 prolicere
893 2111 1085 2194 defecerunt,
1107 2113 1331 2180 auctoritatem
1345 2111 1447 2179 eidem
1461 2113 1614 2195 magistro
1630 2110 1849 2191 concessimus,
1870 2117 1990 2177 terram

438 2213 566 2283 Proseis
589 2232 660 2281 cum
681 2213 801 2282 viribus
821 2213 932 2281 domus
953 2219 987 2280 et
1009 2215 1087 2281 totis
1108 2213 1272 2282 conatibus
1294 2213 1471 2295 invadendi,
1493 2214 1699 2282 macedonius
1721 2219 1754 2280 et
1768 2213 1991 2281 contionantes

436 2316 536 2385 eidem
563 2314 981 2402 magistra-successoribus
1013 2317 1091 2399 eius,
1113 2317 1220 2384 domui
1242 2335 1309 2397 sue,
1331 2317 1569 2401 inperpetuum
1591 2321 1657 2383 mm
1679 2315 1852 2400 predictam
1872 2323 1991 2384 terram

435 2438 530 2505 quam
555 2421 771 2505 suprascripto
798 2420 877 2487 duce
904 2421 1036 2504 recipiet
1061 2424 1098 2486 ut
1126 2419 1273 2504 promisit
1298 2424 1333 2486 ct
1361 2436 1591 2503 quamcumque
1616 2419 1712 2485 aliam
1739 2418 1837 2499 dabit,
1865 2437 1987 2487 necnon

439 2527 540 2590 totam
568 2527 685 2590 terram
714 2541 809 2607 quam
834 2522 867 2588 iu
900 2522 1043 2606 partibus
1068 2522 1198 2590 Proseis
1224 2521 1390 2606 conquiret
1418 2521 1552 2589 Domino
1570 2521 1716 2604 facicuta,
1736 2521 1825 2588 velut
1845 2526 1936 2589 retus
1958 2527 1993 2590 et

435 2622 576 2692 debitum
594 2624 644 2692 ius
666 2625 800 2708 imperii,
821 2625 854 2691 in
876 2624 1047 2706 montibus,
1070 2623 1214 2708 planicie,
1237 2622 1427 2704 fluminibus,
1449 2624 1638 2707 nemoribus,
1661 2630 1695 2691 et
1714 2625 1747 2690 in
1761 2624 1991 2704 morimeam

436 2724 567 2794 liberam
588 2725 630 2794 ab
650 2727 735 2794 omui
756 2726 888 2794 servicio
908 2731 943 2792 ct
963 2726 1130 2793 exaccione
1153 2730 1285 2793 teneant
1305 2730 1340 2792 et
1361 2725 1540 2808 immanem,
1563 2733 1598 2794 et
1619 2726 1699 2793 nulli
1713 2725 1903 2809 respondere
1918 2745 1991 2810 pro·

438 2827 510 2896 indo
532 2834 709 2896 taucaatur.
754 2828 864 2895 Liceat
884 2829 1014 2913 iusuper
1034 2830 1080 2896 eis
1102 2829 1142 2896 de
1164 2829 1363 2896 concessione
1385 2835 1495 2896 nostra
1516 2848 1573 2913 per
1595 2834 1696 2896 totam
1719 2834 1839 2896 terram
1860 2828 1992 2913 conqui-

437 2931 563 2999 sitionis
590 2949 709 3013 eorum,
735 2931 817 2998 sicut
844 2931 1000 3014 aequisita
1028 2951 1085 3016 per
1113 2950 1167 2998 eos
1192 2936 1226 2998 et
1255 2930 1446 3014 acquirenda
1466 2930 1573 3013 luerit,
1599 2931 1640 2998 ad
1663 2932 1859 2999 commodum
1878 2931 1991 3000 domus
2044 2952 2048 2959 ·

437 3033 582 3118 pessuma
611 3038 645 3099 ct
674 3032 821 3102 thelonea
849 3033 1003 3115 ordinare,
1031 3033 1187 3100 nundinas
1213 3039 1247 3100 et
1276 3031 1345 3099 lora
1365 3038 1517 3115 statuere,
1540 3040 1700 3101 monetam
1722 3034 1847 3116 cudere,
1870 3034 1992 3102 talliam

437 3140 472 3202 et
491 3134 646 3202 alia‘iura
667 3140 788 3216 taxare,
811 3135 1002 3202 directuram
1024 3155 1082 3221 per
1102 3141 1218 3202 terram
1240 3136 1273 3200 iu
1291 3134 1472 3202 fluminibus
1493 3141 1527 3202 et
1547 3137 1627 3202 mari
1650 3137 1734 3204 sicut
1754 3136 1833 3204 utile
1849 3135 1993 3204 'viderint

437 3236 589 3319 stabilire,
618 3236 741 3305 fodinas
770 3245 804 3305 et
832 3239 964 3306 meieras
985 3239 1058 3323 (sic)
1076 3238 1155 3319 arui,
1172 3238 1306 3320 maenti,
1332 3236 1408 3303 ferri
1429 3237 1617 3305 stallorum
1639 3238 1827 3306 metalorum
1845 3257 1884 3307 aa
1905 3240 1992 3322 salis,

437 3359 499 3425 quc
519 3339 636 3408 luerint
657 3340 707 3408 rel
728 3341 926 3408 invenientur
945 3341 979 3407 in
1001 3341 1078 3425 ipsis
1100 3341 1203 3421 terris,
1233 3340 1394 3423 possidere
1425 3341 1628 3424 perhenniter
1649 3346 1683 3408 et
1703 3342 1828 3409 babere.
1874 3341 1993 3410 Οοιιοο-

391 3468 393 3472 ⁴
437 3443 541 3512 dimum
565 3444 695 3528 insuper
723 3445 769 3512 eis
802 3445 922 3511 iudices
951 3451 985 3511 et
1006 3449 1143 3512 rectores
1165 3462 1282 3524 creare,
1310 3444 1365 3527 qui
1386 3443 1562 3511 subiectum
1584 3444 1645 3510 sibi
1667 3444 1827 3528 populum,
1851 3449 1917 3511 tam
1938 3463 1993 3512 cos

439 3545 585 3614 videlicut
605 3547 661 3631 qui
682 3547 822 3614 conversi
843 3552 919 3613 sunt
937 3564 1032 3630 quam
1053 3562 1160 3612 omues
1183 3544 1263 3611 alios
1284 3545 1317 3611 in
1336 3563 1394 3611 sua
1415 3546 1642 3629 supersticione
1660 3546 1818 3630 degentes,
1842 3547 1927 3614 iusta
1942 3565 1993 3615 re·

437 3654 517 3733 gant
537 3642 571 3716 et
590 3647 740 3733 dirigant,
762 3655 797 3716 et
814 3666 958 3742 eacessus
980 3646 1219 3715 malefactorum
1240 3647 1495 3714 animadvertant
1515 3653 1548 3715 et
1562 3650 1706 3732 puniant,
1723 3649 1893 3717 secundum
1908 3649 1993 3733 quod

443 3751 521 3819 ordo
542 3750 683 3835 exegerit
704 3752 867 3835 equitatis3
891 3756 1036 3833 preterea
1058 3749 1164 3818 ciuiles
1186 3756 1219 3817 et
1241 3750 1419 3817 criminales
1437 3769 1548 3817 causas
1569 3751 1703 3818 audiam
1724 3756 1758 3818 et
1776 3752 1928 3820 dirimant
1944 3770 1994 3819 se·

439 3852 575 3921 cundum
594 3853 749 3921 calculum
779 3853 921 3920 racionis.
967 3852 1128 3919 Adicimus
1155 3852 1283 3936 insuper
1303 3871 1341 3919 ex
1362 3854 1469 3936 gracia
1491 3859 1610 3933 nostra,
1630 3853 1715 3936 quod
1736 3853 1819 3921 idem
1840 3856 1994 3939 magister

440 3958 475 4023 at
494 3973 688 4023 mcersaores
714 3956 764 4023 soi
790 3955 1044 4022 'iorisrliccionem
1066 3961 1100 4021 et
1120 3961 1310 4039 potestatem
1332 3955 1418 4022 illam
1440 3954 1579 4022 babeant
1600 3961 1634 4022 et
1655 3963 1821 4024 exerceant
1842 3957 1875 4022 in
1897 3957 1994 4024 terris

351 4061 353 4064 ‘
441 4058 518 4140 suis,
545 4077 639 4143 quom
663 4058 779 4142 aliquis
806 4060 950 4142 princeps
971 4057 1229 4140 imperii·mclius
1251 4056 1366 4124 habere
1385 4058 1560 4123 ‹linoscitur
1581 4058 1614 4123 in
1638 4063 1726 4125 terra
1747 4075 1805 4125 sua
1822 4076 1917 4141 quam
1937 4059 1994 4125 ha·

439 4159 511 4242 beu
542 4165 580 4227 at
607 4160 705 4228 bonos
733 4178 809 4227 usus
835 4168 869 4227 et
896 4160 1133 4226 eonsuetudines
1162 4165 1292 4242 ponant,
1319 4158 1447 4225 arsisius
1478 4158 1596 4225 iaciant
1615 4165 1649 4225 et
1670 4167 1802 4243 statuto,
1825 4161 1940 4244 quibus
1961 4167 1995 4227 et

440 4261 519 4330 lidos
546 4262 742 4330 mendum
774 4262 947 4341 roboretur,
977 4266 1012 4328 et
1040 4280 1149 4328 omncs
1174 4279 1283 4328 eorum
1316 4261 1433 4327 subditi
1463 4280 1540 4344 paca
1570 4262 1743 4346 tranquilla
1771 4263 1931 4345 gaudeant
1960 4269 1994 4330 et

444 4368 585 4431 uuntm.
619 4363 768 4431 Ceterum
789 4365 979 4430 auctoritate
1001 4363 1155 4446 presentis
1177 4364 1332 4447 pririluqii
1345 4363 1556 4447 prohibemus,
1577 4371 1614 4430 ut
1629 4365 1734 4431 nullus
1748 4367 1903 4449 princeps,
1918 4366 1993 4447 dux,

442 4465 593 4549 marchio,
615 4484 729 4546 comcs,
748 4465 973 4544 ministerialis,
999 4464 1163 4545 scultetus,
1183 4465 1363 4545 aduocatos,
1390 4465 1515 4531 nullave
1536 4484 1680 4549 persona,
1699 4466 1842 4534 sublimis
1864 4469 1914 4536 rel
1935 4468 1995 4534 lru·

445 4567 540 4649 milis,
569 4568 781 4635 ecclesiastica
808 4568 858 4634 vul
888 4566 1055 4647 mundana,
1078 4573 1189 4632 contra
1210 4569 1366 4650 presentis
1384 4570 1594 4635 concussionis
1616 4575 1650 4635 et
1672 4569 1919 4638 molirmacionis
1938 4590 1995 4638 uo·

441 4675 510 4737 stro
535 4670 679 4755 paginam
706 4670 822 4736 aurleat
851 4669 970 4751 aliquid
992 4675 1196 4752 attemptare;
1219 4670 1303 4752 quod
1327 4672 1382 4752 qui
1397 4674 1633 4755 presumpserit,
1657 4691 1769 4756 pronam
1792 4673 1878 4740 mille
1899 4674 1995 4741 libra·

441 4790 513 4840 rum
541 4772 610 4838 auri
639 4790 673 4837 sc
702 4772 824 4838 noverit
852 4770 1062 4852 incursruurn,
1092 4790 1225 4854 quarum
1256 4773 1409 4838 mallotas
1439 4792 1561 4840 rameru
1590 4780 1707 4854 nostru,
1740 4775 1862 4859 reliqua
1893 4776 1995 4860 passis

441 4873 589 4942 iniuriam
609 4873 835 4956 persolventur.
879 4873 928 4938 dd
953 4874 1045 4940 liuius
1068 4877 1175 4958 itaque
1197 4876 1405 4941 crrnccmsiorris
1422 4883 1456 4941 ct
1477 4878 1726 4944 confirmacionis
1748 4883 1856 4944 nostre
1878 4898 1994 4946 memo·

442 4977 524 5044 mam
545 4980 579 5042 ct
599 4974 745 5042 stabilerrr
764 4977 957 5057 lirnritaterrr,
984 4997 1112 5060 prosena
1139 4979 1336 5060 privilqrium
1356 4980 1434 5059 lieri,
1461 4985 1494 5045 et
1516 4979 1602 5044 bulla
1621 5000 1721 5046 aurea
1742 4982 1867 5064 typario
1886 4987 1996 5048 nostre

442 5077 619 5145 maiestatis
641 5078 793 5160 impressa
814 5078 944 5144 ierimus
965 5081 1159 5145 conununiri,
1205 5080 1308 5146 lluius
1330 5081 1374 5146 rei
1399 5087 1498 5146 testes
1513 5088 1601 5147 suunt:
1625 5081 1915 5164 Mugdcburgcnsis,
1931 5082 1994 5148 Ila·

443 5168 598 5262 ienensis,
620 5180 776 5263 Tyrannum,
800 5180 1041 5247 Parrurnritanus
1064 5187 1097 5247 et
1119 5183 1256 5263 lupinus
1271 5182 1516 5266 arciriopiacopi;
1538 5182 1756 5264 liononicrrsis,
1777 5184 1994 5267 tununensis,

447 5281 594 5365 Casuum,
622 5282 815 5350 truncorum·
840 5291 873 5349 rt
903 5284 1094 5351 'l'urtosauus
1121 5286 1273 5369 episcopi,
1304 5285 1440 5352 Suetonio
1463 5292 1497 5352 ct
1527 5285 1648 5369 Spoleti
1670 5286 1775 5368 uiuus,
1798 5287 1937 5354 marchio
1955 5286 1996 5358 dc
