4860 6180
435 299 510 379 438

432 503 633 574 eminandum
654 502 781 586 cislem,
799 503 840 571 ab
861 502 999 589 ipsarum
1019 500 1218 569 omlesiarum
1233 501 1282 569 vel
1297 499 1555 570 monasteriorum
1570 517 1626 568 seu
1639 496 1793 567 bonorum
1808 515 1846 565 ac
1860 495 1976 565 larium

432 607 612 676 eorumdem
632 626 727 692 super
745 607 893 692 predictis
923 605 1140 673 nrolcstationc
1163 611 1196 670 et
1222 605 1458 688 perturbatione
1486 603 1676 683 destiterint,
1706 609 1739 668 et
1766 602 1807 668 ad
1837 603 1976 685 ipsorum

432 710 668 779 dioecesanorum
690 730 745 778 scu
773 712 905 778 aliomm
934 708 1129 794 superiorum
1155 707 1320 776 arbitrium
1346 708 1557 776 satisfecerint
1582 708 1621 774 de
1647 706 1770 772 01000000
1799 710 1832 772 00
1854 704 1977 771 iniuriis

433 813 581 898 mugitis
602 816 763 881 occasione
784 814 925 899 prelicta
947 811 1144 878 monasteriis
1166 816 1199 878 et
1220 812 1357 879 ecclesiis
1386 811 1531 897 prolatis,
1561 829 1600 876 ex
1630 815 1707 875 tunc
1735 825 1769 874 sc
1798 809 1899 874 scunt
1925 826 1979 874 ex·

433 917 723 985 communicationis
744 917 898 982 mittentia
919 915 1095 994 subiacere,
1127 932 1241 996 aqua,
1270 913 1359 980 iuxta
1386 920 1491 980 minen
1512 914 1645 980 formam
1666 909 1815 992 Iloclcsie,
1835 930 1891 995 per
1911 910 1980 977 dio·
2044 918 2047 923 '

433 1039 590 1103 aesanunr,
613 1019 826 1087 satisfactione
847 1020 999 1103 premissa
1020 1024 1053 1085 ct
1073 1016 1240 1087 sufficienti
1262 1017 1421 1098 cautione,
1451 1016 1536 1101 quod
1564 1015 1696 1082 ulterius
1727 1016 1759 1080 in
1790 1013 1907 1080 talibus
1930 1025 1980 1092 rol

434 1123 589 1192 similibus
610 1141 672 1188 non
694 1121 856 1202 excuciant,
879 1123 1000 1206 possint
1021 1120 1142 1188 absolvi
1164 1119 1287 1204 prelati.

537 1230 670 1291 Deiera
687 1234 870 1305 patronatus
891 1235 920 1290 et
941 1231 1097 1291 collatione
1117 1229 1357 1289 racematiomcm.
1383 1222 1527 1290 Preseuti
1548 1238 1674 1305 quoquc
1694 1219 1892 1286 declaramus
1913 1226 1981 1285 sta·

434 1335 505 1396 tato
527 1334 624 1411 atquc
644 1327 842 1411 precipimus,
863 1328 945 1410 qnod
967 1346 1162 1411 quecumque
1183 1346 1317 1411 persam
1330 1326 1489 1406 ammaris,
1509 1324 1732 1407 cuiuscumque
1746 1324 1789 1389 sit
1804 1323 1980 1402 existentia,

433 1430 598 1516 dignitatis
618 1435 676 1496 aut
696 1435 811 1510 status,
831 1438 1107 1514 quantumcunque
1126 1430 1298 1497 liberaliter
1322 1436 1356 1497 et
1376 1428 1519 1496 absolute
1546 1426 1710 1506 00000000,
1732 1426 1838 1508 slonct,
1862 1426 1980 1507 tradat,

433 1551 491 1601 seu
511 1531 679 1601 tradidisse
697 1532 868 1599 intenderit
888 1533 938 1599 vol
959 1533 1112 1615 intendat,
1134 1533 1268 1600 voluerit
1290 1532 1338 1599 vel
1360 1532 1437 1599 velit
1455 1530 1648 1598 monasteria
1667 1548 1724 1596 scu
1752 1530 1917 1597 melesius:
1947 1529 1981 1595 in

434 1635 549 1721 quibus
570 1635 768 1702 monasteriis
788 1635 838 1701 vel
859 1635 930 1702 aliis
950 1636 1088 1703 ecelesiis
1106 1636 1299 1703 secularmus
1320 1636 1369 1701 ius
1383 1640 1509 1701 tantum
1523 1633 1666 1699 obtinent
1678 1637 1880 1715 patronatus:
1901 1632 1982 1698 illud

434 1737 531 1808 iaciat
551 1743 585 1806 et
603 1737 705 1805 iacere
725 1737 838 1805 debeat
860 1739 899 1805 de
920 1739 1045 1805 illomm
1068 1738 1305 1806 diocesanomm
1326 1756 1381 1804 sen
1404 1737 1596 1821 prelatorum
1615 1735 1743 1802 licentia
1764 1753 1820 1802 seu
1840 1753 1981 1816 assensu,

435 1841 623 1926 inquorum
640 1840 756 1908 diocesi
775 1841 825 1908 vel
846 1841 1059 1909 iurisdictione
1080 1841 1209 1909 ecclesie
1238 1840 1288 1908 rel
1313 1840 1504 1908 monasteria
1531 1839 1601 1923 ipsa
1630 1837 1822 1918 comistunt;
1852 1844 1886 1905 et
1916 1844 1982 1904 tam

434 1944 576 2031 predicte
596 1962 692 2028 quam
712 1943 774 2011 alie
795 1962 926 2028 persona
947 1944 1106 2029 mgulares
1127 1952 1185 2011 aut
1205 1944 1371 2027 saculares,
1401 1943 1624 2026 cuiuscumque
1649 1939 1779 2022 ordinis,
1805 1941 1982 2025 manicata,

436 2047 595 2132 roligionis
615 2047 666 2114 rel
686 2052 800 2130 status,
822 2054 1098 2131 quantumcunque
1119 2047 1292 2114 liberaliter
1312 2052 1346 2114 et
1370 2045 1515 2114 absolute
1541 2046 1765 2126 mucessermt,
1795 2044 1983 2111 donaverint

436 2151 487 2219 rel
507 2150 705 2230 tradiderint,
725 2156 782 2216 ant
803 2150 982 2231 concaleat,
1004 2150 1122 2217 donent
1143 2151 1193 2217 vel
1214 2151 1356 2232 tradant,
1386 2167 1443 2216 seu
1471 2147 1675 2228 maressisse,
1706 2146 1858 2228 donasse,
1884 2147 1983 2214 tradi·

444 2254 529 2322 disse
549 2254 743 2320 intenderint
762 2253 812 2319 vel
834 2254 998 2321 intendant
1016 2254 1171 2336 ecclesias,
1193 2253 1361 2338 inquibus
1388 2254 1439 2319 ius
1468 2256 1592 2319 matum
1620 2249 1765 2317 obtinent
1786 2256 1983 2333 patronatus,

436 2357 514 2425 locis
546 2358 597 2438 vel
628 2358 769 2450 personis
799 2357 949 2441 predictis
981 2357 1078 2425 nichil
1106 2357 1191 2424 aliud
1224 2355 1420 2441 intelligatur
1444 2373 1501 2422 seu
1527 2360 1728 2438 presumatur
1756 2351 1897 2422 conferre
1925 2360 1984 2420 aut

435 2461 532 2529 000000
553 2460 731 2543 contulisse,
754 2479 811 2528 nec
832 2480 963 2545 persone
984 2466 1042 2529 aut
1060 2461 1131 2529 loca
1152 2461 1294 2545 predicta
1318 2460 1405 2527 aliod
1431 2479 1471 2527 ex
1499 2457 1666 2527 collatione
1695 2456 1873 2523 huiusmodi
1901 2456 1982 2523 reci·

436 2581 511 2649 pere
532 2563 582 2631 vel
603 2564 774 2648 acquirere,
796 2583 892 2648 quam
913 2565 963 2630 ius
983 2565 1016 2630 in
1036 2564 1152 2632 eisdem
1174 2564 1313 2632 ecclam
1334 2581 1392 2630 seu
1419 2561 1619 2630 nomeriis
1644 2558 1878 2627 conferentibus
1898 2578 1984 2626 com·

436 2672 547 2753 petens
567 2671 764 2752 patronatum.
800 2665 983 2734 Statuentes
1005 2673 1038 2734 et
1058 2667 1236 2752 expressius
1257 2666 1468 2751 pmlribentas,
1491 2684 1531 2731 ne
1555 2656 1661 2748 ali'qm
1682 2682 1816 2747 persone
1837 2663 1984 2732 ecclosia-

436 2768 516 2836 stlca
532 2767 706 2835 autetiam
727 2768 892 2850 0000010000,
914 2768 1026 2852 quibus
1048 2768 1088 2835 de
1109 2769 1307 2836 monasteriis
1333 2769 1381 2836 vel
1407 2768 1547 2836 ecclesiis
1574 2766 1753 2834 huiusmodi
1781 2773 1856 2834 sunt
1885 2766 1984 2834 dona·

437 2871 549 2954 tionas,
571 2872 794 2954 conemsionos,
815 2871 865 2938 vel
887 2871 1068 2938 collationes
1089 2870 1171 2938 lacte
1192 2872 1242 2938 vel
1260 2872 1293 2938 in
1308 2876 1470 2957 posterum
1484 2872 1571 2954 fient,
1593 2870 1723 2955 aliquia,
1746 2870 1807 2938 nisi
1828 2876 1984 2954 quantum

435 2973 577 3058 munais
598 2975 747 3042 canonica
768 2975 839 3042 iura
855 2974 1042 3057 concedunt,
1069 2974 1192 3058 exigere
1216 2975 1266 3041 rel
1289 2980 1475 3060 extorquere
1502 2982 1560 3041 aut
1582 2993 1696 3059 capere
1722 2979 1811 3040 motu
1840 2973 1981 3058 proprio,

437 3077 489 3145 rol
509 3077 650 3161 accipere
669 3077 709 3145 de
730 3076 820 3144 bonis
838 3077 1003 3144 mobilibus
1032 3077 1081 3145 vel
1111 3077 1321 3145 immobilibus
1341 3086 1400 3146 aut
1423 3098 1458 3147 se
1487 3078 1685 3146 moventibus
1718 3077 1769 3144 rel
1795 3070 1839 3144 dc'
1864 3075 1985 3143 iuribus

438 3179 698 3248 momsteriomm
718 3186 776 3247 ant
797 3181 997 3249 ecclesiarum
1019 3181 1167 3265 ipsamm,
1195 3200 1253 3249 nec
1280 3183 1313 3249 in
1342 3183 1388 3250 eis
1407 3188 1550 3251 smtuere
1578 3182 1701 3267 abquas
1728 3181 1907 3265 prelaturas
1927 3199 1985 3248 seu

438 3282 535 3351 edam
552 3283 718 3366 tectonas,
740 3302 799 3351 nec
827 3302 985 3351 remorare
1010 3285 1075 3352 sive
1104 3286 1299 3370 supprimere
1328 3287 1377 3353 rel
1403 3287 1501 3354 edam
1527 3303 1675 3354 revocare
1697 3290 1833 3368 sutum,
1860 3304 1919 3353 nec
1945 3284 1986 3352 de

437 3386 516 3472 ipsis
536 3387 735 3455 monasteriis
756 3387 805 3453 vel
826 3388 974 3468 ecclesiis,
997 3392 1055 3455 aut
1075 3388 1299 3473 temporalibus
1320 3409 1377 3457 seu
1397 3388 1624 3474 spiritualibus,
1646 3388 1839 3456 velleribus
1860 3406 1985 3456 eorum·

437 3489 519 3573 dem,
541 3490 603 3557 nisi
624 3495 777 3574 quantum
796 3490 836 3557 ad
858 3489 1067 3558 defensionem
1094 3491 1252 3574 pectinem
1279 3491 1321 3560 ad
1349 3511 1445 3577 quam
1474 3493 1600 3577 patroni
1632 3498 1789 3574 tenemur,
1818 3491 1986 3575 disponere

437 3599 496 3660 aut
516 3593 613 3661 mam
634 3611 669 3660 se
689 3593 909 3675 intromittere,
932 3593 980 3660 vel
1000 3593 1124 3677 aliquos
1145 3582 1179 3661 in
1200 3596 1277 3679 ipsis
1297 3597 1498 3665 monasteriis
1519 3603 1577 3664 ant
1597 3596 1738 3664 ecclesiis
1755 3596 1923 3663 instituere
1936 3595 1986 3662 rel

438 3695 622 3777 destituere,
644 3695 822 3762 huiusmodi
842 3696 920 3763 iuris
941 3703 1127 3782 patronatus
1149 3704 1306 3782 pretextu,
1321 3719 1519 3785 quocumque
1530 3702 1658 3767 invento
1672 3699 1777 3768 colore
1791 3705 1984 3784 presumant.

439 3797 643 3867 Decernimus
663 3804 769 3866 autem
791 3799 916 3866 irritum
944 3806 978 3866 et
998 3800 1103 3882 inane,
1131 3801 1284 3885 quidquid
1306 3823 1327 3870 a
1349 3802 1480 3888 prelatis
1508 3805 1650 3889 personis
1678 3804 1762 3871 circa
1792 3803 1986 3870 monasteria

439 3908 473 3970 et
492 3903 640 3971 ecclesias
660 3908 693 3971 et
713 3903 776 3969 alia
797 3904 902 3971 omnia
923 3909 956 3970 et
976 3903 1101 3988 singula
1121 3905 1311 3990 supradicta,
1337 3913 1448 3974 eontra
1473 3914 1614 3975 tenorem
1641 3907 1798 3991 presentis
1831 3907 1985 3973 constitn-

441 4006 536 4074 tionis
557 4013 675 4075 temere
695 4008 889 4090 contingeret
911 4009 1070 4074 attentari.
1100 4007 1162 4075 Per
1182 4008 1263 4076 hanc
1284 4016 1389 4077 numm
1404 4010 1649 4078 declarationem
1663 4016 1697 4078 et
1716 4010 1985 4092 constitutionem,

439 4111 561 4178 nubum
582 4113 664 4178 veris
686 4113 827 4195 patronis
845 4131 939 4195 super
960 4112 1009 4178 bis
1030 4130 1092 4195 que
1113 4112 1172 4177 sibi
1193 4120 1384 4197 competunt,
1403 4114 1437 4180 id
1458 4121 1509 4180 ost
1529 4115 1607 4180 iuris
1628 4119 1825 4197 patmnatus,
1847 4113 1985 4198 preludi-

440 4214 523 4282 eium
544 4221 718 4299 generetur.
762 4213 796 4281 Si
816 4216 871 4298 qui
894 4234 976 4297 vcro,
998 4234 1194 4299 quacumque
1214 4219 1448 4302 presumptione
1470 4224 1580 4285 contra
1601 4218 1859 4285 constitutionem
1879 4217 1988 4283 buius·

440 4317 525 4385 modi
545 4318 715 4400 venientes,
738 4320 929 4384 monasteria
950 4318 997 4385 vel
1019 4319 1166 4385 ecclesias
1189 4322 1220 4385 in
1240 4321 1390 4404 predictis
1405 4322 1453 4388 uel
1469 4321 1682 4404 predictorum
1696 4320 1803 4405 aliquo
1817 4321 1988 4387 molestare

440 4438 496 4488 sen
517 4421 702 4505 perturbare
720 4422 975 4505 presumpserint,
998 4428 1055 4488 aut
1075 4423 1115 4487 de
1138 4423 1213 4506 ipsis
1236 4426 1433 4491 monasteriis
1456 4425 1505 4491 rel
1526 4425 1676 4506 ccelesiis,
1699 4443 1755 4490 scu
1777 4424 1867 4490 burris
1890 4429 1923 4490 ct
1940 4424 1987 4490 iu-

441 4523 528 4591 ribus
545 4542 652 4591 eorum
672 4543 705 4590 se
727 4524 951 4590 intromiserim
974 4543 1099 4606 quoqrro
1121 4527 1222 4602 modo,
1238 4528 1379 4609 ingressu
1394 4528 1523 4595 ecclesie
1538 4535 1571 4594 et
1589 4529 1787 4612 perceptione
1803 4527 1986 4594 Sacramen-

442 4632 545 4693 tarum
566 4627 847 4693 ecclesiasticorum
870 4649 903 4692 se
926 4628 1069 4693 irriserint
1090 4629 1284 4711 interdictos,
1307 4631 1404 4698 ilonea
1433 4632 1649 4698 satisfactione
1675 4633 1841 4714 premissa,
1874 4650 1989 4714 aper·

441 4729 621 4797 turbatione
640 4736 673 4795 ct
695 4731 911 4797 irrrrlcstatione
932 4737 964 4796 et
985 4731 1056 4796 aliis
1078 4733 1267 4815 suprrmictis
1288 4733 1478 4817 «limitarint,
1500 4741 1534 4802 et
1555 4755 1611 4818 per
1637 4735 1838 4800 ‹liocesanum
1860 4734 1985 4800 illarum

442 4833 641 4900 ecclesiarum
677 4853 731 4898 sen
761 4835 1019 4899 irroramur-ionas
1046 4853 1106 4917 qrre
1138 4835 1315 4901 lruirrsnnnli
1342 4840 1504 4904 occasione
1532 4838 1684 4918 luserant,
1715 4837 1754 4903 ad
1784 4836 1913 4904 ecclesie
1942 4838 1990 4902 in·

440 4955 582 5019 mesum
604 4942 638 5001 et
658 4935 929 5002 Siunaunmtorunr
953 4937 1181 5019 perceptionem
1205 4938 1322 5005 luerint
1344 4941 1492 5007 restituti.
1525 4941 1585 5020 Qui
1600 4947 1707 5007 autem
1723 4941 1761 5006 iis
1776 4941 1988 5007 ecclesiastica

442 5039 688 5106 ministnrrerint
710 5041 919 5117 Sternumenta,
943 5060 998 5122 per
1019 5059 1072 5104 sex
1095 5060 1216 5106 000000»Ι
1247 5064 1267 5109 a
1296 5043 1463 5109 collatione
1485 5045 1757 5111 &incruentorum
1789 5046 1934 5111 sciverint
1954 5063 1989 5111 sc

445 5162 621 5229 suspensos.
