4860 6180
2071 411 2146 487 453
2257 422 2259 426 ’

710 619 756 682 De
774 620 908 696 pbcinis.
953 613 1142 682 Proviclcant
1160 618 1268 681 autem
1289 614 1477 695 sacculotas,
1501 614 1584 700 qual
1605 613 1742 698 piscinas
1762 612 1900 680 babeant
1924 613 2012 679 iuxta
2035 609 2150 679 altaria

607 719 763 800 decentis,
784 719 927 801 munitm,
949 717 1162 785 ablutionibus
1184 736 1310 784 cursum
1332 717 1464 785 liberam
1487 717 1683 798 exhibentem
1710 735 1768 784 nac
1797 716 1864 784 sino
1885 716 2079 799 olariracato
2100 733 2149 781 re·

608 820 779 904 liquantur.

717 926 754 989 Ut
775 930 947 1004 corporalia
968 935 997 989 el
1017 929 1097 988 aliae
1115 930 1208 988 nester
1228 929 1338 988 altaria
1357 928 1520 990 maculer
1540 931 1573 990 ia
1591 933 1732 1003 tempore.
1776 919 1929 988 mmmm
1959 920 2025 986 sive
2046 919 2150 987 dmon-

610 1043 670 1091 nus
692 1026 867 1110 corporalia
887 1045 961 1109 scpc
982 1024 1091 1091 abluat
1112 1025 1240 1091 inlutus
1269 1027 1496 1111 superpellicio,
1520 1028 1553 1092 in
1578 1045 1653 1093 uase
1675 1024 1791 1091 mundo
1818 1022 1859 1090 ad
1887 1021 1946 1089 hoc
1974 1023 2152 1106 specialiter

608 1128 770 1213 deputato.
798 1127 913 1196 Omnes
935 1128 1121 1210 ablutiones,
1142 1130 1169 1194 si
1184 1129 1252 1196 lieri
1274 1137 1389 1213 ponat,
1412 1131 1445 1197 in
1463 1131 1583 1215 piscina
1596 1129 1804 1213 deponantur,
1827 1126 1876 1194 vel
1897 1125 2010 1191 saltem
2032 1125 2150 1208 prima3

611 1236 716 1298 cetera
736 1237 841 1298 autom
863 1233 897 1298 ia
920 1231 1113 1316 baptisterio.
1143 1232 1223 1299 Item
1245 1233 1429 1300 linteamina
1449 1234 1560 1301 altaris
1581 1240 1615 1300 et
1636 1233 1820 1298 indumenta
1833 1228 2049 1309 saocurlotalia,
2072 1246 2151 1295 uon·

609 1332 671 1398 nisi
691 1351 713 1399 a
732 1331 893 1399 sacerdote
914 1333 962 1400 vcl
983 1353 1004 1400 a
1024 1333 1156 1400 diacono
1177 1334 1226 1399 vol
1248 1334 1356 1417 aliqua
1377 1335 1510 1402 honesta
1527 1342 1671 1403 matrona
1701 1334 1750 1400 vel
1780 1333 1909 1416 virgiac,
1939 1333 2007 1398 sine
2032 1331 2152 1399 elmh-

610 1436 705 1516 tioae,
725 1435 921 1519 appositione
942 1437 1075 1502 aliorum
1094 1453 1278 1519 pannorum,
1301 1438 1520 1504 convenienter
1541 1437 1666 1521 quando
1687 1454 1766 1520 opus
1787 1436 1884 1502 iacnt
1904 1435 2084 1517 abluantur,
2107 1435 2154 1501 ita

571 1591 574 1599 .
611 1542 649 1605 ιιι
667 1537 785 1604 munda
805 1543 838 1604 et
865 1537 967 1604 aiala
994 1544 1230 1618 conserventur3
1260 1539 1335 1621 quia
1355 1539 1447 1606 nimis
1473 1540 1597 1607 videtur
1623 1539 1793 1607 absuntam
1822 1538 1930 1604 sardes
1957 1538 1989 1605 in
2014 1537 2154 1605 vestibus

614 1641 722 1724 sacra,
742 1658 804 1724 que
824 1639 1010 1707 dedecerent
1027 1641 1124 1708 etiam
1145 1640 1179 1707 iu
1197 1640 1376 1724 prophanis.

714 1764 760 1827 Dc
779 1763 997 1827 &leonantius
1014 1767 1127 1826 attritis
1147 1766 1346 1826 comesturam
1391 1760 1590 1828 Lintsamina
1609 1779 1710 1842 sacra,
1731 1765 1890 1827 vetustate
1907 1760 2031 1841 attrita,
2052 1758 2152 1826 sacris

611 1862 801 2034 ιιιιιὲἰιιίἔτιιι
819 1863 888 1931 loco
914 1863 1031 1931 mundo
1060 1863 1284 1932 comburantur
1311 1871 1440 1947 secrete,
1466 1870 1500 1932 et
1527 1864 1630 1949 pulvis
1653 1866 1749 1932 iuxta
1774 1856 1927 1948 parietem
1955 1862 2085 1930 ecclesie
2104 1880 2154 1930 re·

613 1985 650 2035 co
765 2017 774 2035 .

714 2089 761 2152 De
781 2090 947 2151 mercolio
974 2088 1115 2166 corporis
1140 2089 1258 2152 ebali.
1303 2084 1372 2153 Hac
1392 2084 1511 2154 salubri
1533 2086 1758 2154 mmtitutione
1785 2085 1976 2171 precipimus
2001 2085 2154 2169 detnato,

613 2187 696 2274 quod
718 2194 784 2256 tam
803 2187 960 2256 diocesani
980 2206 1075 2271 quam
1096 2187 1152 2254 alii
1172 2187 1334 2256 inferiores
1355 2188 1472 2273 prelati
1494 2207 1602 2256 camur
1628 2189 1802 2256 animarum
1832 2188 1994 2269 babentes,
2023 2188 2156 2273 diligen·

613 2296 664 2360 ter
684 2294 718 2359 et
737 2288 907 2358 efficaciter
927 2290 1097 2356 informent
1118 2290 1234 2358 clerum
1256 2301 1290 2358 et
1310 2291 1461 2375 populum
1475 2291 1534 2358 sibi
1549 2290 1734 2373 subiectam,
1756 2291 1840 2375 quod
1856 2293 1889 2357 in
1903 2291 2076 2359 elevatione
2089 2292 2155 2358 sive

615 2393 794 2462 ostensione
816 2392 964 2478 Corporis
982 2399 1016 2459 et
1037 2392 1203 2477 Sanguinis
1221 2393 1348 2461 Domini
1371 2395 1472 2462 nostri
1494 2393 1565 2461 Iesu
1585 2393 1715 2477 Christi,
1737 2394 1856 2462 nudato
1878 2394 1983 2478 capite
2011 2413 2081 2461 cum
2100 2394 2156 2462 ‹le-

613 2495 739 2565 vatione
760 2502 793 2565 ct
812 2498 987 2564 reveremia
1006 2514 1110 2580 genua
1135 2494 1280 2564 flectant:
1309 2498 1386 2583 qaia
1413 2495 1534 2581 Corpus
1560 2503 1594 2564 et
1624 2496 1814 2582 Sanguinem
1845 2515 1916 2564 cunr
1940 2497 2024 2565 omni
2050 2502 2157 2564 atten-

614 2600 701 2669 tione
720 2599 862 2668 alorcnt

719 2725 783 2788 Pro
803 2727 971 2788 reuerentia
994 2724 1136 2803 Corporis
1163 2725 1278 2786 cama
1322 2720 1517 2805 Frequenter
1536 2725 1723 2787 moueantur
1743 2718 1816 2786 laici
1838 2724 1872 2787 et
1886 2718 1983 2787 etiam
1997 2718 2095 2804 pueri,
2120 2723 2157 2785 ut

615 2823 802 2909 ubicumque
822 2823 959 2892 viderint
979 2830 1123 2893 sanctam
1146 2822 1267 2908 Corpus
1290 2823 1409 2890 Christi
1438 2822 1561 2905 deferri
1588 2823 1698 2890 statim
1725 2840 1828 2906 genua
1849 2821 1980 2889 flectant
1997 2829 2157 2905 umquam

615 2927 749 2995 Domino
771 2932 805 2994 et
826 2925 970 2994 Creatori
988 2945 1055 3009 suo,
1078 2932 1111 2993 et
1132 2927 1247 2994 iunctis
1268 2926 1414 2994 manibus
1435 2944 1597 3011 quousque
1615 2925 1777 2992 transierit
1798 2932 1899 2992 orent

586 3115 591 3126 ,
720 3050 765 3113 De
782 3049 965 3111 αιεοιιιιὶωιε
985 3052 1177 3124 ἐκβηιοηυιι
1221 3046 1358 3130 Dignum
1380 3046 1504 3114 videtur
1524 3052 1557 3114 et
1572 3045 1729 3128 decorum,
1752 3046 1933 3131 utquisque
1950 3045 2096 3114 succinos
2110 3047 2158 3113 ia·

616 3149 741 3217 firmum
759 3150 793 3215 in
813 3150 962 3216 macaris
982 3149 1178 3216 laborantem
1199 3148 1343 3216 absolvat
1363 3148 1405 3216 ab
1423 3148 1566 3216 omnibus
1586 3167 1607 3216 a
1627 3148 1741 3233 quibus
1768 3167 1840 3216 curn
1861 3148 2021 3216 absolvere
2042 3154 2158 3233 potest

720 3255 766 3318 De
793 3258 1002 3318 ecdmiacticic
1032 3255 1238 3318 Sacraoneatic
1267 3255 1464 3316 clamanda
1507 3251 1629 3338 Singuli
1656 3251 1834 3319 sacerdotes
1863 3251 2003 3335 singulos
2023 3251 2160 3320 habeant

617 3354 729 3422 calices
750 3354 919 3440 inquibus
941 3355 1207 3422 communicentur
1228 3353 1359 3435 infirmi,
1381 3354 1435 3438 qui
1457 3352 1562 3422 decori
1583 3354 1649 3421 siut
1669 3360 1703 3420 et
1723 3353 1841 3437 mundi,
1863 3355 1947 3420 utin
1961 3355 2007 3420 eis
2021 3354 2160 3421 intirmo-

617 3477 688 3525 rum
709 3457 833 3526 devotio
853 3458 1022 3540 excitatum
1045 3463 1078 3526 ct
1098 3458 1156 3526 bos
1177 3457 1293 3525 habere
1314 3462 1482 3524 teneantur
1502 3457 1617 3542 singuli
1638 3456 1764 3541 plebani
1785 3463 1819 3524 et
1838 3462 1977 3524 rectores
1998 3456 2161 3541 parocbia·

578 3613 584 3626 .
618 3560 698 3629 lium
718 3560 920 3629 ecclesiarum
939 3580 1039 3645 usque
1058 3561 1099 3628 ad
1120 3561 1235 3629 festam
1260 3561 1510 3630 Resurrectionis
1539 3560 1665 3627 Domini
1687 3559 1730 3627 ad
1757 3559 1876 3641 minas;
1904 3566 1938 3626 et
1964 3561 1992 3626 si
2019 3559 2076 3626 bos
2097 3579 2161 3628 non

617 3663 741 3748 possint
760 3662 876 3743 babere
897 3664 936 3732 oe
957 3672 1097 3748 urgento,
1119 3664 1256 3733 habeant
1277 3665 1432 3748 decupro
1452 3663 1708 3743 veientanum
1738 3667 1771 3730 et
1799 3663 1853 3746 qui
1879 3681 1942 3729 non
1963 3661 2109 3730 babuerit
2127 3664 2161 3730 in

618 3766 704 3834 (licto
725 3768 868 3850 termino,
890 3768 933 3834 sit
954 3785 1123 3852 suspensus
1144 3786 1305 3853 quousque
1326 3767 1480 3834 babuerit
1508 3765 1575 3833 Nec
1589 3767 1775 3849 permittant
1787 3766 1935 3833 ffiaconos
1949 3765 2070 3835 deterre
2085 3765 2161 3833 Gor·

619 3887 679 3955 pas
698 3876 841 3936 sanctum
864 3869 999 3952 Domini,
1021 3871 1083 3936 aiei
1103 3870 1137 3936 iu
1159 3872 1356 3953 necessitate,
1378 3889 1476 3960 quam
1496 3869 1642 3936 sacerdos
1664 3868 1760 3936 luerit
1776 3868 1901 3937 absens.
1947 3867 2025 3937 Cum
2047 3889 2162 3955 magna

619 3973 795 4040 reverentia
813 3990 935 4057 semper
956 3980 990 4038 et
1010 3973 1195 4040 maturitate
1215 3973 1294 4039 illud
1315 3972 1510 4040 celerantia
1532 3971 1646 4058 pyxide
1667 3971 1789 4055 idonea,
1811 3972 1891 4041 benc
1913 3974 2020 4041 clausa
2032 3992 2162 4059 propter

620 4093 737 4142 casum
781 4075 818 4141 ln
839 4075 940 4142 eundo
962 4075 1002 4141 al
1024 4076 1181 4142 infirmum
1199 4083 1233 4143 et
1252 4076 1421 4160 meando,
1443 4076 1470 4143 si
1490 4083 1578 4144 certa
1598 4074 1696 4142 inerit
1716 4076 1777 4159 via,
1799 4077 1937 4160 psalmos
1963 4077 2050 4145 dicat
2075 4077 2163 4162 peni·

620 4177 767 4245 tentiales
789 4184 822 4244 et
842 4178 995 4246 litaniam.
1033 4180 1039 4190 “
1535 4180 1537 4183 ’

724 4302 770 4363 De
795 4302 924 4379 coruom
950 4303 1067 4365 carali
1111 4298 1145 4366 Si
1167 4299 1241 4383 quid
1264 4299 1297 4366 ia
1319 4318 1373 4368 ore
1392 4300 1506 4367 infirmi
1527 4299 1567 4367 ue
1590 4297 1729 4383 Corpore
1755 4297 1874 4366 Christi
1904 4300 2089 4367 remanserit
2113 4299 2163 4368 vel

621 4400 694 4467 iaie
714 4400 835 4482 exierit,
858 4401 907 4468 vel
927 4401 966 4468 ab
987 4420 1025 4469 eo
1047 4402 1143 4486 recipi
1165 4421 1227 4468 nou
1249 4404 1349 4487 possit
1370 4404 1508 4486 aliquam
1526 4402 1658 4469 lamnam
1680 4400 1808 4484 babens,
1837 4401 1878 4469 ab
1908 4404 1975 4486 ipso
2002 4403 2162 4471 sacerdote

621 4503 715 4570 clcbct
736 4504 817 4570 sumi
840 4505 1069 4586 conuenienter,
1093 4504 1141 4571 vel
1163 4506 1365 4572 commixtum
1388 4508 1420 4572 ia
1443 4507 1539 4573 calice
1560 4525 1631 4574 cam
1651 4505 1772 4571 modico
1797 4505 1880 4586 vino,
1911 4507 2005 4573 alicui
2035 4505 2163 4574 habenti

621 4605 734 4674 bonam
756 4607 978 4673 conscientiam
999 4608 1068 4673 clari
1094 4607 1197 4675 debet
1241 4607 1275 4674 Si
1301 4615 1407 4675 autem
1434 4609 1576 4675 infirmus
1602 4609 1680 4675 arluc
1707 4607 1802 4675 luerit
1830 4614 1965 4690 artatas,
1993 4610 2076 4694 quocl
2105 4610 2163 4677 sub

622 4706 856 4793 magnatorum
878 4709 1000 4793 Corpus
1021 4711 1147 4777 Domini
1166 4712 1303 4794 recipcre
1318 4730 1379 4778 aon
1401 4713 1510 4796 possit,
1532 4711 1590 4778 sub
1612 4712 1742 4778 minima
1763 4710 1865 4777 forma
1883 4712 2054 4796 scindatur,
2076 4720 2110 4780 et
2131 4715 2164 4781 ia

623 4813 718 4879 calice
739 4813 940 4879 commixtum
960 4832 1031 4879 cum
1053 4815 1174 4880 mollica
1195 4816 1268 4880 vino
1290 4814 1322 4880 in
1344 4833 1398 4881 ora
1420 4816 1534 4882 infirmi
1550 4814 1736 4882 instilletur:
1756 4820 1790 4880 ct
1803 4815 1938 4881 marimo
1952 4816 1980 4881 si
1993 4816 2061 4883 siae
2074 4834 2163 4885 scaa-

623 4914 696 4983 caio
717 4915 813 4982 aliter·
831 4917 897 4982 ticri
920 4935 981 4983 uon
1004 4918 1118 5000 possit:
1142 4937 1181 4985 ac
1202 4919 1345 4984 infirmus
1366 4919 1434 4986 sinc
1456 4919 1580 4986 Viulico
1602 4918 1746 4985 vicinatur
1766 4916 1862 4985 obire.

727 5041 771 5103 Dc
791 5043 987 5104 auaonmaio.
1031 5039 1079 5105 Dc
1100 5039 1302 5106 Smranrcata
1324 5041 1458 5122 coniugii
1481 5046 1530 5106 cst
1550 5038 1721 5118 sciendum,
1751 5037 1834 5121 qual
1860 5040 1961 5106 omisis
1987 5039 2165 5108 voluntaria

514 5143 518 5151 ’
623 5139 752 5206 seminis
770 5140 896 5206 cariseio
918 5147 968 5207 cst
993 5143 1126 5210 mortale
1152 5151 1326 5226 paccatum,
1357 5144 1417 5209 crisi
1445 5163 1501 5227 quar
1529 5143 1702 5225 legitimum
1730 5141 1963 5207 curatrimouium
1989 5147 2163 5211 excusetur.

625 5242 687 5309 Sal
708 5243 940 5311 matrimonium
964 5244 1047 5312 inter
1068 5266 1184 5313 aarum
1205 5253 1239 5311 et
1261 5247 1406 5313 lucinianus
1429 5246 1507 5314 facit
1527 5244 1648 5313 licitum
1670 5245 1796 5325 mitum,
1828 5245 1856 5309 si
1882 5251 1989 5311 tamon
2014 5245 2107 5313 nroclo
2126 5246 2165 5313 li·

625 5348 689 5426 cito
710 5348 911 5418 misccuutur.
