4860 6180
1587 502 1662 591 Νι.
1693 498 1794 590 316.

1034 694 1192 781 hamul
1220 701 1256 781 et
1282 696 1472 782 Bolealaus
1499 699 1633 786 iratum
1660 699 1800 786 uteriui
1828 702 1937 783 duces
1963 696 2113 782 Polonie
2139 700 2273 778 1253
2299 717 2329 780 s
2355 697 2409 798 d,

929 816 1114 918 colloquio
1140 817 1183 899 iu
1208 816 1454 921 Pogorolicim
1472 840 1661 923 permittunt
1678 836 1826 906 canonio
1847 835 1888 903 ue
1907 835 2033 904 oroma
2055 837 2215 902 eruerem
2243 832 2383 902 nnuma
2406 837 2420 920 ‚-

928 935 1123 1006 Tbeutouioo
1144 937 1258 1018 locare,
1281 938 1462 1024 incolasque
1483 942 1622 1026 ciusdem
1644 940 1855 1026 compluribus
1876 938 2077 1006 libertatibus
2096 938 2254 1006 muniunt

1034 1041 1170 1109 Poznar's
1214 1044 1337 1121 Kdraipl.
1360 1047 1466 1108 Stautr
1487 1051 1577 1114 Areia
1628 1048 1751 1128 Oiclei,
1773 1051 1852 1110 Actu
1866 1047 1922 1122 sol.
1945 1045 1998 1110 te.

1032 1243 1070 1312 in
1091 1246 1218 1314 nomine
1239 1250 1350 1313 sancte
1368 1254 1402 1318 et
1423 1248 1580 1319 individue
1600 1249 1766 1318 Trinitatis
1786 1267 1888 1317 amen.
1921 1246 2075 1328 Quoniam
2087 1245 2218 1330 dignum
2233 1249 2283 1312 est
2303 1250 2337 1313 et
2357 1245 2424 1312 raci

931 1354 1185 1430 consentaneum,
1218 1355 1256 1415 ut
1283 1353 1412 1436 eosqui
1438 1371 1473 1420 se
1496 1354 1610 1421 divinis
1627 1355 1885 1438 mancipaverunt
1918 1349 2076 1433 omeqrriis
2108 1367 2217 1416 eorum
2247 1348 2427 1434 promocion

817 1482 820 1489 ·
929 1468 1053 1536 semper
1084 1450 1300 1519 intendamus:
1333 1460 1453 1537 quanto
1481 1458 1581 1542 magis
1606 1457 1665 1538 his,
1693 1456 1748 1539 qui
1770 1471 1804 1520 se
1832 1458 1941 1520 nostro
1969 1451 2100 1520 consilio
2121 1458 2155 1519 et
2176 1451 2295 1518 auxilio
2316 1450 2428 1534 gaud

927 1549 1094 1620 confoveri.
1138 1551 1187 1621 Ne
1208 1552 1306 1638 igitur
1328 1555 1412 1639 quod
1436 1558 1541 1641 agitur
1566 1559 1600 1624 in
1622 1563 1762 1642 tempore
1791 1574 1862 1623 cum
1893 1554 2088 1622 revolutione
2110 1556 2262 1638 temporis
2284 1573 2305 1621 a
2325 1571 2428 1621 memo

926 1661 1102 1738 evmescat,
1132 1656 1257 1740 apicum
1284 1657 1517 1728 characteribus
1546 1667 1744 1729 connotatur.
1789 1656 2046 1739 Quamobrem
2073 1657 2273 1741 presentibus
2295 1661 2329 1722 et
2361 1656 2410 1723 tut

926 1764 1104 1842 presentem
1122 1758 1270 1843 paginam
1291 1760 1481 1845 inspecturis
1503 1762 1691 1845 innotescat,
1713 1761 1797 1847 quod
1818 1779 1876 1827 nos
1895 1759 2029 1827 Premisl
2050 1765 2084 1826 et
2098 1759 2263 1826 Boleslaus
2277 1758 2393 1826 iratres

925 1860 988 1927 riui
1009 1860 1068 1929 Dei
1089 1861 1196 1946 gracia
1216 1861 1311 1929 duces
1340 1863 1479 1946 Palania,
1505 1866 1676 1932 salubriter
1701 1865 1875 1949 cogitantes
1902 1863 1942 1931 de
1964 1863 2067 1930 salute
2096 1862 2275 1930 animarum
2295 1880 2353 1928 nos
2392 1894 2395 1915 ι

926 1969 960 2031 et
977 1970 1142 2049 sperantes
1163 1965 1203 2032 de
1224 1965 1438 2034 misericordia
1463 1967 1522 2034 Dei
1556 1987 1613 2035 uos
1636 1968 1668 2034 in
1694 1966 1769 2034 celis
1799 1971 1918 2033 metere
1944 1965 2028 2048 quod
2055 1967 2088 2032 iu
2116 1967 2210 2032 terris
2241 1965 2428 2032 seminarem

926 2065 1053 2135 domine
1072 2066 1233 2135 abbatisse
1252 2075 1286 2135 et
1307 2069 1473 2136 conventui
1495 2070 1615 2137 cenobii
1636 2069 1676 2136 de
1697 2067 1820 2137 Olobois
1843 2067 2060 2135 cisterciensis
2081 2066 2210 2149 Ordinis
2232 2066 2273 2133 ob
2303 2066 2422 2133 mardi

925 2170 1106 2237 animuum
1125 2177 1306 2239 nostrarum
1320 2177 1354 2238 et
1374 2171 1628 2256 predecessorum
1649 2178 1683 2240 et
1703 2190 1920 2240 successorum
1940 2176 2119 2237 nostromam
2140 2168 2361 2238 confirmamus
2383 2169 2420 2234 lr·

925 2277 1026 2339 tatem
1047 2272 1081 2338 in
1106 2273 1235 2340 civitate
1260 2293 1322 2358 que
1347 2273 1468 2342 Lubnic
1489 2283 1629 2357 vocatur,
1653 2281 1691 2342 ut
1714 2273 1859 2342 videlicet
1887 2273 1971 2340 udus
1998 2273 2033 2340 ln
2058 2291 2107 2354 ea,
2132 2272 2260 2340 nomine
2286 2277 2395 2340 nostro

926 2374 1026 2442 eciaru
1047 2374 1180 2442 alicuius
1192 2376 1319 2443 nomine
1341 2377 1441 2443 nostri
1463 2379 1637 2461 castellani,
1658 2396 1715 2446 seu
1732 2377 1859 2444 nomine
1879 2375 2012 2442 alterius
2033 2375 2219 2459 cuiusquam
2234 2374 2413 2458 potestatis,

887 2472 892 2481 ’
925 2475 1089 2544 diciariam
1110 2476 1171 2544 sibi
1189 2484 1322 2562 usurpet
1343 2470 1575 2564 auctoritatem,
1597 2488 1654 2548 aut
1672 2480 1874 2548 homicidium
1896 2480 1963 2546 sive
1982 2477 2122 2561 aliquam
2143 2478 2240 2544 aliam
2259 2477 2318 2543 sibi
2332 2475 2426 2543 vendi

925 2578 1116 2647 solucionem
1137 2585 1195 2646 aut
1216 2581 1426 2664 exactionem
1448 2584 1503 2650 sed
1525 2585 1559 2649 iu
1580 2584 1693 2650 borum
1714 2589 1747 2651 et
1768 2583 1903 2650 aliorum
1928 2581 2044 2647 iurium
2073 2579 2278 2664 percepcione
2303 2577 2423 2646 010·-

925 2680 969 2748 sis
991 2681 1124 2750 ecclesia
1145 2683 1239 2767 plena
1255 2684 1392 2768 gaudeat
1413 2687 1609 2770 possessione
1631 2686 1799 2767 libertatis,
1820 2686 1897 2768 quia
1918 2684 2036 2751 donum
2056 2682 2124 2750 Deo
2153 2681 2305 2750 collatum
2330 2700 2394 2748 non

927 2789 979 2851 cet
998 2783 1120 2870 legibus
1140 2785 1316 2870 principum
1338 2786 1509 2855 subiacere
1555 2788 1761 2858 concedimus
1782 2789 1882 2855 ιιιιιιιι
1905 2786 1946 2854 ob
1966 2785 2133 2871 specialem
2153 2786 2365 2852 reverenciam
2391 2813 2430 2841 ν·ἶ

924 2884 969 2952 bii
989 2887 1030 2954 de
1051 2886 1176 2955 Olobolr
1194 2888 1319 2956 domiue
1341 2889 1501 2957 abbatisse
1519 2896 1553 2958 et
1573 2892 1607 2957 in
1630 2909 1669 2957 ea
1693 2888 1837 2956 omnibns
1863 2891 1930 2957 suis
1958 2886 2199 2969 successoribus,
2224 2892 2264 2953 ut
2288 2888 2322 2953 in
2347 2886 2408 2956 civi

923 2989 1066 3073 predicta
1086 2989 1219 3058 advocet
1235 2995 1270 3058 et
1283 2990 1367 3058 locet
1386 2991 1573 3060 Teutonicos
1595 2993 1766 3060 secundum
1786 2990 1920 3059 formam
1942 2990 2023 3058 Nori
2038 2989 2099 3058 fori
2120 2990 2154 3056 in
2178 2996 2266 3078 tarra
2280 2987 2409 3070 suasim

923 3096 980 3158 cut
999 3110 1053 3159 eos
1074 3092 1274 3160 advocaverit
1292 3098 1326 3160 et
1341 3092 1496 3162 ⁴loeaverit
1516 3095 1556 3163 de
1577 3096 1776 3163 concessione
1796 3101 1916 3176 nostra,
1938 3094 1988 3161 ius
2012 3099 2047 3161 et
2072 3091 2211 3160 mamm
2239 3092 2273 3158 in
2300 3093 2347 3158 eis
2373 3109 2415 3175 pe

922 3194 992 3279 piat
1011 3195 1183 3264 secundnm
1203 3197 1271 3263 eius
1292 3195 1502 3264 industriam.'
1536 3197 1584 3265 De
1606 3197 1911 3282 expedicionem,
1933 3214 2005 3263 cum
2026 3200 2118 3263 extra
2138 3200 2257 3262 terram
2279 3199 2363 3276 sunt,
2386 3193 2429 3260 ba

923 3301 1045 3366 tutores
1066 3298 1206 3383 predicte
1227 3298 1365 3366 civitatis
1386 3299 1502 3366 liberos
1529 3317 1597 3366 esse
1628 3299 1840 3381 concedimus3
1863 3298 1897 3364 in
1922 3296 2103 3366 defensione
2123 3303 2231 3364 autem
2256 3301 2341 3362 terre
2365 3295 2430 3363 ad>

923 3403 1081 3482 tenentur,
1103 3405 1142 3466 ut
1162 3419 1200 3468 eo
1221 3402 1356 3469 mucius
1382 3403 1506 3470 hostilis
1532 3403 1670 3469 incursio
1699 3403 1899 3487 reprimatru.
1943 3391 2103 3468 Noveritis
2129 3419 2215 3481 vero,
2243 3398 2422 3483 quoddam

922 3501 1084 3569 abbatissa
1105 3504 1231 3588 proprie
1249 3504 1422 3572 voluntatis
1443 3505 1575 3571 arbitrio
1597 3510 1630 3570 et
1651 3523 1710 3571 usa
1730 3522 1858 3583 snorum
1879 3504 2020 3585 consilio,
2041 3503 2215 3588 predictam
2237 3500 2397 3568 civitatem
2429 3534 2430 3553 ι

922 3609 1014 3670 nesto
1041 3605 1109 3671 viro
1137 3604 1283 3673 Conrado
1304 3608 1433 3690 suisque
1463 3607 1598 3691 posteris
1623 3606 1793 3673 seeundum
1822 3607 1996 3691 predictam
2021 3605 2201 3674 libertatem
2228 3605 2297 3670 iure
2322 3621 2430 3688 perpe

923 3723 962 3773 ac
982 3704 1177 3775 Tbeutonico
1199 3709 1334 3775 contulit
1348 3709 1574 3790 collocandum,
1593 3707 1695 3775 eidem
1716 3727 1771 3776 sex
1792 3710 1884 3776 aunis
1905 3708 2085 3776 libertatem
2105 3705 2282 3787 conferens,
2308 3710 2347 3771 ut
2366 3705 2430 3781 ela

921 3808 1080 3892 libertate,
1104 3811 1153 3878 ius
1172 3818 1206 3880 et
1227 3810 1374 3893 fructum,
1398 3813 1530 3879 tercium
1551 3811 1715 3879 denarium
1740 3815 1786 3879 et'
1803 3817 1925 3878 sermm
1945 3810 2099 3879 dammam
2125 3812 2159 3876 in
2184 3808 2327 3895 predicta
2347 3808 2408 3875 civi

922 3913 1107 3997 percipiens,
1130 3921 1303 3982 memorate
1324 3914 1484 3982 abbatisse
1505 3915 1633 3981 studeat
1654 3915 1809 3982 exhibere.
1840 3914 1887 3982 Ut
1900 3921 2008 3982 autem
2019 3914 2202 3982 donacionis
2225 3919 2332 3979 nostre
2352 3918 2386 3979 et
2426 3940 2430 3968 ι

920 4014 1112 4084 ἥιιιιιιίοιιίι
1130 4018 1220 4101 vigor
1240 4023 1307 4084 tam
1329 4017 1528 4100 presentibus
1549 4036 1646 4101 quam
1668 4017 1784 4084 futuris
1805 4018 1992 4101 innotescat,
2015 4023 2192 4103 presentem
2218 4016 2360 4082 litteram
2388 4015 2430 4090 ¹⁹:

922 4116 1025 4186 lorum
1044 4125 1223 4187 nostrorum
1243 4120 1500 4203 impressionibus
1522 4122 1701 4188 curavimus
1719 4121 1842 4187 munire
1868 4139 1939 4188 cum
1966 4122 2165 4205 appensione
2208 4121 2294 4186 Acta
2319 4122 2396 4184 sunt
2424 4148 2426 4171 1

921 4224 986 4287 tem
1008 4221 1067 4290 hec
1092 4222 1201 4290 habito
1230 4223 1385 4306 colloquio
1415 4225 1447 4289 iu
1475 4222 1673 4306 Pogorolicia
1699 4240 1782 4289 anno
1810 4222 1916 4306 gracie
1941 4220 2140 4304 licem,
2169 4219 2369 4306 presentibus
2408 4247 2410 4256 ·

921 4321 1091 4392 nobilibus:
1114 4326 1230 4392 comita
1250 4325 1440 4404 Domorada
1461 4324 1588 4391 domino
1610 4323 1695 4392 isaia
1709 4324 1904 4406 cancellario,
1926 4326 2041 4392 comite
2054 4324 2216 4408 Pacoslao,
2236 4324 2351 4391 comite
2381 4331 2389 4378 t
2405 4351 2430 4397 ·;

920 4423 984 4493 ialo
1006 4426 1235 4495 subcamerario
1257 4433 1291 4494 et
1313 4427 1458 4495 Conrado
1480 4428 1613 4495 notario.

1023 4646 1157 4730 orobos,
1187 4652 1305 4716 Oiobolr.
1350 4647 1481 4731 Lubnic,
1511 4652 1649 4718 bubulce.
1695 4649 1820 4719 Novum
1849 4649 1962 4734 forum,
1992 4653 2168 4734 dmm,
2193 4654 2274 4732 cayti
2302 4633 2403 4717 §roda

921 4753 1061 4840 sumta.
1106 4750 1311 4836 Pogorollcla,
1331 4757 1536 4833 Poporzeltca.
