4860 6180
434 433 509 512 530

432 653 488 704 ras
509 635 601 703 herus
622 634 758 703 contulit
778 636 907 704 ecclesie
931 634 1148 715 Poznanicnsi,
1175 634 1367 702 Ostrovccno
1394 633 1567 716 vulgarium
1592 637 1782 715 nuncupato,
1810 632 1845 697 ln
1870 632 1982 698 nostra
2117 717 2121 724 Ι

434 743 677 822 ncsmummquc
697 738 850 807 baronum
871 739 1032 825 presencie
1051 737 1176 822 questio
1197 743 1382 818 verteretur,
1405 735 1532 804 tandem
1552 734 1794 818 allegationibus
1809 734 1982 807 etunivcr·

433 841 479 910 sis
499 840 702 908 munimentis
723 841 888 926 utrimque
908 843 1026 928 auditis
1047 846 1081 908 ct
1102 840 1225 925 plenius
1247 841 1427 921 intellectis,
1449 856 1553 906 comcs
1574 837 1783 905 Gncvmnirus
1810 836 1904 903 iulus
1921 835 1982 902 Po·

433 943 610 1012 ananiensis
628 943 662 1010 in
681 949 792 1012 nostra
812 945 1003 1011 constitutus
1025 943 1197 1028 presencia,
1220 947 1331 1010 contro
1349 943 1412 1009 iam
1432 943 1552 1010 (lictum
1574 939 1740 1008 Nicolaum
1759 939 1836 1006 tulit
1856 943 1982 1005 senten·

433 1045 516 1115 ciam
533 1043 737 1129 definitivam,
759 1066 854 1132 super
874 1047 935 1114 hoc
955 1052 1141 1132 perpetuum
1169 1046 1269 1112 sillem
1296 1044 1459 1111 silencium
1486 1043 1683 1126 imponendo,
1714 1041 1837 1127 prelato
1854 1040 1983 1107 dominc

434 1147 566 1217 lobnnni
588 1149 733 1234 episcopo
754 1151 960 1217 Poznanicnsi
980 1149 1107 1216 nomine
1128 1148 1258 1215 enclesis
1278 1165 1335 1214 sue
1349 1146 1556 1215 hereditatem
1570 1145 1689 1213 dictam
1703 1144 1896 1211 Ostmvecnc
1910 1161 1982 1227 pcr-

434 1255 532 1336 petno
553 1250 770 1319 adiudicandc.
815 1251 864 1319 Ne
884 1257 990 1320 anum
1012 1270 1108 1335 super
1128 1247 1342 1317 huiuscemodi
1363 1247 1447 1314 fecto
1468 1247 1576 1331 aliqm
1600 1246 1792 1330 ambiguitas
1821 1250 1928 1329 possut
1948 1245 1983 1312 in

434 1357 597 1438 posteram
625 1353 750 1434 menri,
781 1360 958 1438 presentem
984 1354 1131 1438 pagiuam
1158 1351 1259 1419 nostri
1288 1349 1384 1433 sigilli
1405 1349 1575 1416 munimine
1596 1348 1743 1415 duximus
1764 1346 1983 1416 mborandam

438 1454 557 1523 Actium
577 1454 611 1521 in
632 1454 792 1522 Poanenic
812 1455 948 1522 mundo
967 1455 1043 1523 Idas
1064 1454 1220 1534 Octobris,
1242 1470 1325 1519 anna
1347 1450 1474 1518 Domini
1490 1449 1786 1532 uccnxxxul,
1808 1450 1983 1518 Indicticnc

315 1610 319 1618 .
436 1561 555 1640 quarte
573 1555 704 1638 (lmine,
726 1557 938 1641 presentibus:
960 1558 1075 1625 comite
1096 1558 1250 1625 Petrcoae
1270 1554 1442 1623 castellano
1470 1553 1685 1636 Pomaniensi,
1715 1555 1830 1622 comite
1858 1554 1983 1623 Gneus·

437 1657 520 1726 mira
545 1655 648 1726 iudice
677 1657 893 1738 Pcznsniensi.
919 1665 953 1728 et
977 1659 1145 1728 Vincentia
1173 1656 1343 1743 preposito,
1374 1655 1527 1740 Gregorio
1555 1655 1675 1724 decano
1705 1657 1982 1740 Pcansniensibns,

435 1758 617 1845 Diraicrago
639 1759 811 1828 castellane
831 1759 872 1829 de
892 1761 1046 1845 Snnthck,
1068 1761 1200 1830 Alberto
1221 1761 1411 1830 lacturnuica
1433 1766 1468 1828 et
1487 1759 1667 1845 aliisquem
1682 1760 1836 1845 plurimis.
1863 1760 1983 1830 Datum

335 1950 339 1958 .
381 1950 388 1957 η
429 1879 494 1955 ‚per
512 1871 626 1931 manus
646 1859 752 1930 lecobi
772 1861 936 1948 scriptoris
955 1863 1041 1933 carie
1061 1868 1178 1932 nosue

541 2065 745 2151 Ostroroem,
774 2071 998 2138 ormena.
1040 2066 1194 2153 seruos
1215 2071 1341 2137 Samot

1105 2367 1180 2455 Nr.
1215 2358 1316 2454 570.

442 2555 450 2572 '
540 2561 698 2646 Prembl
723 2562 906 2646 emundas
933 2562 1011 2646 lnx
1036 2562 1186 2646 Poloale
1212 2566 1249 2646 et
1276 2561 1447 2646 Graccum
1473 2561 1825 2665 128610r.1e,
1855 2561 1984 2668 Pyron

436 2681 560 2754 caniert
580 2681 731 2751 mnibus
752 2683 886 2751 militiae
906 2683 1026 2768 Templi
1048 2683 1208 2752 desertum
1226 2684 1310 2752 maan
1330 2684 1434 2752 mum
1454 2682 1590 2750 Drawslr
1611 2683 1718 2750 sitnm

542 2789 708 2853 mustus
727 2788 767 2851 Χ.
782 2788 821 2851 Χ.
848 2789 1087 2868 emtorysticu
1120 2789 1193 2853 Telct
1209 2790 1447 2853 Ncrauzeniczc
1477 2789 1521 2863 (Z
1534 2790 1721 2866 peromnem
1738 2790 1874 2867 eructu„
1895 2783 1985 2867 letam

435 2895 480 2977 rie
500 2893 676 2970 majone
696 2910 724 2953 cc
743 2892 885 2955 arcbiwte
902 2889 991 2954 krdlc
1013 2892 1201 2955 Stantctana
1221 2887 1383 2973 ducente)
1398 2921 1442 2940 -
1461 2892 1493 2956 Ι.
1520 2891 1586 2954 Cbr.
1610 2891 1793 2969 Beclrmann,
1813 2889 1983 2954 Beeclureib.

438 2995 472 3059 tl·
491 2995 649 3059 ritterltclt
671 2995 997 3068 Intervalla-Orda
1019 2995 1160 3073 Micca.
1197 2994 1413 3073 (Darasampt
1428 2995 1656 3073 punierdzonp
1674 3009 1787 3070 przez:
1805 2988 1985 3058 Kaaimirns

353 3134 358 3145 ·
436 3111 493 3164 rex
513 3092 643 3164 Polonie
663 3099 724 3164 etc
747 3093 833 3163 1368
854 3092 935 3162 Nor.
956 3092 1009 3177 30,
1030 3092 1209 3179 Pomanie).

541 3299 580 3368 ln
597 3299 723 3368 ncmlne
744 3298 871 3367 Domini
888 3316 991 3367 amen
1035 3299 1188 3380 Quoniam
1209 3316 1249 3366 es
1269 3316 1331 3383 que
1352 3303 1491 3384 aguntur
1503 3298 1537 3364 in
1552 3290 1705 3383 tempore,
1728 3297 1821 3365 sitnm
1834 3296 1986 3366 bbuntar

315 3372 325 3386 ’
438 3421 511 3473 cnm
537 3408 680 3487 tmpore
704 3400 956 3468 assuetarum
984 3419 1040 3468 seu
1066 3401 1197 3468 testium
1224 3401 1396 3470 munimine
1420 3399 1539 3469 inerint
1568 3400 1774 3486 perhennem,
1803 3418 1863 3468 ncs
1887 3401 1987 3484 igitar

438 3503 573 3574 Promisi
591 3503 756 3585 mundns,
777 3501 838 3569 Dei
858 3503 964 3587 gracia
984 3502 1048 3570 dax
1069 3502 1198 3571 Polonie
1219 3509 1254 3571 et
1276 3502 1437 3587 Graeceio,
1458 3508 1570 3571 notam
1590 3501 1724 3570 mamus
1744 3507 1811 3570 um
1832 3502 1986 3587 presenti·

350 3636 354 3644 ·
441 3605 502 3675 bns
521 3624 617 3691 qnam
638 3604 754 3673 laturis
774 3622 905 3689 presens
924 3605 1077 3689 scriptam
1098 3605 1296 3688 inspecturis,
1323 3605 1409 3688 qaod
1431 3604 1593 3688 religiosos
1619 3605 1703 3672 viras
1729 3602 1846 3671 naues
1868 3603 1987 3673 milicie

437 3707 559 3793 Templi
580 3705 823 3775 lerosolimitani
843 3724 901 3791 pro
921 3705 1072 3790 religione
1097 3711 1132 3773 et
1159 3705 1399 3775 honorificentie
1419 3725 1478 3773 sue
1501 3712 1592 3774 tento
1619 3706 1805 3791 propensius
1831 3705 1899 3772 zelo
1928 3724 1986 3774 nos

441 3809 694 3880 Christianitatis
714 3807 806 3877 decet
826 3808 965 3893 diligere,
987 3825 1051 3891 quc
1069 3807 1214 3891 specialis
1235 3807 1412 3876 dilectionis
1425 3807 1578 3876 terrorem
1591 3825 1687 3893 super
1700 3808 1864 3876 orientalis
1878 3807 1987 3876 Eccle-

439 3911 488 3980 sia
508 3909 611 3979 tutela
630 3909 779 3977 exhibent
799 3907 965 3977 efficecem.
1010 3908 1106 3976 Ducti
1124 3909 1223 3993 igitar
1242 3910 1448 3994 inspiratione
1461 3909 1576 3991 divina
1598 3909 1729 3993 eiusque
1742 3909 1987 3977 benivolenciam

440 4016 571 4097 ceptam
596 4011 757 4095 cupientes
778 4029 799 4077 a
818 4029 881 4094 quo
904 4029 996 4078 omne
1016 4010 1125 4077 datam
1146 4012 1324 4095 cptincmns
1345 4018 1380 4079 et
1406 4030 1499 4080 omne
1522 4010 1695 4078 dominium
1724 4010 1924 4094 perimimur,
1952 4010 1986 4077 in

440 4111 616 4182 subsidium
637 4111 733 4179 Terre
753 4118 862 4180 sancte
882 4131 978 4195 qnam
998 4130 1056 4180 suc
1076 4112 1229 4180 Dominus
1250 4114 1403 4197 sangnine
1428 4113 1632 4194 consecravit,
1664 4112 1706 4179 ab
1730 4111 1903 4179 remedium
1931 4130 1988 4196 pc·

312 4301 315 4307 ¹
438 4219 564 4284 rentum
585 4217 764 4281 nostrorum
786 4217 820 4280 et
840 4213 1016 4280 animarum
1038 4213 1207 4281 eomndem
1228 4234 1286 4281 nec
1307 4233 1370 4282 non
1401 4215 1527 4299 pruprie
1553 4214 1666 4281 salutis
1696 4215 1737 4282 ob
1765 4214 1986 4295 semactcnn,

437 4317 600 4385 seersum
632 4314 716 4383 drea
740 4313 869 4381 fluvium
893 4314 1009 4382 Drsus
1033 4315 1067 4381 in
1093 4320 1203 4383 nostm
1228 4315 1367 4383 dominic
1395 4316 1533 4384 existens
1561 4322 1596 4384 et
1622 4317 1705 4384 circs
1733 4317 1836 4384 lacum
1862 4315 1988 4383 nomine

438 4417 579 4500 Drerzt,
598 4435 638 4484 ex
658 4434 721 4499 quo
742 4414 855 4482 flamus
875 4416 992 4483 Drawa
1011 4418 1086 4498 exit,
1109 4417 1213 4485 lacum
1234 4417 1368 4484 eundem
1386 4417 1525 4499 Dramlr,
1546 4418 1658 4485 damus
1686 4423 1720 4486 et
1749 4419 1903 4486 andimus
1923 4417 1987 4486 lm·

440 4517 544 4588 tribus
564 4516 682 4586 milicie
702 4516 833 4599 Templi.
877 4516 922 4585 lit
941 4516 981 4583 cle
1002 4517 1074 4586 beu
1100 4519 1164 4586 um
1192 4518 1278 4586 (licto
1306 4518 1434 4586 Dravrk
1457 4521 1653 4587 ascendendo
1680 4521 1721 4587 ed
1742 4521 1846 4588 mum
1867 4522 1987 4589 (lictum

439 4619 574 4701 Zmdnn,
596 4618 636 4685 de
656 4618 728 4686 lacu
750 4617 873 4685 Zerdna
890 4636 989 4702 usque
1007 4618 1048 4687 cd
1070 4620 1153 4688 mam
1173 4638 1236 4705 que
1255 4618 1343 4688 ducit
1360 4619 1400 4688 de
1421 4619 1551 4688 usluto
1570 4622 1709 4688 Borwitz
1730 4623 1772 4689 ed
1793 4623 1988 4691 territorium

442 4720 529 4806 quod
549 4719 673 4804 Drsyen
695 4719 820 4800 dicitur,
843 4738 900 4803 per
920 4719 1051 4787 eandem
1071 4721 1157 4789 mam
1177 4721 1371 4807 procedendo
1392 4742 1495 4807 usqne
1522 4724 1563 4790 ed
1589 4725 1704 4791 vedum
1724 4723 1811 4791 fluvii
1833 4726 1888 4808 qui
1909 4726 1988 4794 ‹lici-

439 4827 494 4890 tnr
513 4821 641 4902 Pilaue,
663 4838 684 4886 a
704 4837 768 4903 quc
790 4819 869 4887 vado
891 4819 1104 4889 descendendo
1122 4842 1180 4907 per
1200 4824 1323 4891 alveum
1341 4823 1428 4891 fluvii
1442 4825 1581 4892 samem
1595 4826 1628 4892 in
1643 4825 1746 4892 lacum
1760 4826 1910 4911 Daugen,
1930 4847 1988 4914 per

439 4923 573 4991 cundem
594 4923 697 4990 baum
714 4921 853 5004 Dawgcn
874 4921 929 4988 abi
948 4923 1053 4990 (lictus
1073 4923 1186 4991 fluvius
1207 4925 1317 5007 citiuit,
1338 4926 1555 4995 ammonendo
1573 4947 1631 5012 per
1644 4928 1778 4994 eundem
1793 4928 1921 4997 liuuum
1935 4948 1988 4998 as·

440 5042 503 5108 qne
523 5024 566 5093 ed
586 5023 679 5090 Viam
700 5023 899 5105 marchionis,
918 5043 975 5107 per
992 5025 1123 5092 candem
1144 5027 1338 5094 ascendendo
1360 5030 1443 5095 viam
1465 5047 1564 5112 usqae
1585 5030 1627 5096 ed
1649 5035 1715 5097 tres
1736 5030 1865 5098 arboms
1883 5032 1988 5115 signa·

298 5166 302 5171 -
441 5131 492 5193 ns
514 5143 616 5207 errice,
638 5129 761 5191 stantes
776 5124 866 5192 iuxta
886 5125 989 5192 lacum
1009 5127 1065 5208 qui
1086 5128 1202 5195 dicitur
1224 5129 1355 5211 Labicis,
1385 5131 1426 5197 ab
1455 5131 1517 5197 biis
1545 5130 1710 5198 arboribus
1738 5131 1858 5200 ‹lirecte
1880 5150 1988 5216 pmce·

440 5225 543 5293 dendo
571 5244 670 5309 uisque
696 5225 736 5293 od
766 5232 894 5308 pontem
921 5226 974 5310 qui
1001 5227 1119 5295 dicitur
1148 5229 1435 5313 Bcrckeabmgcsce,
1468 5233 1510 5299 ab
1537 5232 1646 5299 collem
1675 5237 1772 5316 ponte
1792 5233 1988 5317 proccclenclo

442 5345 543 5412 usque
564 5327 605 5396 cd
626 5326 772 5413 paludem
793 5326 960 5410 Dzuccinc,
977 5346 998 5395 o
1018 5329 1132 5413 palude
1152 5332 1309 5400 Dzncaina
1332 5352 1432 5418 usquc
1460 5334 1501 5401 nul
1527 5335 1668 5419 quinque
1693 5334 1822 5404 arbores
1846 5336 1988 5422 signatos
