4860 6180
433 270 508 344 ete

433 472 563 552 Drcacn,
598 491 654 556 pur
679 473 776 557 ipsius
798 473 889 542 tidulc
916 476 1080 542 seruicitun
1102 480 1178 542 sunt
1202 476 1291 543 uobis
1313 475 1479 561 ncqtrisila,
1513 481 1547 540 et
1568 474 1601 540 iu
1623 474 1694 543 nli‘n
1720 494 1816 565 quam
1839 477 1979 559 plurimis

431 573 569 658 'negociis
591 574 753 643 fidelitatis
775 577 924 660 obsequia
944 578 1188 648 deururrstruuit:
1219 581 1529 665 quu1u·opteroidcur
1552 579 1692 663 predicto
1714 582 1831 660 muniti,
1856 584 1927 652 liliis
1947 598 1980 657 et

431 678 566 762 posteris
588 680 655 745 cius
677 680 884 747 lucrariitutcur
902 700 963 764 quae
985 702 1005 748 a
1027 685 1151 751 nominc
1173 684 1299 750 Menon
1321 684 1486 751 memorati
1509 683 1633 748 consitis
1655 685 1790 767 sumpsit
1808 684 1867 749 lure
1889 705 1978 757 voca.

431 778 550 862 bulum,
572 781 717 849 uidelicet
737 784 959 849 ltuczououicui
982 792 1016 850 ct
1037 786 1144 853 culcm
1168 786 1317 854 vocabulo
1332 806 1353 855 a
1366 787 1459 869 uulgo
1475 792 1684 869 nuncupatur,
1708 787 1775 852 iuro
1790 787 1978 860 itcuelitario

431 883 621 951 contulimus
652 894 802 970 perpetuo
833 869 1060 969 possidendam.
1105 889 1142 955 In
1170 909 1233 972 quta
1262 889 1439 955 lrcrcditatc
1468 889 1538 969 sibi,
1568 888 1676 953 liberis
1703 895 1736 954 ct
1757 889 1892 971 posteris
1914 891 1979 960 cius

431 985 573 1054 dedimus
595 987 803 1055 omnimodam
825 987 1013 1071 libertatem,
1036 1011 1056 1057 a
1078 993 1230 1059 citacione
1252 992 1372 1058 scilicet
1394 990 1561 1057 cuiuslibet
1582 992 1678 1057 castri
1695 997 1728 1057 et
1743 991 1916 1073 castellani,
1939 994 1979 1061 ab

433 1090 632 1158 edificacione
654 1092 760 1170 castri,
783 1109 803 1155 u
824 1090 979 1158 conductu
1001 1093 1091 1161 ducis
1112 1114 1205 1178 quom
1227 1112 1289 1160 uon
1310 1094 1438 1173 clueant,
1462 1093 1548 1158 trullo
1571 1093 1742 1159 camerario
1764 1093 1903 1158 citantur
1924 1095 1984 1163 nisi
2117 1115 2119 1118 ’

433 1194 550 1277 annulo
572 1194 671 1274 ducis,
693 1192 733 1259 ab
755 1194 966 1277 expedicione,
999 1216 1019 1262 a
1040 1217 1147 1281 poros,
1170 1219 1191 1265 a
1213 1205 1326 1279 strosa,
1346 1217 1367 1264 a
1388 1214 1493 1275 ueras,
1528 1214 1549 1280 a
1571 1196 1783 1278 septuaginta,
1805 1214 1826 1260 u
1847 1201 1983 1280 nestuuc,

432 1297 660 1381 npodrorovc,
684 1296 725 1363 ab
746 1297 847 1380 opole,
867 1316 887 1362 u
905 1297 984 1365 beve
1005 1306 1039 1365 ct
1059 1319 1156 1367 uaccu
1178 1300 1316 1380 emundi,
1339 1318 1360 1364 a
1381 1297 1531 1383 poradlnc
1553 1297 1638 1379 quod
1660 1296 1728 1380 ipse
1750 1301 1783 1363 et
1802 1299 1921 1380 posteri
1935 1301 1984 1366 sui

433 1417 529 1483 super
547 1400 688 1467 homines
707 1417 781 1466 suos
803 1398 836 1464 in
857 1399 988 1482 singulis
1010 1402 1222 1470 soluciouibus
1240 1403 1383 1486 accipiet.
1427 1401 1520 1466 Etsi
1542 1400 1605 1465 (luo
1627 1398 1768 1467 homines
1790 1401 1839 1465 sni
1855 1401 1984 1469 invicem

433 1521 468 1570 se
489 1502 670 1582 occiduunt,
692 1503 760 1586 ipse
782 1521 895 1585 penam
918 1504 1030 1586 capitis
1052 1506 1187 1589 accipiet
1208 1506 1243 1571 in
1264 1505 1391 1571 eisdem.
1413 1495 1484 1569 Nisi
1506 1502 1578 1569 duci
1597 1502 1657 1569 suli
1680 1501 1838 1569 obediant.
1862 1501 1906 1567 Et
1926 1500 1985 1570 hoc

433 1604 474 1672 ab
495 1605 580 1672 omui
600 1605 766 1672 exaccione
787 1611 821 1671 et
841 1606 1017 1687 vexacione,
1040 1626 1226 1691 quocunqne
1253 1607 1378 1673 nomine
1392 1611 1589 1686 censeantur,
1611 1605 1698 1688 ipsos
1718 1603 1848 1671 fecimus
1862 1604 1986 1687 penitus

433 1707 551 1775 liberas
572 1712 607 1774 et
627 1712 798 1790 exemptos.
844 1706 892 1774 Ut
912 1714 1019 1776 autern
1041 1708 1098 1777 hee
1119 1710 1252 1776 donacio
1273 1708 1370 1775 robur
1391 1709 1424 1774 in
1446 1712 1633 1792 perpetuam
1655 1707 1801 1775 obtineat
1814 1706 1986 1791 firmitatis,

434 1813 612 1893 presentem
634 1807 780 1891 paginam
809 1810 910 1876 nostri
932 1811 1027 1894 sigilli
1056 1813 1227 1878 munimine
1256 1810 1404 1877 iussimus
1429 1810 1581 1876 roborari.
1625 1811 1742 1876 Actum
1765 1815 1800 1876 et
1820 1809 1930 1876 datum
1954 1811 1987 1877 in

435 1911 594 1980 Poznania
612 1909 695 1977 infra
715 1917 841 1978 octavas
863 1910 1028 1981 beatorum
1047 1914 1262 1996 apostolorum
1283 1913 1373 1979 Petri
1393 1918 1428 1980 et
1448 1913 1550 1993 Pauli,
1571 1930 1655 1979 anuo
1677 1911 1804 1979 Domini
1820 1911 1987 1980 millesimo

435 2013 650 2083 ducentesimo
680 2013 937 2098 quinquagesimo
960 2017 1105 2097 secundo,
1136 2015 1336 2100 presentibus
1358 2015 1593 2083 honorabilibus
1621 2014 1698 2082 uiris
1716 2015 1772 2098 qui
1794 2021 1869 2081 sunt
1890 2022 1987 2083 testas

436 2116 530 2183 lunius
551 2116 746 2183 donacionis:
780 2116 950 2184 venerabili
983 2125 1074 2201 patre
1094 2118 1221 2185 domino
1253 2116 1406 2202 Bogutalo
1434 2117 1579 2201 episcopo
1611 2116 1833 2196 Poznaniensi,
1863 2116 1987 2183 Petrioo

437 2218 606 2303 preposito,
640 2217 736 2285 Petm
766 2216 885 2284 decano
915 2220 1054 2287 eiusdem
1081 2221 1221 2301 ecclesie,
1254 2219 1369 2287 comite
1400 2217 1553 2303 Boguinlo
1575 2218 1728 2302 palatine,
1760 2217 1903 2284 Iohanne
1922 2218 1987 2286 tilio

436 2318 602 2386 Albrachti
620 2319 763 2404 palatino
781 2320 963 2402 Kalislensi,
992 2321 1219 2407 Pusetpelkone
1239 2322 1411 2390 castellano
1431 2322 1650 2403 Poznaniensi,
1672 2321 1855 2406 Dirsicrayo
1876 2321 1988 2388 castel·

437 2421 511 2488 lano
533 2421 723 2504 Gnecnensi,
745 2421 954 2490 Arcambeldo
977 2424 1147 2492 metellum
1168 2424 1348 2507 Kelisieusi,
1369 2430 1403 2491 et
1419 2424 1491 2492 aliis
1512 2443 1607 2510 quarn
1629 2423 1773 2509 plurimis
1793 2421 1856 2490 fide
1876 2423 1987 2507 dignis.

542 2607 691 2697 ctmym,
715 2609 859 2698 Zbcrzpd
882 2608 1015 2694 Drczem
1038 2611 1150 2696 Drusi,
1168 2612 1496 2694 poeldensem.
1518 2611 1987 2695 monumentorum.

1264 2807 1268 2815 a

1102 2855 1177 2943 Nn.
1220 2854 1309 2944 306

542 3050 1137 3136 PrcmblduxPolnuic1252
1164 3075 1194 3138 s.
1220 3056 1271 3154 (1.,
1300 3055 1343 3138 iu
1369 3052 1547 3156 Sanbsh3
1589 3069 1756 3141 confirma
1789 3072 1990 3140 comensem

438 3171 533 3240 villae
553 3171 687 3254 Karoia,
709 3190 767 3256 per
788 3169 982 3239 Hemonam
1003 3169 1201 3240 muranum
1222 3174 1413 3242 monasmrlo
1433 3174 1575 3260 Psradyc
1595 3172 1721 3243 botana

544 3279 686 3356 Perpau.
719 3279 836 3357 crypta
870 3277 1000 3339 Bziurdr'
1021 3278 1063 3339 od
1077 3280 1317 3357 przpruieszcnie
1335 3275 1448 3356 jeder&
1464 3282 1611 3364 picczpci,
1643 3277 1733 3343 ktdrn
1752 3277 1862 3342 aroino
1883 3280 1991 3342 rocbo-

441 3399 550 3455 unna·
570 3389 715 3459 [promae
732 3387 814 3453 xvt.
1343 3451 1345 3456 ,
1635 3393 1641 3408 ·’

544 3480 1468 3564 romatnrursaezpounpumanrc-mcmaur,
1485 3482 1989 3575 conumeraremus.

426 3713 430 3722 .
543 3651 583 3721 In
605 3651 726 3721 Christi
751 3652 877 3721 numine
897 3669 999 3720 amen.
1045 3650 1132 3719 (lum
1147 3651 1191 3718 sit
1210 3651 1316 3719 labilis
1341 3651 1480 3719 hnmana
1500 3652 1662 3735 memoria,
1689 3670 1748 3721 nec
1767 3657 1903 3738 possunt
1923 3653 1992 3720 nni·

441 3775 534 3824 versa
554 3774 616 3841 que
648 3762 802 3841 geruntur
823 3756 856 3820 in
878 3774 916 3822 ea
937 3754 1070 3821 tirmiter
1103 3755 1232 3822 retineri
1251 3754 1312 3821 nisi
1334 3755 1463 3822 testim
1497 3754 1703 3828 mecledone
1735 3762 1792 3822 aut
1813 3755 1992 3822 litterarum

441 3859 651 3926 insermento
684 3858 802 3925 luerint
832 3856 991 3939 roborata,
1023 3856 1155 3940 ideoque
1177 3874 1235 3924 nos
1255 3856 1387 3923 Promisi
1418 3855 1479 3924 Dei
1500 3858 1607 3941 gracia
1636 3856 1701 3924 dux
1722 3855 1850 3926 Pnlnme
1883 3863 1992 3925 uotum

443 3980 512 4030 esse
532 3961 676 4029 volumus
698 3965 764 4028 tam
785 3958 984 4043 presentibus
1006 3977 1101 4043 quam
1123 3958 1238 4025 futuris
1259 3977 1389 4043 presens
1403 3959 1557 4044 scriptum
1570 3958 1770 4043 inspectoris,
1792 3960 1877 4044 quod
1892 3960 1993 4028 tidelis

443 4069 552 4132 noser
572 4062 750 4132 Hermanus
772 4061 964 4142 balbmnns,
987 4061 1122 4128 tideliter
1141 4063 1282 4145 cogitans
1302 4060 1342 4126 dc
1364 4061 1467 4128 salute
1487 4061 1591 4128 anime
1612 4079 1669 4129 sue
1690 4067 1724 4128 et
1735 4080 1866 4148 sperans
1880 4062 1921 4130 de
1934 4062 1993 4130 mi·

443 4167 614 4237 sericordia
634 4166 695 4233 Dei
717 4165 819 4249 ipsum
842 4165 875 4231 in
897 4165 973 4233 celis
994 4169 1112 4231 metere
1134 4162 1217 4247 quod
1232 4163 1404 4229 seminaret
1420 4163 1455 4228 iu
1470 4162 1574 4244 terris,
1592 4162 1634 4229 ob
1648 4164 1858 4232 mvercnciam
1873 4165 1993 4233 cenobii

444 4269 536 4339 bectc
556 4270 687 4354 virginis
707 4268 808 4334 biario
829 4267 863 4333 in
884 4267 1044 4352 Paradysn
1065 4267 1266 4349 omniumque
1287 4264 1421 4332 nauum
1442 4264 1559 4334 ibidem
1580 4267 1648 4335 Deo
1662 4266 1868 4336 scruieocinm
1887 4268 1994 4335 villum

445 4391 507 4457 qne
528 4372 672 4440 Karnine
691 4370 863 4454 vulgariter
883 4376 1093 4454 nuncupatur,
1115 4371 1209 4437 sitam
1231 4369 1265 4434 in
1287 4369 1446 4434 territorio
1468 4367 1619 4452 menoch,
1642 4389 1737 4454 quam
1749 4370 1830 4439 boue
1844 4371 1993 4438 memorie

444 4481 536 4560 pater
557 4479 664 4542 noster
685 4472 887 4557 Wlndyslnns
915 4473 1016 4540 eidem
1039 4474 1164 4540 racione
1185 4470 1365 4540 constaneic
1386 4469 1550 4555 fidelisque
1568 4473 1690 4540 servicii
1713 4474 1781 4540 iure
1802 4473 1994 4540 hereditario

444 4578 478 4645 in
500 4582 685 4662 perpetuum
717 4575 936 4660 possidendum
970 4576 1156 4657 contulerat,
1190 4577 1362 4642 memorato
1383 4573 1522 4640 claustro
1555 4574 1588 4640 iu
1609 4575 1782 4643 remedium
1815 4577 1995 4644 animosae

445 4697 720 4762 snccoesommqnc
750 4696 892 4758 snorum,
920 4696 991 4744 cum
1013 4679 1160 4745 omnibus
1188 4674 1380 4744 utilitauibns
1408 4693 1470 4759 quc
1490 4675 1522 4741 in
1545 4695 1584 4742 ca
1612 4683 1688 4743 sunt
1707 4676 1757 4745 uel
1779 4679 1812 4745 in
1833 4685 1994 4762 posterum
2074 4701 2077 4705 ·

445 4782 592 4851 devenire
623 4780 773 4864 poterim,
806 4782 874 4847 iure
895 4779 1086 4848 hereditario
1115 4800 1186 4850 curn
1216 4778 1394 4846 omnimoda
1425 4778 1573 4845 libertate
1603 4780 1739 4847 contulit
1765 4781 1993 4867 possidendam

446 4885 567 4954 Demus
592 4884 690 4950 eciam
719 4882 853 4966 predicti
885 4882 1006 4950 cenobii
1028 4883 1189 4968 iratribus,
1221 4883 1340 4950 dictam
1373 4881 1581 4949 hereditatem
1613 4882 1755 4968 Kumyn,
1789 4903 1887 4968 quum
1919 4885 1995 4968 ipsis

446 4989 548 5056 risum
569 4986 666 5053 inerit
697 4991 896 5069 oportunum,
931 4986 1083 5053 uendendi
1117 4992 1175 5054 ant
1200 4983 1401 5071 permutandi
1432 5003 1489 5052 scu
1509 4985 1608 5051 eciam
1637 4987 1672 5053 in
1695 5004 1771 5053 usos
1804 4987 1995 5055 valenciorcs

448 5088 649 5158 convertendi
671 5088 795 5173 plenum
815 5095 849 5155 ot
869 5089 1000 5156 liberum
1023 5088 1216 5157 incultum.
1263 5087 1310 5155 Ut
1319 5092 1426 5153 autern
1449 5085 1507 5154 hcc
1522 5087 1661 5154 oiuslcm
1675 5087 1826 5156 Hannoni
1841 5087 1996 5155 balistarii

450 5192 552 5259 tidelis
573 5190 674 5258 nestri
696 5190 826 5260 riouacio
848 5198 881 5259 ct
903 5192 1082 5277 elemosyna
1103 5198 1273 5276 nocuoque
1294 5194 1387 5271 gnata
1408 5189 1607 5258 confirmacio
1628 5210 1650 5260 a
1670 5191 1760 5259 nobis
1781 5197 1814 5258 ct
1827 5212 1848 5258 u
1862 5192 1997 5276 posteris
