4860 6180
889 191 963 303 soa
1089 245 1092 253 ·

887 428 1014 510 sulitur‚
1040 432 1075 496 et
1091 426 1343 498 benefactoribus
1372 429 1486 497 vestris
1511 427 1625 496 salutis
1648 429 1796 497 meritum
1820 432 2017 515 procuratur.
2061 424 2146 492 Hinc
2174 429 2225 492 est
2253 421 2338 507 quod
2369 441 2421 490 ιιιι

886 550 1020 616 quorum
1041 530 1183 616 deposcit
1199 533 1335 601 oiticium
1357 535 1449 600 iustis
1471 552 1609 602 mouere
1630 533 1793 601 desideriis
1814 532 2008 612 devotorum,
2031 527 2146 596 renuis
2167 525 2312 612 precibus
2333 524 2422 591 humi

887 632 987 700 litatis
1009 633 1139 717 inducti,
1161 640 1199 702 ut
1217 655 1281 715 vos,
1304 637 1359 720 qui
1381 636 1611 704 exhortationis
1633 637 1684 719 pio
1705 635 1810 702 studio
1831 632 1930 701 bonos
1956 631 1998 699 ad
2025 631 2150 714 potiora
2176 626 2314 710 dirigitis
2335 634 2370 703 ot
2390 645 2426 693 er

886 743 995 804 rantes
1014 737 1047 804 iu
1065 737 1264 805 rectitudinis
1281 739 1425 803 semitam
1446 738 1649 805 laudabiliter
1670 737 1835 817 revocatis,
1864 735 1897 800 in
1919 732 2260 801 excommunicatorum
2287 729 2382 796 torris
2403 728 2427 794 li

887 837 960 906 berc
981 840 1167 908 commorari
1188 846 1221 906 et
1243 839 1283 906 ab
1305 839 1350 904 eis
1369 846 1455 921 tunc,
1473 860 1511 907 ac
1531 843 1628 908 ctiam
1651 839 1775 925 quaudo
1796 857 1852 904 ros
1866 857 1923 922 por
1938 837 2023 920 ipsas
2038 835 2175 902 trsnmre
2193 833 2371 916 contigerit,
2386 850 2419 897 n·

887 943 1023 1009 maaria
1043 944 1109 1008 rito
1130 941 1297 1023 deposcere
1317 959 1356 1007 ac
1378 942 1517 1025 recipere
1539 943 1681 1022 valeatis,
1703 941 1792 1008 robis
1814 942 2005 1007 auctoritate
2024 938 2219 1022 presentium
2242 934 2430 1003 eonoodim

886 1040 1080 1111 multotem.
1124 1041 1212 1108 Nulli
1241 1060 1316 1126 crgo
1343 1043 1469 1111 omnino
1498 1043 1660 1111 bominum
1689 1043 1783 1110 dcent
1810 1043 1891 1109 banc
1916 1041 2063 1125 paginam
2092 1046 2202 1107 nostre
2231 1035 2422 1106 concesslou'

887 1142 1057 1230 intringere
1076 1143 1127 1212 rel
1148 1145 1177 1211 ei
1199 1162 1279 1211 ausu
1302 1148 1469 1214 temerario
1491 1148 1659 1214 contraire.
1703 1144 1738 1213 Si
1758 1145 1830 1230 quis
1850 1151 1958 1212 autern
1981 1145 2040 1211 lroc
2061 1148 2255 1226 attemptare
2276 1158 2418 1225 presumo

886 1249 975 1329 serit,
997 1248 1243 1332 indignationem
1265 1248 1490 1331 omnipotentis
1511 1250 1572 1317 Dei
1600 1255 1634 1316 et
1660 1247 1824 1317 beatorum
1849 1247 1937 1314 Patri
1958 1251 1993 1313 et
2016 1245 2108 1312 Pauli
2130 1244 2430 1328 apostoloruum

886 1365 922 1417 se
946 1351 1070 1418 noverit
1095 1351 1303 1418 incursurum.
1347 1350 1468 1420 Datum
1493 1352 1643 1420 Laterani
1672 1350 1721 1418 111
1751 1349 1862 1418 Nonas
1888 1348 1966 1433 Mai,
1996 1347 2198 1434 pontiticmus
2226 1345 2328 1413 nostri
2358 1361 2430 1411 anm

889 1451 1038 1520 secundo.

1424 1772 1426 1777 ’
1559 1752 1634 1838 Νι.
1666 1745 1766 1835 340.
1824 1820 1828 1828 .

879 1920 883 1926 ’
991 1945 1150 2032 Promisi
1184 1948 1260 2031 dux
1292 1947 1441 2032 Polonio
1469 1956 1605 2035 1256
1630 1946 1718 2028 idai
1740 1950 1785 2043 9,
1807 1945 1851 2028 iu
1875 1941 2078 2046 Pomania3
2097 1963 2304 2046 precentur,
2343 1983 2346 1996 ·
2397 1988 2430 2014 ιι

889 2064 990 2135 chla
1010 2087 1031 2135 a
1052 2067 1195 2152 Bogussa
1215 2075 1249 2136 et
1269 2087 1290 2136 a
1310 2070 1411 2137 Paulo
1432 2071 1624 2140 monasterio
1646 2070 1686 2136 da
1707 2062 1889 2151 Heurylrdw
1910 2062 2072 2130 venditam
2092 2060 2199 2130 noae

992 2173 1121 2246 Stenael,
1144 2173 1205 2236 Lib.
1224 2175 1398 2249 amouere
1421 2179 1548 2239 clmoetrt
1569 2174 1756 2240 lleorrtcnao
1773 2188 1847 2251 pop.
1867 2169 1920 2234 64.

989 2372 1028 2441 In
1048 2373 1175 2442 murina
1192 2372 1320 2442 Domini
1341 2395 1444 2444 amen.
1488 2378 1555 2447 Nos
1576 2375 1709 2446 Promisi
1730 2373 1837 2442 divina
1857 2370 2058 2439 institutione
2071 2367 2137 2437 dux
2153 2367 2293 2451 Palania,
2316 2385 2426 2435 scurra

888 2474 1056 2544 reriuoem
1077 2495 1116 2544 ax
1138 2477 1243 2545 auimo
1262 2478 1429 2563 diligentes
1451 2487 1485 2547 et
1505 2480 1656 2548 honorem
1677 2484 1786 2546 sancte
1816 2475 1929 2543 manu
1957 2471 2100 2540 Ecclesia
2124 2471 2289 2538 voluntate
2313 2475 2429 2555 sponta

887 2594 948 2645 nea
968 2585 1197 2663 promoventes,
1220 2585 1331 2648 notum
1352 2600 1422 2649 esse
1442 2584 1586 2650 volumus
1604 2581 1802 2667 presentibus
1824 2584 1859 2647 et
1878 2577 2005 2659 futuris,
2034 2574 2118 2659 quod
2144 2575 2274 2659 quidam
2303 2575 2430 2642 invene:

887 2676 1031 2764 Bogusss
1051 2679 1196 2748 videlicet
1217 2688 1251 2748 et
1271 2682 1399 2764 Paulus,
1422 2683 1593 2752 Slasiensas
1615 2684 1654 2751 de
1675 2683 1860 2767 cognatione
1880 2680 2000 2748 domiui
2021 2677 2112 2746 Pauli
2142 2676 2301 2762 quondam
2323 2677 2368 2743 l‘o
2395 2706 2418 2733 ιι

887 2780 1005 2848 niensis
1026 2783 1156 2851 ecclesie
1177 2785 1325 2870 episcopi,
1356 2786 1513 2870 quandam
1536 2785 1679 2854 iecerunt
1705 2784 1981 2853 commutationem
2010 2800 2081 2848 curn
2111 2780 2238 2848 domiuo
2266 2778 2425 2847 abbated

889 2882 1119 2968 Heinricbowe,
1142 2886 1302 2955 dsutasei
1324 2895 1442 2956 sortem
1462 2907 1556 2971 quam
1579 2887 1739 2956 habebant
1758 2887 1848 2953 iuxta
1869 2885 1974 2969 ipsum
1995 2885 2170 2952 claustmm
2191 2899 2254 2966 que
2271 2881 2393 2965 vulgari
2416 2910 2419 2918 ι

889 2984 1036 3053 Brocoliz
1056 2995 1266 3073 nuncupatur,
1288 2991 1475 3075 recipientes
1496 2990 1537 3059 ab
1558 2992 1627 3076 ipso
1648 2990 1844 3058 tantumdem
1865 2989 1899 3055 iu
1922 2987 2031 3070 chla,
2050 2986 2136 3071 quod
2164 2986 2248 3054 idem
2270 2986 2371 3053 claust
2419 3016 2424 3045 ι

768 3166 772 3171 ,
887 3106 927 3155 ex
948 3088 1118 3158 donatione
1144 3089 1244 3159 felicis
1273 3093 1423 3160 memorie
1452 3093 1555 3178 patris
1585 3093 1687 3160 nostri
1712 3111 1750 3160 ac
1778 3098 1889 3159 nostra
1914 3092 2020 3176 gratia
2044 3090 2196 3175 possidet
2239 3088 2425 3157 Postmodo

890 3208 965 3258 vero
986 3194 1153 3262 memorati
1171 3195 1299 3262 iuuenes
1319 3194 1528 3262 uendiderunt
1548 3195 1671 3279 prelato
1694 3195 1832 3262 claustro
1853 3200 1971 3262 sortem
1993 3212 2088 3278 quam
2111 3193 2145 3261 in
2165 3199 2253 3260 terra
2270 3192 2372 3260 nostri
2385 3190 2429 3257 du

888 3297 979 3361 catus
1000 3294 1034 3361 in
1055 3297 1300 3364 commutatione
1320 3302 1507 3382 acceperant
1528 3317 1586 3382 pro
1607 3297 1668 3365 XX
1688 3297 1803 3365 marcis
1824 3297 1957 3382 argenti
2002 3296 2069 3366 Nos
2090 3315 2166 3380 ergo
2187 3302 2276 3364 earm
2290 3293 2429 3379 present'

888 3396 990 3462 nostri
1011 3397 1107 3482 sigilli
1129 3399 1252 3466 munita
1272 3401 1463 3485 appensione
1486 3406 1708 3485 protestamur,
1731 3399 1856 3467 eosdem
1874 3401 2002 3468 iuvenes
2017 3405 2135 3467 sortem
2148 3398 2325 3484 predictam
2346 3416 2368 3481 q
2397 3426 2401 3453 ι
2419 3425 2424 3454 ι

887 3496 922 3565 in
943 3497 1044 3567 Oehla
1066 3500 1234 3582 habebant,
1254 3520 1321 3586 prow
1333 3508 1510 3570 memorata
1531 3503 1664 3586 pecunia
1685 3520 1792 3569 coram
1813 3502 1903 3570 uobis
1924 3521 1963 3572 ae
1992 3503 2111 3571 nostris
2136 3499 2308 3568 barombus
2334 3498 2429 3567 vendi

887 3599 982 3669 diosa
1026 3602 1116 3683 Quod
1136 3603 1165 3670 si
1185 3602 1385 3687 postmodum
1406 3606 1574 3690 quisquam
1595 3605 1636 3673 de
1656 3604 1822 3691 pareuoela
1842 3604 2055 3691 predictorum
2074 3605 2222 3672 iuvenum
2236 3602 2376 3671 voluerit
2418 3629 2421 3637 ·

887 3701 1007 3787 dimus
1027 3704 1113 3788 qnod
1134 3724 1239 3774 eoram
1260 3705 1351 3773 nobis
1373 3713 1423 3774 ast
1444 3712 1585 3792 upum
1607 3708 1696 3774 etin
1718 3712 1805 3775 terra
1819 3708 1920 3775 nostri
1933 3706 2069 3776 ducatus
2083 3707 2176 3786 iacet,
2198 3705 2278 3772 illud
2291 3704 2428 3771 redimat

887 3803 930 3872 ad
950 3805 1154 3876 illudentem
1177 3808 1262 3892 quod
1282 3827 1387 3876 coram
1406 3810 1505 3877 nobili
1523 3811 1666 3894 principe
1687 3809 1814 3877 domiuo
1835 3809 1984 3876 Helorion
2018 3808 2098 3876 duce
2126 3807 2227 3876 Siesie
2253 3812 2364 3874 nostro
2397 3833 2421 3863 ἱι

887 3908 973 3976 rorio
1001 3916 1052 3977 ost
1079 3911 1231 3978 donatum
1260 3930 1317 3995 pro
1339 3913 1594 3992 commutatione,
1621 3911 1743 3979 nullum
1770 3929 1900 3996 prorsus
1930 3910 2069 3978 habeant
2093 3917 2281 3996 respectum.
2326 3909 2402 3976 Act·

887 4009 922 4077 in
939 4009 1101 4080 Poauania
1121 4012 1185 4080 VII
1206 4013 1282 4082 Idus
1300 4014 1388 4096 Maii,
1411 4033 1494 4082 auno
1516 4014 1747 4082 lncnruationis
1767 4013 1922 4081 dominice
1943 4012 2118 4081 MCCLVI.
2148 4012 2253 4079 Huius
2274 4011 2322 4077 rei
2344 4017 2394 4077 tes
2416 4037 2430 4068 a

888 4119 978 4181 sunt:
998 4133 1102 4183 aomae
1123 4114 1294 4202 Dyrsicray
1315 4117 1486 4200 palatinus,
1509 4115 1712 4200 Bogupbalus
1742 4116 1933 4183 castellanus
1958 4114 2193 4197 Poznauiensis‚
2220 4114 2368 4181 dominus
2393 4113 2422 4179 l·

887 4214 1009 4284 munes
1026 4218 1232 4286 canoellmius
1253 4225 1361 4287 nostra
1379 4219 1475 4299 curie,
1498 4216 1705 4286 Svautozlaus
1726 4217 1916 4284 castellanus
1938 4217 1978 4285 de
2000 4217 2114 4300 Nakel,
2135 4216 2251 4286 Petrus
2271 4223 2306 4284 et
2327 4216 2427 4283 lohau

888 4336 945 4386 nes
965 4317 1024 4386 dlii
1044 4320 1174 4401 ibone,
1197 4321 1306 4386 etalii
1328 4340 1423 4406 quam
1445 4320 1583 4405 plurimi.
1627 4319 1697 4404 Ego
1718 4318 1863 4407 Mychael
1891 4320 2036 4387 notarim
2061 4322 2159 4388 etiam
2182 4318 2314 4387 mertui
2339 4323 2374 4385 ct
2410 4346 2430 4372 ιι

887 4420 1072 4490 mandatum
1094 4422 1227 4508 predicti
1248 4423 1338 4490 ducis
1358 4423 1417 4492 bec
1438 4422 1549 4491 eadem
1568 4422 1748 4509 conscripsi.

991 4626 1219 4710 Heiuricbowe‚
1242 4629 1419 4711 Henrylrdo,
1441 4651 1460 4693 z
1481 4631 1648 4693 mateola
1669 4628 1863 4693 Heinricbata
1906 4625 2066 4710 Brucalin‚
2087 4630 2217 4710 aiepdyd
2237 4631 2333 4694 orado
2350 4648 2386 4709 p.

893 4733 1103 4811 namnam
1122 4751 1165 4796 na
1188 4736 1329 4820 suam.
1374 4731 1483 4815 ocula
1513 4734 1614 4798 ocuu
1659 4729 1773 4813 nakel,
1795 4733 1903 4797 rouo.
