4860 6180
476 414 553 492 520

476 619 591 688 aare
611 615 769 688 raanan>
790 619 1019 687 anancaeo
1040 617 1253 704 romanensi,
1273 617 1440 702 salsus,
1464 586 1604 687 nisano
1625 617 1760 688 noran
1776 618 1873 704 nco,
1896 626 1930 689 a
1950 619 2022 687 uns

474 740 570 808 quum
591 721 734 808 pluribus
754 723 832 791 viris
852 723 914 791 lide
932 722 1044 808 dignis.
1268 751 1272 758 ·

579 892 733 977 Brnzovo,
768 900 958 976 Bmzdzcno,
985 917 1005 959 z
1028 869 1193 960 rriemieclro
1228 900 1377 962 ananan.
1422 894 1580 978 Puoeusis,
1615 900 1654 961 dc
1682 898 1796 961 Recto.
1841 893 2022 976 Suetonsis,

477 1000 516 1064 de
538 1000 668 1064 Soleae.
712 997 882 1085 Slupensis,
905 1005 943 1065 de
965 1001 1089 1078 Stupri.
1133 996 1300 1084 Stytensis,
1330 1003 1368 1065 de
1390 1002 1693 1082 &rapinarum
1718 1002 1850 1066 Zielbm.
1895 998 2023 1084 Belgar·
2132 1063 2134 1068 .
2199 1065 2201 1069 .

477 1099 593 1184 eleusin,
615 1104 654 1167 dc
673 1106 851 1183 Biniyorod,
873 1125 891 1168 z
912 1107 1000 1169 etiem
1025 1105 1162 1183 Belpnrd

1144 1365 1217 1451 Nr.
1250 1359 1351 1452 557.

581 1559 767 1647 mundns
793 1561 949 1647 Premisl
974 1565 1052 1646 dux
1076 1562 1226 1647 Polonie
1253 1567 1385 1646 1285
1403 1563 1491 1648 Jun
1510 1566 1595 1659 29,
1620 1562 1663 1645 in
1683 1561 1849 1666 Poenam
1867 1585 2023 1663 protasta-
2135 1584 2140 1647 ἑ

478 1687 542 1765 tur,
563 1683 710 1751 comitem
732 1682 890 1752 Luderum
911 1685 951 1752 de
971 1685 1158 1752 Komarowo
1179 1691 1213 1753 ot
1233 1686 1333 1753 lilium
1355 1686 1422 1754 eius
1439 1685 1652 1768 Peregrinum,
1675 1683 1733 1750 sub
1746 1683 1936 1767 quibusdam
1951 1701 2024 1749 cou-
2135 1678 2139 1691 '

477 1784 660 1905 ditionibus·
676 1786 864 1856 concessisse
889 1789 1080 1856 monasterio
1106 1788 1145 1856 de
1173 1787 1260 1855 Obra
1284 1787 1476 1870 facultatem,
1505 1788 1720 1855 molendinum
1742 1787 1777 1854 in
1802 1786 1879 1854 villa
1907 1786 2025 1854 Nialek
2136 1837 2141 1866 ,

477 1887 719 2060 ‘mm
761 1998 876 2075 Restat
901 1997 1005 2060 Stante
1025 1997 1115 2059 Area
1143 1996 1232 2072 Obra,
1253 1996 1317 2062 leb.
1334 2000 1437 2077 privil
1455 2015 1531 2078 pop.
1551 1997 1603 2060 19.

582 2198 621 2268 Iu
641 2199 766 2268 nomine
784 2200 910 2268 Domini
932 2219 1033 2269 amen.
1077 2201 1161 2268 Dum
1180 2201 1258 2268 vivit
1278 2201 1390 2269 littera
1408 2208 1442 2269 et
1463 2201 1549 2270 accio
1569 2199 1736 2269 commissa
1755 2199 1871 2280 littere,
1889 2199 1965 2285 eius,
1976 2217 2028 2266 ns·

479 2303 579 2373 seroio
598 2304 701 2371 nubit
722 2304 902 2372 memoriam
923 2310 958 2372 et
975 2304 1125 2372 roborata
1142 2305 1275 2391 suscipit
1295 2305 1532 2372 incrementum.
1576 2303 1680 2389 Igitur
1699 2321 1757 2371 nos
1775 2302 1930 2370 secundus
1952 2302 2027 2369 Pre-

478 2406 552 2474 misl
572 2405 634 2475 Dei
654 2407 761 2490 gracia
780 2406 846 2474 dux
866 2406 995 2475 Polonle
1013 2414 1122 2474 notum
1143 2407 1275 2476 iacimus
1296 2414 1363 2476 tam
1385 2405 1582 2493 presentibus
1605 2425 1700 2491 qnam
1722 2405 1837 2473 futuris
1851 2412 2028 2490 presentem

479 2509 628 2595 paginam
648 2509 847 2594 inspecturis,
868 2511 952 2595 quod
973 2513 1007 2578 in
1024 2517 1136 2578 nostra
1155 2517 1397 2595 nostrorumque
1416 2511 1571 2578 baronum
1591 2508 1755 2595 presencia
1768 2527 1871 2576 comes
1884 2506 2028 2575 Luderus

479 2612 585 2681 dictus
605 2612 646 2680 de
666 2611 854 2680 Kumerone
874 2619 908 2680 et
927 2613 1114 2698 Peregrinus
1135 2612 1219 2681 filius
1237 2633 1323 2696 suns,
1342 2613 1383 2681 de
1401 2632 1554 2682 consensu
1583 2618 1618 2680 et
1642 2612 1806 2679 voluntate
1833 2609 1970 2678 lratmm
1996 2617 2029 2676 et

480 2715 619 2782 omnium
641 2715 812 2783 amicorum
833 2735 970 2798 suorum,
992 2716 1195 2784 inhonorem
1217 2715 1276 2784 Dei
1298 2723 1332 2785 et
1352 2722 1461 2784 sancte
1482 2715 1584 2783 Maris
1604 2713 1766 2800 genitricis
1785 2715 1853 2781 eius
1874 2712 2029 2780 dedorunt

480 2816 606 2885 domino
627 2816 759 2885 Iohanni
780 2818 889 2887 abbati
907 2825 941 2887 et
960 2822 1124 2887 conventui
1147 2820 1214 2887 eius
1236 2821 1270 2887 in
1293 2820 1388 2903 Obra,
1411 2826 1602 2905 potestatem
1620 2818 1786 2886 edificandi
1807 2823 1841 2884 et
1862 2818 2030 2901 reparandi

481 2920 694 2989 molendinum
715 2940 808 2989 snum
828 2924 862 2990 in
880 2922 995 3005 Nelko,
1017 2929 1113 3008 prout
1133 2924 1178 2991 eis
1199 2925 1278 2992 utile
1299 2925 1395 2992 fuerit
1416 2931 1450 2992 et
1470 2924 1597 3009 quocies
1609 2921 1687 3006 ipsis
1702 2920 1858 2988 videbitur
1872 2920 2030 2988 salubn‘us

481 3023 638 3110 expedire.
681 3023 845 3093 Prodicum
878 3026 975 3093 eciam
1009 3046 1111 3095 comes
1143 3028 1286 3096 Luderus
1315 3034 1350 3095 et
1374 3027 1458 3096 filius
1484 3045 1561 3094 suus
1588 3025 1791 3109 Peregrinus,
1811 3023 1852 3090 de
1877 3041 2030 3090 consensu

481 3127 619 3195 omnium
642 3116 794 3195 heredum
815 3146 853 3195 ac
873 3146 1085 3197 successorum
1107 3149 1245 3212 suorum,
1267 3129 1475 3198 uendiderunt
1503 3127 1645 3212 predicto
1672 3127 1797 3193 domiuo
1820 3125 1954 3193 Iohanni
1975 3125 2030 3192 ab·

481 3230 551 3297 bati
569 3236 602 3297 et
623 3228 775 3298 iratribus
795 3232 860 3297 suis
882 3233 915 3298 in
938 3230 1033 3313 Obrn,
1056 3238 1246 3318 potestatem
1265 3231 1446 3301 obstruendi
1468 3232 1603 3299 nvulum
1625 3229 1773 3297 fluentem
1791 3229 1831 3296 de
1852 3230 1924 3296 lecu
1945 3228 2031 3296 dioto
2159 3285 2162 3290 .

481 3332 654 3418 Karpizlro,
673 3339 708 3400 et
728 3333 923 3401 obstaculum
945 3333 1079 3402 faciendi
1100 3355 1157 3419 per
1177 3336 1333 3420 paludem,
1355 3354 1414 3419 per
1434 3354 1529 3419 qnam
1549 3336 1632 3402 idem
1643 3334 1763 3401 rivulus
1777 3340 1916 3400 meatum
1934 3331 2031 3400 babet

483 3441 518 3504 et
539 3436 656 3503 transit
675 3455 732 3522 per
752 3436 859 3503 villam
879 3437 996 3504 dictam
1014 3437 1202 3530 Kumeroue
1227 3444 1260 3515 et
1288 3437 1500 3506 molendinum
1528 3437 1649 3505 dictum
1672 3436 1787 3518 Nelko,
1815 3455 1872 3521 pro
1898 3437 2032 3520 pecunia

482 3540 563 3609 sads
583 3557 729 3624 congrua,
752 3539 977 3624 perpetualiter
996 3545 1030 3606 et
1051 3540 1120 3607 iure
1145 3542 1348 3626 proprietatis
1375 3540 1562 3623 habendum,
1590 3540 1760 3608 tenendum
1790 3558 1828 3607 sc
1857 3539 2032 3607 liberaliter

484 3640 707 3728 possidendum
727 3661 785 3709 nec
806 3661 869 3708 nou
898 3643 931 3708 in
956 3660 1033 3708 usus
1057 3642 1269 3727 beneplacitos
1295 3644 1548 3725 convertendum,
1575 3643 1695 3728 absque
1717 3643 1803 3710 omni
1831 3643 2031 3728 impeticious

482 3741 797 3814 rel'connadicnone
817 3763 1030 3813 successorum
1052 3764 1180 3814 suorum
1201 3766 1257 3814 seu
1278 3747 1490 3833 quorumlibet
1509 3752 1722 3833 cognatorum.
1768 3745 1900 3830 Insuper
1935 3745 2032 3813 doua-

483 3854 600 3917 reruut
619 3867 694 3933 sepe
714 3848 808 3915 dietis
830 3846 979 3914 iratribus
1001 3847 1042 3916 de
1062 3848 1148 3917 Obra
1168 3851 1340 3935 plenariam
1361 3850 1541 3918 libertatem
1562 3850 1736 3934 accipiendi
1757 3850 1790 3916 in
1812 3868 1920 3917 earum
1941 3849 2030 3917 hore-

486 3952 589 4021 ditate
606 3956 784 4037 prenotata,
808 3956 874 4017 tam
894 3950 979 4034 ligna
1001 3971 1096 4035 qnnm
1115 3959 1233 4020 terram
1251 3954 1292 4021 ad
1314 3954 1538 4022 obstruendum
1560 3955 1696 4020 rivulum
1718 3953 1850 4021 eundem
1872 3959 1906 4020 et
1927 3952 2032 4018 obsta·

488 4056 593 4123 culum
615 4053 836 4140 reparandum,
867 4055 1116 4139 quociescumque
1141 4057 1333 4141 indiguerint
1358 4056 1557 4144 supradictis.
1602 4056 1732 4123 Fratres
1758 4062 1864 4122 autem
1888 4054 1965 4121 dicti
1994 4054 2033 4121 de

486 4159 573 4228 Obra
591 4176 665 4242 sepe
686 4157 771 4223 dicto
806 4156 1115 4225 comitiLuderoet
1143 4158 1290 4227 filiosuo
1316 4161 1493 4244 Peregrina,
1528 4177 1692 4244 quousque
1725 4158 1817 4225 umbo
1846 4157 2032 4237 advixerint,

485 4263 605 4347 absque
626 4264 837 4331 emolumento
858 4262 974 4328 molere
996 4265 1217 4347 promiserunt.
1262 4264 1343 4348 lpsis
1365 4263 1486 4330 duobus
1515 4261 1747 4342 decedentibus,
1779 4260 1899 4327 scilicet
1920 4261 2034 4327 comita

486 4365 611 4434 Ludero
631 4372 665 4433 ot
686 4366 750 4432 lilio
772 4383 829 4431 suo
852 4365 1029 4448 Peregrino,
1052 4367 1156 4434 nullus
1179 4367 1303 4434 omnino
1326 4366 1475 4432 horedum
1496 4384 1625 4431 suorum
1648 4372 1706 4430 aut
1733 4365 2033 4447 mrrsonguinonrurn

486 4470 603 4537 molere
625 4470 658 4535 in
679 4468 820 4555 prmlicto
842 4467 1018 4534 molendino
1040 4468 1146 4536 anko
1165 4471 1283 4554 ubsque
1305 4475 1440 4535 metreta
1461 4468 1577 4534 habent
1597 4467 1791 4534 fucultatem.
1822 4466 1860 4533 ln
1879 4467 1972 4533 huius
1987 4469 2032 4533 roi

487 4573 701 4640 testimonium
719 4577 895 4656 presentem
918 4570 1057 4638 littorum
1079 4575 1180 4639 nostri
1199 4573 1293 4656 sigilli
1316 4572 1487 4638 munimine
1508 4571 1702 4639 roboramus.
1739 4571 1848 4636 'instes
1868 4576 1960 4637 sunt:
1984 4590 2034 4637 oo·

488 4694 555 4743 mss
575 4673 779 4740 'linornoslans
801 4672 958 4756 palatinus
980 4674 1211 4757 Pannoniansis,
1234 4695 1337 4743 comes
1360 4674 1573 4741 Gnovommns
1604 4674 1698 4740 iudex
1727 4673 1960 4755 Poznauiomsis,
1984 4694 2034 4741 co·

429 4823 441 4848 .
488 4795 555 4844 mes
582 4777 742 4843 Ianuarius
768 4775 984 4858 subpinoonm,
1009 4797 1113 4844 comcs
1141 4777 1322 4862 Burgardus
1353 4777 1394 4844 do
1420 4777 1566 4860 llatagin,
1594 4795 1697 4843 eornm¹
1720 4776 1869 4843 Albortus
1891 4777 1931 4844 de
1953 4777 2035 4843 linr-

487 4881 592 4966 pizlro,
614 4898 718 4947 comos
740 4878 864 4944 Potircn
882 4880 1070 4947 carantanos
1093 4881 1325 4960 Ponmnionsis,
1344 4887 1378 4946 ot
1390 4881 1445 4946 alii
1460 4900 1554 4963 qutun
1570 4880 1697 4964 plurimi
1714 4878 1773 4945 lido
1787 4879 1884 4961 digni.
1916 4879 2034 4945 Dntrnn
2160 4864 2166 4899 ¹

488 4984 522 5051 in
543 4984 669 5050 Poznnn
692 4983 724 5048 in
746 4982 797 5048 dio
822 4982 1036 5066 apostolorum
1067 4983 1154 5050 Petri
1184 4992 1216 5051 ot
1245 4983 1344 5064 Pauli,
1372 5001 1455 5049 mmo
1482 4982 1606 5049 Donrinri
1635 4982 1800 5049 nrillrsinno
1821 4983 2035 5050 lacanlmino
2161 4986 2169 5021 ³

487 5088 677 5171 octogesimo
699 5087 821 5170 quinto,
843 5105 899 5170 per
919 5105 1031 5153 mannus
1048 5089 1189 5156 'liuilonis
1210 5087 1324 5156 notarii
1346 5088 1432 5153 curio
1454 5093 1569 5154 nostro.

490 5359 539 5431 Ra
594 5259 789 5339 Kumorono,
815 5264 992 5325 lbrnororno.
1037 5259 1132 5344 oona,
1161 5263 1249 5327 Odon.
1280 5259 1395 5343 Nolko,
1418 5263 1539 5325 d'iolelc.
1568 5256 1730 5343 Komizko
1752 5259 1849 5342 moue,
1874 5262 2036 5341 Kaipiana.

540 5363 636 5448 legin,
657 5366 779 5441 aalma
