4860 6180
439 465 513 545 396

338 741 344 752 ,
438 668 564 753 abinus,
585 666 626 737 da
646 667 819 738 violacione
841 671 927 756 pacis
943 670 1066 738 firmate
1089 669 1212 756 prioris,
1234 691 1289 739 seu
1312 670 1550 757 quibuscunque
1569 669 1654 737 iuter
1674 686 1728 736 aas
1742 665 1901 752 primibus
1922 662 1991 751 pol·

438 771 668 842 licitaciouibus
689 772 756 841 sivo
777 775 891 857 causis,
920 775 960 842 ‹ie
982 775 1095 859 quiturs
1118 775 1194 842 oriri
1216 784 1323 860 puscet
1344 777 1469 860 questio
1496 775 1545 840 rel
1567 773 1703 841 morem:
1727 772 1783 840 sul
1805 771 1881 840 ciete
1902 770 1991 855 pacis

436 875 544 946 osculo
559 894 665 945 coram
677 876 777 960 nabis,
792 878 904 961 sopitis
916 878 1091 945 iuinricieiis
1107 877 1270 961 universis,
1286 886 1352 948 tum
1371 880 1432 963 ipsi
1453 897 1548 963 quam
1564 878 1665 945 omnis
1680 876 1815 961 populus
1829 880 1991 942 utrumm-

436 997 500 1067 que
528 983 685 1048 temtum
710 998 789 1065 paea
814 988 968 1065 perpetua
993 980 1243 1063 communicabunt.
1296 982 1429 1066 Insuper
1455 981 1601 1065 promisit
1629 979 1750 1047 iunonis
1776 978 1841 1044 dux
1868 975 1992 1060 Ladyz-

435 1082 508 1154 laus
529 1101 601 1152 cum
615 1081 747 1169 prefatis
765 1084 918 1152 militibus
940 1087 1006 1152 suis
1020 1106 1078 1171 pro
1093 1086 1237 1153 omnibus
1259 1087 1368 1154 amicis
1386 1086 1505 1152 clentini
1528 1082 1682 1167 Nyrin'di,
1705 1087 1772 1150 tam
1793 1078 1993 1166 presentibus

436 1204 532 1274 quam
559 1185 751 1269 absentibus,
781 1187 874 1253 buius
902 1191 989 1274 pacis
1016 1189 1214 1256 correardiam
1247 1188 1470 1256 inviolabiliter
1498 1186 1669 1253 observari.
1711 1183 1745 1252 Si
1781 1183 1852 1268 quis
1883 1187 1992 1250 eutem

436 1290 531 1358 huius
551 1291 639 1375 pacis
660 1308 718 1374 por
736 1308 793 1358 nos
807 1290 932 1358 {innata
947 1299 1171 1376 transgressor,
1187 1292 1271 1376 quod
1289 1290 1383 1371 absit,
1400 1291 1587 1357 temerarius
1601 1287 1754 1368 extiterit,
1769 1304 1851 1371 pena
1865 1291 1993 1353 eentum

444 1411 634 1475 mereamim,
649 1392 826 1459 debitomm
841 1393 971 1461 effectus
985 1395 1057 1478 (sic)
1072 1397 1157 1479 parti
1172 1395 1341 1475 innocenti,
1356 1393 1600 1460 irrenrisibiliter
1613 1389 1870 1474 condempnetur,
1883 1393 1997 1456 nostru
2045 1396 2050 1411 '

440 1495 661 1564 nichilominus
689 1495 907 1579 indignacione
933 1498 967 1564 iu
993 1499 1127 1566 eundern
1153 1499 1292 1566 seviente
1317 1498 1457 1582 graviter
1482 1501 1516 1562 et
1536 1513 1680 1563 censura
1723 1494 1761 1561 Iu
1784 1492 1878 1559 buius
1904 1491 1993 1576 pacis

442 1605 477 1668 et
494 1598 659 1668 concordie
679 1597 777 1666 robur
798 1606 995 1684 perpetuum,
1018 1607 1197 1687 presentem
1218 1603 1365 1687 pagiuam
1386 1620 1482 1685 super
1510 1600 1570 1668 boe
1595 1597 1780 1680 confectam,
1801 1596 1994 1681 appensione

436 1701 632 1788 sygillorum,
653 1705 763 1769 nostro
778 1702 925 1771 videlieet
942 1724 981 1773 ae
993 1705 1182 1773 venerabilis
1204 1705 1304 1792 putris
1322 1704 1424 1773 nostri
1446 1703 1565 1771 domiui
1586 1701 1733 1771 Volimiri
1749 1699 1888 1786 episcopi
1902 1698 1994 1766 Win-

437 1804 645 1887 dielanieusis,
664 1803 795 1873 fecimus
809 1798 1005 1890 communiri,
1026 1827 1098 1876 eum
1119 1809 1254 1877 testibus
1273 1808 1328 1892 qui
1347 1812 1509 1894 presentes
1531 1805 1659 1874 inerant
1678 1803 1860 1885 annotatis,
1882 1801 1993 1869 adeb-

437 1911 491 1977 oet
508 1905 588 1974 duce
601 1905 780 1975 Primuzlao
794 1907 1012 1991 Pomanieusi,
1032 1911 1128 1978 Petra
1142 1915 1253 1979 nostro
1267 1909 1465 1992 cancellario,
1485 1908 1632 1978 Johauue
1644 1908 1817 1993 preposito,
1836 1903 1994 1973 Liebardo

438 2009 667 2098 ucuuyaaona
687 2009 818 2079 eudesie
839 2010 1065 2095 Crusficicusis,
1088 2014 1214 2084 Mathia
1231 2013 1373 2099 palatino
1396 2011 1586 2095 Cuiarieusi,
1608 2010 1744 2091 Beseda
1766 2008 1995 2093 Zueutpslano

438 2113 607 2200 bmgrenio
625 2113 782 2182 Gueceusi
802 2120 837 2183 et
851 2116 1004 2184 militibus
1023 2120 1214 2203 supradietis
1234 2117 1273 2185 de
1294 2117 1417 2198 Breste,
1440 2116 1616 2200 ceterisque
1636 2132 1734 2200 quam
1755 2111 1899 2198 pluribus
1917 2111 1994 2179 iide-

434 2217 547 2305 diguia
587 2217 707 2288 Datum
734 2236 818 2287 auno
839 2218 967 2290 Domini
988 2220 1196 2289 M.COLXX.
1211 2222 1316 2304 tertio,
1338 2219 1401 2290 vn
1423 2220 1499 2287 idus
1525 2219 1673 2304 Augusti,
1696 2218 1729 2286 iu
1752 2217 1882 2289 civitate
1900 2215 1989 2285 Wis-

435 2319 579 2404 duleus,
601 2320 635 2387 iu
656 2319 789 2388 molesia
806 2321 956 2390 Fratrum
977 2322 1147 2392 Minorem.

536 2524 677 2610 Priscis.
693 2530 802 2611 enan.
830 2525 881 2597 ua
900 2527 1109 2615 commane
1127 2535 1278 2599 mecm.
1309 2529 1597 2614 mammetem,
1611 2533 1650 2596 oe
1670 2531 1864 2597 mnam.
1894 2526 1993 2596 crus

434 2627 581 2714 nemus,
602 2634 640 2696 de
662 2634 832 2699 mamea
875 2632 1006 2720 urea
1021 2637 1137 2704 arua
1158 2640 1325 2718 umam.

1106 3038 1182 3124 Nc.
1213 3036 1314 3124 451.

540 3230 735 3317 Bolonlaus
754 3235 791 3316 st
803 3231 984 3318 Prominlo
1003 3234 1658 3339 oucosPolonie1273Aug.22,
1684 3233 1728 3316 iu
1745 3230 1994 3334 Simenorioip

435 3358 539 3421 rutam
560 3353 681 3422 babeat
702 3354 905 3423 tmslitiouem
927 3355 1073 3424 villarum
1102 3355 1206 3425 Oadce
1227 3362 1262 3424 et
1283 3356 1457 3438 Materies,
1487 3354 1604 3425 factum
1625 3375 1647 3423 a
1668 3352 1822 3422 Wisiawu
1847 3357 1995 3421 consorte

432 3455 464 3525 b.
486 3475 528 3526 m.
549 3456 713 3526 Priboouis
732 3457 817 3526 tiliae
837 3460 937 3544 ipsius
958 3459 1153 3542 Jsrosluree,
1176 3459 1314 3529 eousorti
1336 3460 1461 3527 comitis
1481 3459 1618 3527 Gunteri
1639 3457 1680 3526 de
1701 3456 1909 3548 Biberstsim

354 3619 360 3629 .
538 3565 677 3643 mpura
700 3568 817 3645 appan
839 3584 862 3628 u
882 3564 1006 3644 snbrepo
1023 3586 1065 3630 aa
1087 3569 1209 3631 aiciocb
1223 3567 1374 3644 jeamena
1395 3565 1470 3632 titt.
1484 3568 1560 3630 duic
1579 3568 1734 3651 pieczpsr'e
1746 3565 1994 3644 przprrieszmm

434 3669 584 3746 prowm
603 3669 719 3748 mitta,
734 3664 858 3745 aaa&
865 3672 1008 3747 pozactat
1021 3672 1146 3734 utomclr
1156 3674 1291 3756 pieozpoi
1304 3667 1534 3750 Przempstomo
1548 3672 1679 3756 ksipcim
1695 3676 1841 3744 tpieezeo
1858 3673 1941 3738 xva

544 3770 704 3835 Wroctuae.
748 3772 866 3850 Konipt
890 3771 997 3834 Staotr
1017 3773 1136 3835 Arenio.
1181 3774 1344 3837 Bresiauer
1365 3775 1583 3838 Krmzbenen
1603 3773 1711 3836 10.-
1724 3770 1876 3844 nouam
1907 3769 1991 3833 Wa-

434 3871 566 3937 rionratci
580 3891 617 3952 p.
639 3873 692 3936 31.

536 4074 575 4142 Iu
596 4076 722 4144 nomine
743 4076 871 4144 Domini
893 4096 996 4145 amen.
1042 4078 1198 4147 Nouerint
1218 4081 1357 4149 universi
1376 4086 1541 4166 presentes
1563 4084 1597 4148 et
1617 4077 1728 4159 utari,
1750 4075 1835 4162 quod
1849 4076 1883 4143 iu
1897 4075 1995 4145 coilo·

433 4179 509 4264 qrrio
523 4197 581 4264 per
599 4199 656 4247 uos
669 4180 851 4249 Boieziaum
867 4187 901 4248 et
916 4181 1145 4250 Premizlouom
1166 4183 1261 4250 duem
1282 4183 1412 4252 Polouic
1432 4184 1557 4268 publice
1579 4186 1760 4263 convocato,
1783 4182 1817 4249 iu
1835 4184 1996 4248 nostrast

438 4281 592 4352 munuum
613 4288 792 4352 nostrorum
815 4287 979 4369 presencia
999 4287 1039 4354 de
1061 4292 1173 4354 nostra
1192 4289 1354 4355 uoluntate
1375 4296 1410 4354 et
1432 4307 1585 4356 consensu
1607 4285 1735 4354 domina
1759 4285 1909 4353 Visalavs
1928 4283 1996 4350 titia

434 4383 576 4468 mouns,
599 4406 678 4454 uxor
699 4389 832 4455 conciam
855 4389 979 4454 comitis
1000 4389 1165 4458 Pribcenis
1186 4390 1243 4457 iiiii
1264 4392 1425 4459 Pribizlaii
1447 4390 1618 4476 aliquando
1632 4389 1796 4457 castellani
1811 4390 1850 4455 de
1873 4387 1995 4468 Lubus,

435 4487 543 4556 villam
567 4491 692 4557 nomino
714 4491 817 4558 Cadce
839 4496 873 4557 et
894 4491 989 4557 aliam
1011 4511 1074 4576 que
1096 4493 1215 4561 elicitur
1236 4493 1338 4562 Parva
1359 4496 1446 4576 villa,
1467 4514 1528 4579 que
1558 4492 1632 4559 vilic
1662 4492 1786 4560 ratione
1812 4490 1994 4576 patrimonii

433 4592 492 4659 sibi
515 4595 583 4660 iure
606 4593 795 4660 lrermlitario
817 4594 1021 4677 obvenerant,
1044 4598 1182 4664 erratuiit
1211 4598 1276 4663 tilio
1301 4617 1358 4664 sue
1385 4598 1547 4665 Iuroziaue
1573 4616 1669 4681 quam
1685 4596 1823 4663 unicam
1846 4594 1995 4686 habebat,

432 4698 467 4760 et
487 4713 544 4779 per
566 4715 636 4762 eum
658 4697 765 4763 comiti
788 4697 934 4764 Guutero
952 4699 1018 4765 tilio
1040 4701 1173 4767 condam
1196 4700 1314 4766 ‹lomini
1335 4701 1460 4768 Rudolti
1483 4700 1523 4766 de
1545 4699 1728 4780 Beversten,
1757 4699 1807 4765 cui
1839 4697 1994 4782 prefatam

432 4796 529 4864 tiliam
550 4799 583 4864 in
605 4799 805 4865 aratrimonio
828 4800 1042 4882 copulaverat,
1067 4803 1197 4869 tradens
1227 4802 1328 4869 eidem
1356 4804 1509 4886 Guntaro,
1540 4802 1739 4888 presentibus
1769 4801 1831 4867 iliis
1853 4801 1893 4869 ad
1916 4819 1996 4886 ques

432 4899 551 4984 aliquid
573 4901 651 4966 iuris
674 4902 705 4966 iu
727 4902 820 4967 niens
842 4902 926 4967 viliis
949 4910 1075 4986 peterat
1099 4912 1276 4989 competere
1299 4905 1347 4970 vel
1370 4907 1546 4988 ridebatur,
1565 4905 1794 4991 proprietatem
1817 4910 1851 4971 et
1872 4922 1996 4988 possm·

434 5004 553 5071 sionem
573 5011 606 5069 et
627 5024 718 5071 enine
741 5007 789 5070 ius
811 5005 896 5088 qrrorl
913 5008 944 5072 in
959 5007 1042 5072 viliis
1066 5011 1217 5093 pruiietis
1240 5007 1376 5075 ireaimbat
1398 5016 1431 5073 et
1446 5009 1563 5076 babere
1577 5008 1689 5075 debuit
1703 5009 1735 5074 iu
1751 5007 1909 5089 futurum3
1931 5007 1995 5073 uti·

432 5105 523 5174 litata
546 5113 650 5174 tamen
672 5109 738 5174 sive
761 5109 927 5175 usufructu
950 5111 1062 5177 diebus¹
1090 5114 1155 5179 vite
1181 5132 1237 5178 sue
1267 5113 1298 5178 in
1325 5111 1402 5195 ipsis
1430 5113 1512 5178 viliis
1539 5113 1599 5179 sibi
1628 5118 1763 5178 retento.
1807 5110 1875 5177 Nos
1897 5110 1995 5194 igitur

431 5210 538 5276 emnia
559 5210 681 5294 pruirrta
701 5216 795 5288 urata
816 5217 850 5276 et
873 5219 944 5278 rata
968 5212 1122 5281 irretientes
1143 5224 1176 5282 et
1196 5235 1234 5281 aa
1253 5220 1363 5280 nostra
1388 5215 1582 5282 auctoritato
1611 5214 1844 5296 confirmantes,
1874 5214 1908 5280 iu
1930 5232 1995 5281 me

432 5314 562 5379 marinam
586 5322 727 5381 arctorum
750 5322 928 5395 presentem
952 5316 1095 5385 litteram
1117 5320 1235 5386 nostris
1256 5318 1371 5396 siuiiiis
1391 5319 1520 5384 fecimus·
1542 5320 1739 5384 communiri.
1781 5319 1895 5384 Actum
1910 5336 1994 5385 anno

432 5415 556 5482 Danuui
580 5417 976 5484 1111Ιωί11111111111111111111111
999 5426 1235 5505 septuagesima
1258 5422 1365 5500 tercio,
1392 5422 1436 5488 xl
1458 5423 1617 5488 iiaierulus
1639 5422 1843 5505 Septembris,
1867 5441 1994 5506 prusen-

2140 4183 2148 4249 1

2139 4254 2146 4351 i

2334 3884 2338 3926 1

2334 3965 2338 4032 1

2333 4079 2338 4132 1

2332 4171 2338 4237 Ι

2331 4295 2338 4340 1

2331 4377 2338 4443 1

2330 4500 2339 4545 1

2324 4605 2338 4647 i

2140 4772 2143 4779 Ι
2329 4704 2338 4751 1

2138 4791 2145 4877 1
2328 4806 2338 4854 r

2139 4881 2143 4918 ³
2326 4911 2338 4957 1

2325 5019 2338 5058 a

2324 5116 2338 5162 e

2323 5219 2338 5263 s

2324 5321 2338 5368 n

2322 5406 2338 5471 Ἰ
