4860 6180
1874 460 1972 612 'iai

431 737 507 812 viris
535 738 755 813 ecclesiasticis
777 731 817 810 de
845 739 916 824 hiis,
941 760 1003 827 quc
1029 759 1086 827 per
1112 758 1171 809 nos
1199 740 1248 808 vel
1270 747 1412 808 nostrum
1432 739 1568 824 speciale
1589 738 1773 808 mandatnm
1795 738 1872 823 ipsis
1896 743 1973 806 sunt

431 845 550 916 ablata.
592 847 627 915 Si
648 866 710 932 que
730 854 837 933 preter
857 847 914 914 boc
935 844 1020 912 iacta
1039 851 1123 928 sunt,
1146 845 1310 930 episcopus
1328 863 1385 912 suo
1408 845 1476 911 iuro
1497 849 1616 910 utatm.
1649 843 1740 925 ltam,
1762 843 1888 910 domino
1910 841 1976 927 epi·

432 967 527 1034 scopo
552 950 722 1035 dampnum
744 952 783 1034 ¹iii
806 951 917 1017 Zweiit
944 948 1071 1033 iactum,
1098 951 1269 1017 secundum
1297 949 1532 1016 estimacionem
1562 946 1621 1013 sub
1650 948 1824 1014 iuramento
1846 944 1977 1030 abipso

432 1052 578 1139 episcopo
607 1053 658 1121 vel
676 1055 744 1122 eius
765 1059 970 1139 procuratore
991 1052 1154 1121 Leonardo
1176 1052 1301 1135 betam,
1324 1053 1549 1136 persolvemus
1575 1050 1658 1116 idem
1680 1048 1829 1116 iaciemus
1847 1049 1887 1116 de
1908 1048 1977 1116 Cri-

432 1156 535 1239 nlano,
550 1156 578 1223 si
592 1155 692 1224 buter
705 1162 814 1223 noster
827 1175 889 1223 non
904 1155 1056 1224 fatebitur
1069 1157 1158 1223 nobis
1176 1158 1351 1243 precepisse
1367 1156 1400 1223 in
1415 1156 1505 1222 bonis
1527 1154 1655 1222 ecclesie
1669 1160 1863 1238 penioctnie.
1885 1153 1976 1236 Item,

433 1259 473 1329 de
485 1259 607 1328 duobus
620 1260 816 1346 patrimoniis
830 1261 969 1343 ecclesie,
984 1261 1149 1328 Tiumava
1162 1267 1196 1327 et
1207 1259 1401 1341 Cluderovo,
1419 1259 1593 1327 annasam
1604 1258 1807 1325 restituemus
1816 1257 1978 1340 integrali-

434 1367 484 1430 ter
503 1368 537 1431 et
554 1364 684 1449 pacifice
705 1363 923 1448 possidendam
937 1364 1020 1430 sicsn
1036 1365 1124 1448 prius
1145 1363 1267 1444 habuit,
1288 1382 1345 1447 pro
1367 1362 1552 1431 Cbuderovo
1573 1360 1851 1428 commutacionem
1872 1359 1978 1426 condi·

433 1483 526 1550 gnam
548 1465 698 1533 iaciemus
719 1467 751 1533 in
773 1467 841 1535 loco
863 1466 1009 1551 episcopo
1031 1467 1231 1551 competenti,
1247 1465 1401 1551 usquead
1415 1465 1666 1550 prenominatum
1685 1463 1800 1532 festum
1821 1462 1907 1530 beati
1928 1462 1979 1530 lo·

433 1568 546 1638 hannis
567 1569 745 1655 Bapnsm·

539 1670 608 1741 Hec
629 1673 735 1742 omnia
755 1672 969 1758 promittimus
990 1670 1050 1739 sub
1070 1672 1247 1740 iuramento
1268 1670 1474 1756 corporaliter
1487 1670 1620 1755 prestito
1635 1668 1810 1752 observare,
1825 1675 1859 1737 et
1872 1668 1900 1737 si
1914 1687 1977 1738 non

434 1773 711 1860 observaverimus,
733 1777 801 1861 ipse
823 1777 987 1860 episcopus
1001 1794 1059 1843 nos
1073 1776 1174 1859 possit
1199 1776 1233 1842 in
1253 1775 1380 1843 easdem
1400 1775 1575 1841 sentencias
1595 1767 1925 1841 excommunicacionis
1946 1778 1981 1840 et

316 1960 329 1967 ,⁴
348 1957 363 1966 ,,
405 1952 408 1961 ,
433 1878 595 1954 interdicti
614 1879 773 1962 reducere,
795 1898 859 1946 non
880 1879 1030 1948 obstante
1050 1879 1266 1965 appellacione
1285 1896 1307 1945 a
1326 1877 1416 1945 nobis
1430 1876 1517 1944 iacta
1528 1875 1747 1957 calfacienda,
1768 1876 1818 1943 rel
1831 1876 1895 1943 alio
1909 1875 1979 1943 iure

433 1981 519 2067 quod
544 1981 634 2052 nobis
660 1983 761 2067 possit
781 1982 929 2068 prodesse
947 1988 1072 2050 uatum
1093 2000 1189 2067 super
1209 1981 1351 2049 ardculis
1379 1982 1615 2066 prenominatis.
1659 1980 1703 2047 Et
1725 1986 1764 2047 iit
1790 1979 1849 2048 liec
1873 1979 1980 2047 omnia

434 2089 505 2153 rata
530 2091 565 2154 et
591 2085 775 2154 inconcussa
800 2091 1014 2170 permaneant,
1043 2103 1170 2169 presens
1192 2086 1344 2169 scriptum
1366 2085 1462 2169 sigilli
1483 2084 1585 2151 nostii
1606 2082 1718 2151 robore
1736 2081 1883 2150 duximus
1904 2082 1981 2150 insi·

433 2187 524 2273 gnir'i
567 2187 684 2256 Actum
704 2189 737 2256 iii
759 2188 892 2273 legnice
914 2207 998 2255 anno
1018 2187 1145 2254 Domini
1165 2185 1336 2254 noent
1359 2205 1451 2270 nono,
1477 2185 1508 2252 V
1529 2185 1691 2255 Kalendas
1712 2184 1886 2265 Februarii,
1909 2203 1980 2270 pre·

434 2289 589 2359 sentibus:
616 2289 715 2359 lintre
744 2298 851 2360 nostro
872 2290 999 2359 domino
1022 2289 1167 2359 Conrado
1188 2289 1370 2359 Patariensi
1391 2291 1502 2372 electo,
1525 2289 1679 2358 Ramoldo
1697 2288 1893 2372 cancellario,
1915 2287 1980 2355 Va·

436 2393 555 2462 lantino
586 2395 722 2477 notario,
748 2395 899 2480 magistro
924 2394 1087 2478 Tbedrico,
1116 2394 1267 2480 magistro
1297 2394 1446 2478 Iohanne,
1476 2400 1511 2461 et
1535 2393 1658 2462 nunciis
1692 2392 1810 2461 domini
1829 2391 1981 2477 episcopi

435 2496 613 2582 specialiter
638 2515 696 2583 pio
724 2496 923 2567 absoluciono
945 2505 1056 2567 nostra
1082 2499 1260 2581 desumus
1283 2499 1435 2584 magistro
1459 2497 1595 2582 Symone
1617 2497 1731 2582 priore,
1753 2495 1852 2564 irone
1870 2495 1981 2580 Moyse

435 2599 598 2686 subpriore
618 2602 719 2669 macti
740 2601 904 2670 Adalberti
923 2602 958 2669 in
980 2601 1161 2684 wratislai,
1183 2608 1217 2670 et
1237 2601 1360 2670 Ecardo
1381 2601 1529 2670 canonico
1550 2599 1811 2668 wratislaviensi

537 2789 680 2860 Eoelaia
700 2790 740 2860 de
760 2792 861 2875 Kalis,
878 2795 1149 2874 prwdopodobnie
1170 2792 1289 2858 laidet
1310 2792 1336 2858 t.
1356 2797 1472 2874 Panlo,
1493 2795 1678 2872 stradacpur‘
1690 2794 1811 2870 miejace
1821 2793 1980 2874 perbona·

436 2898 491 2960 ata
513 2898 726 2978 swerman
749 2900 886 2978 Starege.
923 2895 1047 2965 Novum
1069 2899 1499 2978 aerumnosissimae
1527 2918 1572 2962 η.
1595 2897 1700 2977 Bober,
1729 2900 1819 2976 patre
1842 2897 1896 2976 bnt
1916 2899 1980 2959 kla-

437 3006 523 3064 aztor
538 2997 717 3064 amanio
736 3005 948 3083 requiemnon,
967 3000 1095 3082 plinidj
1119 3005 1331 3083 przena'cn'ong
1358 3005 1396 3064 do
1422 3021 1458 3064 aa
1482 3003 1597 3078 scona
1641 2997 1760 3079 Znenl,
1788 2998 1856 3062 dall
1876 3020 1895 3062 z
1915 3003 1980 3062 aie·

384 3181 390 3192 ,
436 3104 552 3167 maela
584 3105 811 3183 Biacboffsdors.
870 3100 1027 3187 Crinizno,
1062 3126 1081 3168 z
1112 3108 1198 3167 nina.
1233 3105 1384 3167 Krintaclt
1439 3101 1617 3184 lbarnava,
1655 3122 1675 3165 z
1705 3106 1791 3166 alera
1829 3103 1981 3166 namne.

437 3201 632 3287 chuderovo,
650 3211 769 3287 penne
790 3206 858 3270 aza
878 3209 1013 3273 Κανών.
1056 3204 1201 3289 legnice,
1224 3203 1368 3285 liparea.

1000 3608 1074 3696 Nr.
1106 3604 1207 3696 599.
1254 3604 1416 3713 (aba)

541 3834 782 3941 boguphalus
811 3839 1002 3944 episcopus
1029 3840 1268 3925 Pannonicus.
1304 3847 1440 3924 1252
1474 3840 1560 3926 Jun.
1587 3846 1708 3938 1-4,
1740 3840 1783 3925 iii
1816 3837 1983 3946 capitulo

436 3955 697 4061 Poznnniensk
720 3977 885 4045 confirmat
904 3979 1054 4047 ecclesiae
1074 3980 1108 4047 in
1129 3979 1216 4047 Gora
1236 3981 1463 4064 possessionem
1484 3979 1677 4048 decimarum
1697 3979 1737 4047 de
1766 3979 1869 4047 tribus
1889 3978 1983 4046 uillis

540 4082 701 4146 Bibllolelra
732 4085 814 4147 M.
848 4086 1087 4165 Crartoryrlricb.
1135 4087 1207 4149 Tell
1232 4088 1463 4149 Nanazemlczc
1487 4086 1535 4160 11,
1557 4088 1609 4149 Nr.
1638 4087 1713 4152 210.
1757 4085 1799 4169 (Ζ
1817 4087 1985 4166 eruginata

436 4185 658 4370 wwgoem
684 4189 729 4270 riq
761 4204 841 4265 przy
871 4186 1000 4251 lroiciele
1026 4207 1054 4250 ar
1080 4207 1116 4250 aa
1149 4190 1231 4251 Gora
1260 4193 1325 4268 pod
1349 4209 1385 4252 ni.
1417 4191 1536 4270 Czeiuk,
1567 4190 1723 4254 ztladern
1749 4192 1985 4270 praemiarentur

436 4302 569 4372 preczfci

540 4454 578 4522 ln
598 4458 722 4524 nomine
750 4456 854 4525 Patris
882 4467 916 4527 et
942 4460 1015 4527 l'ilii
1045 4467 1078 4527 et
1104 4459 1244 4545 Spiritus
1270 4463 1370 4528 sancti
1400 4482 1502 4530 amen.
1546 4460 1701 4530 Noverint
1726 4480 1834 4530 omnes
1856 4479 1984 4546 presens

437 4557 591 4641 scriptum
613 4559 793 4643 inspecturi,
817 4563 900 4645 quod
922 4582 980 4646 ego
1002 4563 1203 4646 Bogupnalus
1226 4565 1285 4630 Dei
1298 4565 1405 4648 gracia
1420 4566 1584 4649 episeopus
1602 4565 1835 4648 Poznnniensis,
1857 4565 1897 4633 de
1912 4584 1985 4633 con-

436 4678 532 4727 sensu
550 4660 690 4747 Capituli
712 4666 772 4731 mei
795 4666 923 4733 ecclesie
943 4666 983 4733 de
1005 4666 1092 4733 Gora
1114 4668 1146 4733 in
1164 4668 1421 4734 archidiaconatu
1442 4668 1594 4752 Cyniensi
1616 4668 1752 4736 decimas
1773 4688 1853 4752 quas
1874 4669 1915 4735 ab
1928 4687 1985 4736 au·

438 4762 527 4847 tique
550 4767 651 4832 tenuit
672 4769 705 4833 in
727 4774 912 4851 perpetuum
942 4768 1092 4835 tenendas
1122 4771 1311 4851 mnfimmvi,
1338 4769 1396 4836 has
1425 4770 1578 4852 videlieet,
1605 4771 1645 4837 ilo
1671 4771 1758 4838 Gora
1781 4772 1834 4839 ubi
1854 4772 1985 4840 ecclesia

437 4865 506 4949 ipsi
524 4867 588 4934 sito
607 4875 667 4950 est,
687 4870 726 4936 de
748 4869 898 4953 Vaisevn,
925 4872 963 4937 ile
991 4870 1139 4954 Nceeczo,
1167 4873 1206 4939 ile
1234 4873 1370 4940 Misero.
1415 4874 1459 4940 Et
1487 4876 1514 4940 si
1538 4875 1570 4940 in
1600 4874 1747 4942 ilistiictu
1774 4877 1985 4960 predictarum

437 4967 582 5036 villarum
603 4973 665 5039 alie
687 4974 760 5040 ville
789 4974 985 5055 locabuntur,
1013 4982 1046 5040 et
1069 4976 1095 5039 si
1125 4975 1166 5040 nb
1188 4976 1237 5042 liis
1268 4977 1399 5042 diversis
1420 4976 1596 5044 nominibus
1618 4986 1846 5063 nuncupentur,
1877 4982 1985 5048 eodeni

437 5078 545 5166 umen
563 5073 631 5139 iure
650 5085 844 5144 censeantur.
890 5080 1003 5145 lictum
1025 5081 1057 5144 in
1077 5078 1222 5163 Cripitnlo
1245 5079 1448 5147 l‘onnanieiisi
1478 5101 1560 5147 niiiro
1589 5082 1758 5163 piaculi,
1778 5083 1807 5149 V
1830 5085 1905 5169 (sic)
1921 5085 1984 5152 No·

436 5194 497 5244 nm
516 5175 609 5258 lunii,
638 5181 834 5262 presentibus
861 5182 1013 5248 donnum:
1042 5182 1136 5248 Petro
1163 5186 1331 5266 preposito,
1362 5185 1456 5252 Petro
1477 5184 1604 5266 ciccano,
1640 5185 1780 5252 Geinnlo
1809 5188 1987 5274 monstres,

439 5277 579 5347 Iohanne
600 5280 827 5364 arcliiilineono,
853 5284 983 5365 lleli'igo
1006 5285 1144 5365 eustnle,
1166 5286 1330 5368 liliolinele,
1354 5288 1500 5368 lolinnne,
1529 5289 1670 5371 iliberto,
1699 5289 1838 5374 Nicolao,
1866 5291 1986 5376 Soplni·

436 5382 502 5461 nia,
528 5383 619 5464 lania
647 5382 830 5465 l'ericeslno,
859 5387 1002 5467 Eusebio,
1032 5388 1209 5468 l'inceiicio,
1238 5391 1394 5472 (lilerone,
1422 5391 1540 5473 llniuo,
1573 5393 1746 5473 lloguinilo,
1775 5394 1983 5478 'illuminare

436 5486 594 5553 canonicis
616 5487 889 5556 l’oznaiiiensibus.
936 5491 982 5557 Ut
1004 5498 1111 5558 auteni
1134 5492 1190 5559 lieo·
1209 5495 1411 5561 coriliiriiaeio
1434 5495 1570 5563 valitura
1595 5504 1629 5562 et
1655 5498 1687 5563 iii
1705 5505 1892 5582 perpetium
1915 5519 1986 5587 per·
