4860 6180
1895 431 1975 542 nra

999 676 1073 763 Nr.
1106 676 1205 763 614.
1248 666 1410 779 (atui)

535 873 742 959 Bolssluus'
759 875 836 959 dnn
863 873 1012 958 Polonie
1039 879 1076 958 et
1090 875 1265 980 'cupario
1292 880 1472 958 u1271
1499 873 1597 976 ing.
1615 875 1662 972 8,
1688 873 1731 956 in
1748 871 1978 975 wladislau

433 997 539 1068 villam
560 997 737 1066 Korubniki
756 996 906 1065 ecclcsiae
927 995 967 1062 de
989 994 1185 1063 Wlocluwck
1206 997 1337 1065 confert.

543 1104 738 1168 Wtoctaeek.
782 1103 901 1166 Arenio.
930 1103 1068 1180 Capituli.
1108 1103 1197 1166 Lite
1218 1106 1356 1182 prior'lep.
1376 1103 1432 1179 sol.
1454 1101 1529 1166 118.

539 1274 577 1343 ln
599 1273 726 1342 nomine
746 1271 871 1340 Domini
893 1289 995 1338 nmcn.
1039 1270 1202 1338 Bolesluus
1223 1271 1282 1338 Dei
1304 1270 1411 1356 mucia
1437 1270 1502 1339 dux
1530 1268 1658 1338 Polonic
1679 1275 1713 1338 ct
1732 1270 1881 1355 Cuyuvie,
1909 1273 1980 1340 uni·

432 1379 532 1448 rucis
556 1376 676 1446 christi
698 1374 842 1443 fidelibus
862 1375 943 1442 huuc
970 1375 1116 1458 peginam
1143 1375 1332 1460 inspecturis
1361 1374 1495 1467 salutem
1523 1374 1556 1440 in
1581 1374 1725 1442 Domino.
1770 1375 1979 1443 Universituti

432 1487 536 1550 vestre
558 1486 667 1549 notum
690 1479 830 1561 iacimus,
859 1477 944 1563 quod
965 1477 1005 1545 ob
1031 1479 1240 1546 reverenciam
1267 1479 1325 1546 Dei
1354 1485 1388 1546 et
1414 1477 1506 1546 beate
1534 1477 1636 1545 Music
1664 1479 1803 1563 virginis,
1830 1480 1980 1565 inspectis

431 1572 541 1655 multis
567 1584 711 1652 fidelibus
740 1582 878 1652 serviciis
905 1599 968 1665 quc
996 1582 1086 1648 nobis
1116 1582 1304 1649 reverendus
1333 1581 1477 1649 dominus
1499 1580 1693 1666 Wolymirus
1711 1582 1980 1650 chdisluviensis

434 1688 563 1758 ecclesie
584 1689 748 1773 episcopus
766 1684 953 1752 multociens
970 1685 1121 1765 exhibuit,
1144 1686 1205 1770 ipsi
1223 1691 1258 1753 et
1280 1685 1347 1752 suis
1369 1685 1601 1753 successoribus
1622 1684 1734 1778 villam
1756 1692 1897 1753 nostrum
1917 1705 1981 1770 que

432 1791 618 1877 Kornbnylsi
639 1791 810 1876 vulgariter
827 1795 1036 1875 nuncupatur,
1058 1789 1208 1858 situatam
1229 1790 1320 1858 iuxta
1339 1787 1508 1869 Kobilmth
1530 1794 1564 1856 et
1581 1787 1726 1863 ‚Sluwsko
1748 1789 1781 1856 in
1796 1788 1981 1858 castellania
2041 1838 2044 1845 -

437 1894 655 1979 Gmsviciensi,
678 1893 866 1964 conferimus
888 1895 921 1960 in
944 1899 1129 1977 perpetuum
1151 1893 1382 1978 possidendam,
1405 1893 1545 1961 volentes
1559 1892 1720 1960 utendum
1734 1892 1870 1979 gaudeat
1887 1892 1982 1960 liber·

434 2004 511 2082 tate,
532 2017 596 2085 quc
616 2004 719 2068 cetere
739 1996 1009 2064 Wladislavicnsis
1031 1996 1160 2065 ecclesie
1183 1999 1313 2084 unique
1330 1997 1406 2065 ville
1425 1997 1572 2081 gaudent.
1601 1995 1646 2063 Et
1666 2001 1704 2063 ut
1725 1994 1784 2063 hec
1804 1997 1982 2064 nostrudo·

434 2103 524 2172 nscio
545 2107 698 2187 perpetuo
719 2099 907 2168 inviolabilis
929 2105 1117 2184 perseveret,
1140 2099 1221 2168 hanc
1242 2101 1388 2186 peginam
1410 2101 1510 2168 nostri
1537 2099 1634 2185 sigilli
1660 2099 1832 2168 munimine
1852 2100 1982 2168 fecimus

433 2204 583 2274 roborari.
627 2205 743 2272 Actum
763 2208 798 2270 et
818 2203 927 2271 datum
947 2204 981 2270 in
1000 2202 1173 2271 Wladislov
1194 2205 1228 2271 in
1249 2204 1301 2271 dic
1321 2203 1406 2272 beuti
1429 2202 1553 2288 Cyrinci
1574 2204 1732 2288 martyris,
1754 2222 1837 2271 nnnc
1855 2204 1982 2271 Domini

434 2306 659 2389 mccnxxl,
682 2305 897 2392 presentibus:
921 2306 1047 2374 domino
1069 2307 1164 2376 Pctm
1182 2314 1291 2374 nostro
1314 2308 1510 2389 cancellario,
1537 2306 1662 2376 Mathia
1681 2307 1832 2391 palatino,
1854 2307 1982 2374 Rosnlio

436 2411 607 2481 rusteino
627 2411 668 2478 dc
692 2410 762 2478 luni
783 2409 967 2491 Wladisluv,
996 2410 1127 2478 moeno
1150 2409 1322 2478 matellam
1349 2409 1388 2477 de
1413 2408 1564 2495 Bydgost,
1594 2410 1730 2478 inciam
1756 2411 1983 2478 snccnmerario

436 2514 637 2602 Guyavlensi3
657 2514 809 2599 magistro
830 2513 961 2581 Nicolno
982 2513 1112 2598 phisico,
1134 2512 1275 2595 Nicolao,
1297 2512 1448 2597 magistro
1470 2513 1619 2595 ilenrico,
1641 2514 1799 2581 canonicis
1813 2513 1983 2581 Wladislu

434 2618 609 2701 muium
631 2617 763 2687 ilberto
784 2624 922 2699 mutare,
942 2615 1067 2701 Incubo,
1089 2616 1247 2685 canonicis
1268 2614 1547 2701 Cmsricicnsibus,
1575 2622 1610 2685 ct
1630 2615 1702 2684 aliis
1721 2635 1817 2702 quam
1838 2616 1983 2703 plurimis

539 2875 817 2956 wladislaviensis,
848 2879 886 2941 de
913 2878 1104 2941 Wloclamelc
1147 2875 1342 2961 Kombnpki,
1375 2879 1471 2941 orado
1499 2878 1613 2942 ascilla.
1657 2873 1836 2957 Kobilrath,
1867 2881 1984 2956 perric

435 2984 544 3063 apuu
563 2978 1029 3062 zan.Kobi1nich,1noyndn.
1073 2978 1379 3062 sensimsensrm.
1424 2978 1548 3047 Iuvenis
1570 2977 1755 3061 wladislau
1778 2982 1983 3044 lncmoclun

1003 3277 1078 3363 Nr.
1111 3275 1210 3365 615.
1254 3276 1416 3382 (4952)

342 3552 345 3557 .
540 3472 728 3560 munna
745 3473 904 3558 Premis]
924 3477 1001 3558 dux
1019 3475 1168 3560 Polonie
1187 3477 1326 3559 1280
1344 3475 1432 3579 ipr.
1449 3480 1647 3574 21-24,
1663 3497 1694 3564 s.
1712 3476 1757 3578 ln
1773 3493 1830 3562 nst
1850 3492 1985 3563 Iohanni

436 3601 471 3665 et
490 3594 596 3678 Petro,
618 3596 712 3664 dictis
734 3595 830 3677 Dedz,
853 3596 1013 3663 civitatem
1034 3596 1192 3680 Rogoino,
1211 3598 1280 3664 iure
1300 3595 1494 3665 i'hcutonioo
1515 3596 1687 3665 lumniam.
1815 3656 1819 3664 .

541 3701 705 3766 deductu
736 3699 807 3764 XX.
829 3701 1065 3780 czarrorysceu.
1114 3702 1185 3766 Telo·
1198 3703 1430 3765 Nururzcmiczu
1453 3702 1476 3764 1
1480 3702 1509 3762 V
1522 3704 1575 3765 Nr.
1598 3703 1627 3765 1.
1678 3703 1894 3782 (limacum
1915 3719 1986 3781 orp-

435 3806 562 3883 penam
582 3805 808 3882 metamorp
832 3822 944 3881 pnes:
977 3801 1169 3869 wladislaus
1196 3821 1252 3870 rex
1276 3802 1406 3894 Polonie
1431 3808 1491 3871 etn
1524 3801 1609 3868 1424
1634 3802 1702 3870 Iun
1735 3802 1789 3886 28,
1817 3802 1985 3871 Pounanie.

439 3907 625 3970 lachim
652 3904 808 3984 mnemon
830 3927 858 3968 rr
889 3909 1093 3983 Wurrzarrie).

539 4074 625 4142 Dum
646 4073 727 4141 vivit
746 4074 854 4143 littera
875 4077 953 4143 vivit
974 4084 1008 4144 ct
1029 4078 1112 4144 ectio
1134 4077 1250 4159 littere,
1276 4078 1366 4145 cuius
1395 4077 1531 4145 assercio
1552 4076 1656 4144 nutrit
1676 4078 1858 4145 memoriam
1882 4083 1916 4147 et
1935 4098 1986 4162 ro·

437 4178 550 4267 borata
574 4177 705 4262 suscipit
726 4178 960 4246 incrementum.
1006 4180 1107 4264 Igitur
1134 4199 1192 4247 nos
1218 4181 1372 4248 secundus
1401 4181 1533 4247 Promisl
1553 4179 1613 4247 Dei
1634 4178 1741 4263 gracia
1766 4180 1831 4247 dux
1856 4182 1986 4251 Polonic

438 4287 558 4350 statum
580 4287 664 4348 terre
686 4282 847 4364 cupientes
868 4280 1037 4350 reformare
1058 4290 1164 4350 nostre
1186 4284 1218 4350 in
1240 4283 1362 4364 melius,
1385 4284 1440 4367 qui
1462 4301 1520 4366 pro
1546 4281 1787 4365 maximaparte
1802 4290 1851 4350 cst
1865 4286 1987 4367 positus

438 4386 472 4452 in
490 4385 624 4468 deserto,
642 4384 766 4451 dilectis
788 4383 878 4451 nobis
901 4385 1086 4469 hospitibus,
1110 4387 1241 4454 Iohanni
1262 4391 1296 4453 ct
1316 4386 1411 4454 Petro
1433 4385 1528 4452 dictis
1549 4383 1646 4466 Dedz,
1668 4391 1810 4452 nostram
1824 4386 1986 4455 civitatem

438 4507 500 4574 quc
531 4489 695 4573 Rogosnnn
722 4488 894 4571 vulgariter
921 4497 1129 4574 nuncupatur,
1152 4490 1344 4558 Theutonico
1368 4491 1437 4557 iure
1456 4488 1645 4557 contulimus
1667 4488 1879 4558 collocandum
1898 4492 1988 4561 iuxta

439 4592 488 4658 ius
509 4591 729 4660 Pennanicnsc
773 4591 907 4658 Ratione
929 4599 1035 4659 autom
1056 4593 1222 4660 locationis
1244 4593 1423 4678 supradicte
1442 4593 1590 4673 civitatis,
1606 4591 1666 4675 ipsi
1681 4610 1850 4676 eorumque
1865 4613 1987 4663 succes·

437 4712 525 4761 sores
536 4700 658 4762 sextum
674 4714 815 4761 mansum
831 4693 963 4761 liberum
979 4696 1158 4779 possideant
1172 4704 1334 4781 perpetuo,
1350 4697 1478 4781 pacifice
1498 4703 1531 4763 et
1553 4697 1669 4780 quicto,
1692 4702 1725 4762 et
1738 4697 1872 4765 tercium
1887 4700 1982 4767 dena·

439 4797 522 4865 rium
542 4797 650 4865 iudicii
670 4798 710 4865 de
731 4799 814 4864 omni
830 4818 873 4864 rc.
897 4798 1084 4866 Possidcnnt
1097 4801 1195 4867 ccinm
1211 4820 1265 4866 son
1280 4801 1411 4867 macella
1426 4800 1577 4881 connium,
1589 4805 1622 4865 et
1637 4817 1693 4865 scu
1709 4799 1874 4883 pistorum,
1889 4808 1987 4871 etscx

439 4904 591 4981 sutomur,
606 4906 640 4967 ct
650 4901 713 4968 ulia
725 4901 870 4969 edificent
881 4921 937 4985 pro
950 4902 1089 4968 utilitate
1101 4905 1247 4985 civitatis,
1259 4910 1292 4970 ct
1302 4904 1448 4971 balncum
1459 4923 1555 4970 ornum
1568 4901 1724 4983 edificent,
1736 4903 1788 4969 ubi
1800 4904 1846 4970 eis
1858 4911 1892 4972 ct
1902 4907 1986 4989 ipso·

439 5003 751 5071 rumsucccssoribus
763 5004 920 5070 ridebitur
934 5004 1089 5088 expedire.
1113 5005 1149 5072 In
1163 5007 1309 5072 districtu
1325 5013 1431 5073 nutum
1447 5007 1584 5073 civitatis
1599 5006 1661 5072 inm
1676 5005 1768 5088 dicte,
1785 5008 1817 5074 in
1835 5008 1988 5076 descensu

439 5105 526 5176 fluuii
547 5104 601 5191 qui
625 5105 747 5172 Wclma
767 5107 892 5188 «licitur,
921 5108 961 5173 ab
989 5127 1083 5191 opnuc
1114 5107 1198 5189 iorni,
1232 5108 1316 5191 quod
1335 5115 1478 5175 nostrum
1509 5119 1567 5190 cst,
1601 5128 1803 5194 quascunque
1830 5111 1988 5179 utilitates

439 5227 586 5296 pmooesn
613 5210 763 5292 temporis
790 5212 968 5295 excogitare
996 5211 1144 5294 poterint,
1177 5220 1329 5296 perpetuo
1355 5232 1425 5280 cum
1452 5213 1519 5278 suis
1547 5212 1779 5279 successoribus
1808 5214 1989 5299 possideant

444 5311 572 5397 pacifice
590 5317 624 5378 ct
645 5312 760 5395 quicto.
805 5313 898 5381 Circa
919 5319 1062 5379 nostrum
1085 5333 1157 5381 veru
1178 5333 1257 5399 opus
1279 5314 1365 5399 ferri,
1394 5315 1606 5381 molendinum
1629 5335 1700 5384 curn
1721 5335 1786 5384 unu
1807 5324 1878 5385 ruta
1899 5318 1986 5386 edili-

443 5424 527 5500 ccnt,
559 5413 691 5483 liborum
721 5422 873 5502 lmrlntuo
894 5416 1107 5486 obtinendum.
1153 5418 1189 5486 ln
1212 5419 1281 5486 loco
1300 5426 1405 5487 autam
1428 5418 1627 5504 quierant
1648 5425 1778 5488 vocatur
1801 5421 1833 5490 iu
1857 5421 1987 5510 vulgari,
