4860 6180
1219 436 1293 523 Nu.
1324 434 1425 536 443.

644 631 839 718 Bolesluus
866 636 944 719 dux
965 635 1115 720 Polonie
1143 634 1380 739 1271dpr.
1407 640 1493 731 25,
1519 633 1677 733 lineium
1706 647 1814 716 veniit
1835 647 2096 718 ministerialibus

540 753 607 820 suis
633 752 756 836 incubo,
787 754 918 822 iliberto
943 762 977 822 et
1003 756 1148 823 lindreue
1180 756 1333 841 Milnsovy
1362 757 1568 824 liereditntcm
1596 753 1777 820 liumionioc
1805 771 1878 820 cum
1908 751 2024 820 eisdem
2047 753 2096 820 in·

541 854 639 939 ribus,
663 855 777 941 quibus
798 875 906 924 omncs
928 857 1049 924 nobiles
1071 877 1146 930 sune
1168 859 1315 926 Poloniue
1333 858 1491 925 fruuntur.

651 963 847 1039 iimnrspt
866 966 1092 1043 potmierdzouy
1111 983 1222 1043 prees:
1250 961 1405 1028 lohannes
1430 962 1605 1045 episcopm,
1633 957 1823 1026 Vincenclus
1850 957 2012 1042 palatinus
2033 956 2094 1024 Po·

542 1060 705 1130 snenieus.
728 1060 911 1128 Preccsious
931 1063 1099 1131 Kalisions.
1126 1065 1206 1130 iiis
1230 1063 1299 1131 luni.
1322 1064 1373 1146 17,
1396 1063 1534 1130 (iuuene.

645 1164 785 1231 Posnuii.
829 1165 951 1244 Kdriipl.
974 1171 1079 1231 Siccis
1101 1171 1189 1233 Arclu
1212 1170 1360 1233 Belerion.
1383 1171 1630 1231 Poonamounis.
1653 1164 1741 1226 1719
1761 1165 1789 1240 J,
1808 1166 1865 1242 sol.
1884 1164 1959 1228 311.

644 1366 682 1435 ln
702 1368 828 1436 nominc
848 1366 975 1435 Domini
997 1389 1097 1438 umen.
1141 1369 1224 1438 Dum
1247 1372 1325 1437 vivit
1345 1370 1455 1437 littero
1475 1369 1554 1436 vivit
1574 1372 1609 1435 et
1628 1367 1712 1435 ectio
1735 1367 1911 1448 commissu,
1933 1365 2022 1434 cuius
2044 1383 2096 1433 cs·

542 1470 643 1538 sencio
665 1471 769 1537 nutrit
790 1470 973 1538 memorium
996 1479 1029 1539 et
1050 1472 1200 1541 roborum
1220 1474 1360 1558 suscepit
1379 1474 1615 1540 incrementum.
1650 1469 1717 1536 Nos
1739 1470 1838 1554 igitur
1858 1468 2022 1536 Bolcsluus
2036 1468 2097 1536 Dei

472 1641 476 1649 ,
541 1573 649 1658 grscio
668 1573 732 1639 dun
753 1571 881 1640 Polonio
902 1580 1013 1641 notum
1035 1574 1166 1644 Domus
1187 1578 1342 1645 universis
1364 1583 1429 1644 tum
1450 1575 1649 1661 presentibus
1670 1592 1766 1658 quum
1780 1573 1897 1641 fissuris
1918 1578 2096 1658 presentem

541 1677 689 1761 moni
712 1676 911 1761 inspecturis,
935 1680 1019 1763 qnod
1042 1681 1277 1748 considerantes
1299 1680 1405 1749 fidelis
1424 1687 1458 1748 et
1479 1679 1571 1745 utilio
1592 1677 1722 1746 servicio
1749 1682 1930 1744 nostrorum
1955 1675 2097 1742 ministe·

542 1778 668 1847 nicilum
690 1777 807 1861 Iucobi,
827 1779 952 1847 eilberti
966 1787 1000 1848 ct
1012 1782 1137 1850 Andrec
1152 1782 1309 1868 llilosovy
1323 1802 1394 1850 cum
1409 1780 1554 1850 omnibus
1568 1779 1884 1863 mutmbus'ipsorum
1907 1777 2097 1845 contulimus

542 1882 589 1951 sis
609 1886 643 1948 et
672 1882 809 1967 posteris
839 1902 946 1950 eorum
974 1883 1137 1967 legittimis
1166 1886 1372 1954 hereditatem
1398 1892 1627 1966 nostrumque
1657 1881 1900 1948 Kumeneczewo
1925 1879 2098 1964 mignritor

542 1990 753 2069 nuncupetur,
775 1985 855 2052 nulli
876 1986 1086 2070 pertinentem
1109 2007 1166 2056 nec
1188 1989 1282 2055 elicui
1300 1988 1481 2072 obligatum,
1503 1985 1621 2053 neceb
1639 1984 1745 2067 aliquo
1767 1983 1829 2049 fuit
1850 2001 2006 2068 possessu,
2028 1982 2098 2049 iure

541 2086 732 2156 haeditniio
755 2087 973 2171 possidendum
995 2089 1028 2155 in
1048 2098 1246 2174 perpetuum,
1269 2109 1339 2158 cum
1357 2088 1536 2157 omnimodo
1556 2087 1705 2155 libertate
1734 2092 1768 2154 et
1789 2086 2009 2153 iurisdiccione
2035 2104 2100 2170 que

543 2206 652 2257 omnes
672 2189 794 2257 nobiles
815 2189 849 2256 in
870 2198 981 2258 nostru
998 2191 1130 2260 Poloniu
1150 2192 1365 2276 perfruuntur,
1386 2192 1532 2259 videlicet
1551 2209 1573 2257 o
1593 2189 1744 2275 porudlne
1766 2197 1800 2258 et
1820 2207 1841 2256 u
1862 2188 2003 2272 quolibet
2024 2206 2097 2256 uon·

543 2291 652 2376 ductu,
674 2311 695 2360 o
714 2292 917 2377 poduomwe,
940 2312 961 2359 u
981 2312 1099 2378 pones,
1123 2315 1143 2363 u
1162 2295 1318 2379 prounde,
1333 2314 1354 2361 u
1367 2312 1473 2376 nom,
1486 2311 1508 2360 o
1521 2292 1610 2375 bove,
1625 2311 1764 2374 onmes,
1784 2292 1825 2359 ub
1840 2292 1949 2373 uriom,
1964 2310 1986 2358 s
2000 2309 2097 2358 curru

542 2393 608 2464 leni
628 2403 663 2464 et
683 2395 801 2481 pabuli,
823 2415 844 2463 u
864 2402 969 2481 ponte,
992 2396 1032 2464 ub
1049 2398 1149 2482 opole,
1172 2417 1193 2464 u
1213 2403 1327 2479 stione,
1350 2397 1544 2465 scustrcnsi
1567 2395 1729 2478 citecione,
1752 2395 1794 2463 eb
1807 2413 1889 2462 nrnu
1906 2394 2009 2462 mellis
2023 2412 2096 2478 pro·

542 2498 696 2566 sindulis
740 2497 808 2565 Nos
835 2517 909 2566 nero
942 2500 1115 2584 recepimus
1144 2518 1203 2585 pro
1235 2499 1378 2584 predicto
1410 2498 1588 2566 hereditate
1615 2499 1781 2582 sexaginte
1809 2515 1933 2566 murcos
1963 2496 2097 2581 ungenti

543 2597 699 2668 Volumus
719 2601 829 2684 eciem,
856 2602 940 2686 qnod
966 2621 1071 2670 eorem
1103 2602 1190 2669 nullo
1216 2602 1318 2670 iudice
1344 2603 1533 2687 respondere
1563 2600 1709 2684 debeant,
1736 2600 1799 2668 nisi
1826 2618 1931 2668 eorum
1957 2599 2098 2684 pointino

543 2701 732 2771 Gnesnensi.
776 2702 952 2771 'inhermem
973 2705 1072 2772 eciem
1092 2704 1224 2772 liberum
1245 2705 1364 2773 ibidem
1385 2705 1431 2773 eis
1452 2703 1605 2786 dedimus,
1626 2709 1665 2770 ut
1686 2702 1748 2788 ipsi
1775 2721 1847 2770 cum
1875 2703 1942 2770 suis
1962 2701 2098 2787 posteris

541 2805 702 2891 audeant
723 2805 952 2890 possidendum.
997 2806 1041 2872 Et
1061 2825 1102 2874 ne
1122 2807 1237 2889 uliquis
1266 2806 1383 2874 undeet
1410 2806 1473 2873 hiis
1500 2811 1621 2873 temere
1648 2807 1816 2887 contraire,
1842 2810 2013 2872 utentem
2038 2803 2097 2871 hec

543 2907 676 2980 consuo
696 2915 807 2976 nostro
827 2914 861 2977 et
882 2907 1082 2978 confirmacio
1103 2910 1201 2977 robur
1221 2917 1373 2994 perpetue
1393 2909 1555 2976 iirmdmtis
1575 2908 1727 2989 obtineat,
1749 2914 1929 2993 presentem
1952 2907 2098 2992 peginam

542 3010 645 3081 nostri
666 3010 762 3094 sigilli
784 3011 957 3078 munimine
978 3012 1107 3079 fecimus
1129 3012 1314 3079 communiri
1332 3012 1530 3097 presentibus
1552 3011 1615 3078 hiis
1637 3012 1788 3079 testibus:
1811 3011 1926 3081 confite
1945 3010 2099 3078 Amnum·

517 3112 636 3182 .lioido
657 3113 798 3198 pclstino
820 3113 1001 3181 Gncznensi
1022 3115 1064 3180 ud
1086 3116 1174 3182 cuius
1196 3115 1382 3199 peticione·
1403 3116 1509 3182 omnio
1530 3114 1671 3198 fecimus,
1699 3114 1815 3183 comite
1837 3113 1965 3183 Simone
1985 3112 2099 3180 custel-

543 3216 617 3284 luno
638 3216 827 3300 (lneznensi,
848 3218 962 3285 comite
977 3216 1119 3284 Boncthn
1133 3216 1307 3285 custelluno
1323 3217 1363 3284 de
1377 3217 1494 3300 lende,
1516 3218 1632 3285 comite
1645 3219 1777 3286 Andreu
1791 3218 1895 3285 iudice
1909 3214 2098 3298 Gneznensi,

544 3323 579 3386 ct
599 3318 671 3386 eliis
689 3336 785 3403 quem
806 3318 951 3405 plurimis
972 3319 1087 3387 ibidem
1108 3318 1282 3403 iidedignis.
1326 3320 1445 3388 Dotiim
1466 3320 1596 3389 Gnczne
1617 3321 1668 3389 die
1682 3321 1782 3389 Murci
1801 3320 1992 3405 cnongeliste
2013 3335 2097 3387 enno

543 3421 649 3506 gruum
669 3420 796 3488 Domini
818 3421 1043 3489 sisoim.
1089 3421 1276 3507 Conscripte
1297 3429 1373 3491 sunt
1393 3430 1499 3492 eutem
1521 3425 1580 3492 liec
1601 3425 1641 3493 de
1662 3425 1812 3494 mundmo
1833 3431 1944 3491 nostro
1959 3442 2017 3508 per
2030 3441 2098 3490 ms·

520 3541 605 3620 'nus
623 3523 796 3592 chhurdi
817 3524 890 3609 (sic)
909 3525 1026 3592 notorii
1048 3524 1133 3591 curie
1153 3530 1272 3594 nostre.

520 3662 525 3674 ⁸
647 3711 900 3793 mmmmm,
922 3715 1105 3779 romense.
1150 3712 1269 3797 senis
1292 3718 1369 3802 nen.

1217 4010 1290 4098 Nr.
1322 4011 1422 4098 444.

647 4204 839 4289 Boleslous
867 4205 1267 4290 duxPoloni01271
1299 4210 1370 4292 oct.
1391 4214 1467 4308 31,
1492 4211 1535 4293 in
1566 4210 1832 4315 Junelodslum
1868 4250 1938 4297 cum
1983 4229 2101 4297 ordino

501 4329 505 4336 ’
544 4325 821 4408 Theiitonieorum,
843 4328 965 4393 ratione
987 4328 1170 4395 damnorum
1193 4349 1275 4413 quoe
1294 4329 1435 4398 homines
1456 4334 1506 4397 sui
1535 4334 1619 4399 villis
1646 4335 1800 4417 pruuiicti
1830 4333 1959 4400 Ordinis
1986 4333 2100 4399 intule-

544 4436 628 4513 runt,
651 4431 908 4514 compositionem
930 4431 1015 4498 iacit.

650 4539 791 4614 Perpum.
814 4540 1003 4615 orypt'nulup.
1049 4539 1147 4615 Ilulrsp
1166 4538 1257 4615 brzep
1279 4537 1375 4622 iciptp
1393 4558 1420 4598 ro
1440 4540 1586 4614 stramen,
1608 4539 1699 4620 luidry
1718 4559 1814 4619 przez
1828 4543 1949 4624 ncipuic
1968 4556 2099 4618 poprzc·

546 4656 619 4703 esne
638 4642 864 4718 przeuteczoup
884 4641 986 4717 euripi
1009 4643 1047 4700 ilo
1067 4644 1303 4718 przpndcszeniu
1325 4639 1445 4716 :uuinidj
1464 4640 1531 4702 dsis‘
1549 4647 1693 4727 pieczpci.

655 4743 840 4805 Warezarra.
886 4745 1054 4804 Arcliimnni
1082 4740 1212 4805 thmine.
1259 4746 1395 4820 Iliplomu
1419 4745 1472 4807 Nr.
1494 4745 1523 4806 3.
1543 4780 1587 4792 -
1610 4747 1724 4825 Depiei
1753 4747 1821 4808 Cod.
1843 4747 2026 4824 diplomatis.
2050 4746 2105 4809 W

545 4861 579 4922 p.
600 4843 652 4906 30.
674 4878 718 4892 -
740 4842 964 4921 Sironmzpriuni
995 4845 1112 4923 erp,
1136 4847 1190 4908 nn.
1214 4846 1264 4907 14.

649 5044 716 5113 Nos
737 5046 904 5114 Boleslnus
926 5046 982 5112 Dei
1005 5048 1113 5126 pincis
1134 5047 1197 5114 dux
1219 5049 1348 5115 Polnnic
1370 5049 1411 5116 nd
1441 5048 1589 5116 noticiam
1616 5050 1832 5118 uiiiveisorunr
1863 5051 1976 5118 iiuruini
2010 5050 2099 5117 tmui-

498 5194 502 5200 -
545 5148 651 5215 monio
672 5148 850 5216 reducimus
873 5150 1067 5234 prolitentes,
1098 5150 1182 5232 quod
1212 5151 1295 5218 intuu·
1324 5171 1382 5218 nos
1404 5159 1437 5218 et
1458 5152 1608 5220 diluuium
1631 5155 1766 5220 ouiicuni
1794 5159 1940 5221 nostruin
1969 5153 2100 5224 iintrcin
